2032 3248
188 1509 301 1554 WG

177 1892 338 1927 Appendix.

154 2650 190 2679 Co
196 2652 248 2679 dex
260 2650 355 2677 Paris.

218 2699 293 2724 1922.

369 227 485 257 LVIII

371 317 444 373 (56
462 317 622 359 omittit
644 317 768 360 codex
790 318 959 373 14460).
984 318 1020 359 7.
1044 318 1110 369 76,
1138 316 1257 366 Quod
1281 317 1393 359 idola
1410 317 1474 358 dii
1491 329 1576 359 non
1592 318 1692 368 sint,
1714 316 1779 360 De
1794 318 1881 360 sin-

366 391 596 446 yularitate
624 391 881 443 clericorum,
912 391 978 434 De
998 392 1154 434 duobus
1181 392 1400 443 montibus,
1432 393 1549 446 epist.
1567 393 1605 435 6.
1629 393 1696 436 55.
1720 393 1787 435 28.
1814 393 1879 435 11.

369 467 437 509 39.
460 467 528 509 58.
551 467 606 509 69
635 467 872 521 (dimidiam
893 467 988 509 inde
1010 480 1033 509 a
1053 467 1253 520 quaesisti
1277 486 1326 502 z
1349 480 1387 520 p.
1413 467 1598 522 1ἶ60,14).
1630 467 1698 509 48.
1721 468 1788 510 66.
1810 467 1879 519 40,

368 541 441 583 Ad
467 540 700 590 Quirinum
720 541 875 583 librum
896 541 916 582 I
939 542 979 583 et
1000 541 1042 582 II
1066 542 1106 583 et
1123 541 1436 584 Reuelationem
1457 543 1611 595 capitis
1631 542 1739 584 beati
1755 542 1882 584 Ioan-

368 616 439 657 nis
473 616 678 668 baptistae
715 617 845 669 (deest
878 616 979 658 haec
1014 617 1196 658 narratio
1232 617 1274 658 in
1305 616 1441 659 codice
1481 617 1602 671 1654,
1640 617 1756 659 cuius
1791 617 1881 659 loco

369 690 586 734 Sermones
606 691 654 732 cle
677 691 830 732 Maria
851 691 1076 744 adduntur)
1086 692 1138 747 *).
1169 692 1212 733 hi
1233 693 1317 733 tres
1340 692 1497 734 codices
1519 691 1881 746 interpolatissimi

369 777 538 819 operum
566 766 688 820 longe
708 766 934 808 maximam
955 767 1115 821 partem
1137 766 1232 808 inde
1253 767 1303 809 ab
1327 767 1505 821 epistula
1526 767 1579 808 37
1602 779 1731 820 usque
1753 767 1805 808 ad
1824 767 1883 809 40

368 841 547 902 exceptis
569 840 725 882 libellis
741 839 807 882 De
827 841 1128 895 sinyularitate
1148 841 1391 883 clericorum
1412 842 1453 884 et
1468 840 1535 884 De
1556 841 1713 883 duobus
1732 841 1884 882 monti-

369 914 444 957 bus
464 915 687 957 immutato
708 915 848 957 ordine
869 928 916 957 ex
938 916 1073 958 codice
1085 915 1325 959 Oratoriano
1344 916 1416 973 (o),
1439 917 1487 958 de
1509 928 1587 970 quo
1603 915 1883 971 p.XXXVIII

371 990 451 1045 egi,
494 991 752 1043 receperunt3
793 990 953 1044 reliqua
992 991 1098 1032 unde
1138 991 1250 1033 nacti
1291 991 1385 1042 sint,
1428 991 1576 1043 neseio,
1619 991 1691 1033 sed
1730 991 1884 1045 proprii

368 1064 474 1106 nihil
509 1064 665 1106 habent
699 1064 779 1106 nisi
815 1064 1152 1118 interpolationes
1186 1066 1400 1107 maximas.
1437 1065 1595 1108 codices
1621 1065 1782 1119 praeter
1815 1076 1882 1107 eos

369 1152 468 1194 quos
499 1140 713 1182 nominaui
741 1140 784 1181 in
813 1139 1076 1182 bibliothecis
1108 1139 1268 1182 Galliae
1290 1139 1535 1182 Germaniae
1566 1140 1715 1182 Italiae
1744 1139 1883 1182 inueni

367 1214 615 1269 permultos3
652 1214 769 1256 nulla
799 1214 910 1255 enim
943 1214 1119 1267 amplior
1151 1214 1404 1257 bibliotheca
1435 1216 1582 1267 exstat,
1618 1215 1662 1256 in
1693 1227 1774 1268 qua
1805 1226 1884 1256 non

369 1288 563 1344 Cypriani
613 1289 710 1331 libri
757 1291 1030 1331 asseruentur.
1079 1289 1150 1331 sed
1190 1290 1485 1344 uulgatissima
1524 1291 1690 1332 tantum
1731 1289 1884 1344 scripta

370 1377 495 1418 eaque
517 1364 885 1419 interpolatissima
907 1364 1112 1416 exhibent,
1141 1377 1266 1418 quare
1288 1377 1354 1406 eos
1377 1364 1603 1407 describere
1625 1377 1769 1418 operae
1789 1377 1883 1418 pre-

371 1439 479 1481 tium
494 1452 572 1481 non
586 1440 658 1480 est.
675 1439 793 1481 binas
806 1439 981 1493 denique
993 1440 1192 1493 epistulas
1204 1440 1376 1482 rariores
1391 1441 1420 1481 4
1433 1441 1473 1481 et
1486 1440 1543 1482 80
1551 1439 1885 1494 Wirceburgensi

372 1514 427 1557 56
445 1513 536 1569 (W)
555 1526 659 1557 saec.
682 1514 742 1554 IX
761 1513 826 1569 (Ρ),
850 1514 906 1555 80
926 1515 967 1556 et
989 1514 1040 1555 81
1061 1513 1320 1569 Sangallensi
1340 1514 1427 1558 454
1444 1513 1516 1570 (G)
1535 1526 1636 1557 saec.
1661 1514 1722 1555 IX
1743 1514 1883 1557 debeo,

874 1707 1065 1786 Caput
1105 1707 1371 1771 tertium.

429 1874 623 1931 Cypriani
664 1875 856 1930 operibus
897 1876 1086 1931 genuinis
1117 1875 1402 1930 Appendicem
1437 1875 1569 1918 adieci
1605 1875 1759 1928 scripta
1794 1875 1881 1917 eius

372 1951 640 2005 suppositicia
674 1964 754 1994 non
789 1964 892 2005 quae
928 1951 1179 1993 editionibus
1213 1951 1403 1993 feruntur
1436 1950 1587 2001 omnia,
1625 1950 1696 1992 sed
1729 1949 1882 1992 selecta

372 2027 782 2081 conprehendentem.
818 2026 981 2081 neglexi
1013 2039 1110 2068 uero
1141 2039 1188 2068 ea
1221 2038 1324 2080 quae
1357 2025 1507 2079 quibus
1540 2025 1777 2067 auctoribus
1809 2026 1882 2067 ad-

371 2101 587 2144 scribenda
609 2102 693 2144 sint
713 2101 835 2143 hodie
857 2102 922 2144 sat
944 2102 1051 2143 certo
1074 2101 1249 2151 constat,
1273 2100 1390 2142 uelut
1407 2099 1545 2142 Rufini
1561 2099 1882 2152 Expositionem

371 2177 422 2218 in
472 2176 711 2229 Symbolum
761 2176 1042 2230 apostolorum
1090 2177 1131 2218 et
1179 2175 1355 2217 Arnoldi
1405 2174 1665 2217 Carnotensis
1717 2175 1882 2217 abbatis

369 2251 507 2292 Bonae
529 2251 663 2292 Vallis
693 2251 938 2304 opusculum
959 2249 1025 2292 De
1053 2250 1346 2291 cardinalibus
1369 2248 1532 2291 Christi
1567 2249 1756 2302 operibus
1791 2263 1881 2292 am-

370 2325 624 2379 plissimum,
654 2325 762 2379 quod
792 2338 884 2367 cum
915 2324 1089 2378 reliquis
1118 2324 1304 2367 eiusdem
1333 2324 1512 2366 auctoris
1542 2324 1708 2376 scriptis
1738 2324 1881 2367 Fellus

373 2400 415 2442 in
439 2400 618 2442 editione
640 2399 765 2442 Oxon.
798 2400 1058 2442 emendatius
1089 2400 1233 2451 edidit,
1264 2399 1410 2441 deinde
1440 2411 1486 2440 ea
1511 2398 1555 2440 in
1576 2399 1726 2451 quibus
1757 2412 1881 2454 argu-

417 2527 448 2570 *)
468 2526 525 2561 fol.
555 2527 638 2560 183b
663 2526 701 2560 in
726 2526 819 2560 calce
843 2525 914 2560 cod.
942 2528 1030 2560 1654
1054 2525 1204 2570 legitur:
1233 2525 1290 2559 hic
1316 2527 1366 2558 est
1383 2524 1472 2558 liber
1488 2511 1564 2559 εἴ
1556 2524 1661 2560 Petri
1677 2524 1884 2559 sollatensis

370 2583 497 2628 beatiq.
516 2584 650 2618 Mauri
678 2584 829 2618 abbatis.
859 2583 972 2627 siquis
998 2593 1078 2617 eum
1102 2583 1146 2617 ab
1164 2582 1287 2617 eadem
1315 2583 1465 2617 ecclesia
1488 2582 1625 2624 fraude
1650 2583 1774 2626 aliqua
1798 2582 1880 2616 sub-

370 2641 540 2685 traxerit,
565 2642 611 2676 sit
628 2641 823 2675 anathema
840 2641 913 2675 nisi
929 2641 1139 2675 restituerit.
1160 2661 1201 2665 —
1221 2640 1393 2684 epistulas
1417 2639 1534 2674 eodem
1558 2640 1679 2674 ordine
1703 2641 1808 2683 atque
1826 2639 1882 2673 illi

370 2699 443 2731 tres
468 2697 550 2732 inde
575 2698 619 2732 ab
645 2698 801 2742 epistula
824 2701 866 2732 57
895 2708 1004 2742 usque
1030 2697 1073 2731 ad
1092 2701 1134 2731 63
1160 2698 1303 2732 exhibet
1328 2697 1432 2731 codex
1450 2697 1661 2731 Parisiensis
1682 2700 1767 2730 1922
1794 2707 1880 2730 saec.

371 2755 482 2795 XIII;
509 2755 634 2790 deinde
659 2756 856 2790 adduntur:
883 2756 1037 2800 epistula
1061 2759 1114 2797 56,
1140 2756 1237 2789 Mihi
1261 2755 1404 2799 quidem
1428 2754 1635 2797 fidelissime
1654 2766 1759 2798 papa
1777 2754 1881 2788 Lau-

371 2812 469 2846 renti
504 2813 563 2855 (z
588 2813 782 2856 Eaepositio
813 2813 944 2855 Rufini
975 2813 1016 2846 in
1049 2813 1245 2857 symbolum
1281 2812 1554 2856 apostolorum),
1593 2811 1654 2845 Ad
1686 2811 1883 2856 Quirinum

371 2868 461 2903 liber
486 2869 505 2902 Ι
532 2870 566 2903 et
587 2869 624 2903 Il
642 2871 677 2903 et
696 2870 845 2904 aliorum
865 2871 1004 2914 scripta.
