2032 3248
323 218 409 260 442

370 320 577 355 caecitatem
607 318 784 352 luminum
807 319 885 360 302,
912 319 974 358 27,
1009 330 1070 363 pa-

368 366 459 401 titur
495 365 674 408 lapsorum
710 376 807 398 mens
833 364 925 408 quod
949 375 1071 409 corpo-

369 413 491 446 raliter
531 410 629 455 aegri
668 410 855 454 patiuntur
894 410 972 452 569,
1010 411 1071 453 18,

368 468 471 492 nemo
506 456 594 491 fecit
628 456 734 490 alteri
759 455 852 500 quod
875 456 953 501 pati
978 457 1015 500 (i.
1042 467 1069 491 e.

369 503 439 538 sibi
463 502 556 545 fieri)
577 502 694 536 uoluit
710 501 742 536 V
758 513 786 536 c.
803 503 843 544 9;
868 502 1071 547 (scriptura)

368 548 614 583 uerecundiam
650 558 753 592 passa
783 548 863 592 plus
888 548 1073 582 interdixit

370 596 453 638 quia
476 594 593 628 tacuit
616 594 647 628 A
672 594 704 636 5,
730 594 774 628 15

324 641 500 686 patientie¹
524 640 640 684 stupri
663 639 742 683 200,
769 640 830 682 16,
854 660 897 665 -
918 640 1073 674 incestae

369 686 606 731 turpitudinis
648 686 704 729 10,
744 687 784 725 9;
830 706 866 710 ——
905 685 1072 720 sanitatis

323 779 480 823 patrium
505 779 541 812 et
564 777 727 812 diuinum
751 789 878 812 munus
903 777 982 821 204,
1007 778 1029 812 5

323 824 541 869 patrocinari
577 824 686 858 alicui
719 824 798 866 455,
823 824 845 858 6
871 828 904 858 et
928 823 1074 865 saepius

322 870 487 914 paulum:
504 871 585 914 post
600 870 746 914 paulum
762 870 893 904 dicturi
908 871 940 903 A
958 869 1033 911 107,
1053 868 1074 902 9

325 916 479 960 paxillus
503 916 535 950 A
563 916 639 959 161,
664 916 687 950 4

323 973 466 1007 peccare
505 962 628 1006 grauia
669 962 747 1002 228,
789 962 826 1003 1;
863 980 903 986 —
939 960 1075 995 minora

369 1008 446 1048 750,
474 1008 517 1042 19

325 1056 485 1099 peccator
508 1053 615 1095 filius,
644 1054 794 1097 populus
819 1057 882 1088 etc.
909 1053 987 1095 273,
1012 1052 1074 1094 25;

370 1100 448 1141 346,
475 1099 535 1140 17,
568 1099 646 1140 449,
670 1099 711 1141 4,
736 1099 814 1140 641,
839 1099 879 1141 7,
909 1099 985 1140 737,
1013 1098 1075 1140 21,

370 1146 398 1180 A
426 1145 481 1188 60,
508 1145 570 1187 20,
610 1147 806 1189 peccatores
842 1145 957 1179 nostri
983 1145 1020 1188 (i.
1046 1155 1074 1178 e.

371 1191 432 1235 qui
457 1202 541 1235 erga
564 1202 627 1225 nos
652 1193 899 1236 peccauerunt)
923 1191 1001 1232 284,
1026 1190 1048 1224 9

325 1237 472 1282 pendere
498 1236 543 1271 ad
567 1238 777 1271 sententiam
817 1237 951 1271 domini
976 1238 1075 1280 (opp.

370 1284 494 1318 statim
520 1283 691 1326 coronari)
716 1284 794 1324 638,
820 1284 862 1317 21

323 1340 428 1374 penes
455 1331 513 1372 (=
538 1328 644 1373 apud)
669 1329 748 1367 529,
775 1329 828 1364 12.
849 1330 909 1371 17,
934 1327 1011 1369 530,
1038 1329 1078 1369 53

370 1375 449 1418 531,
465 1375 509 1417 4;
534 1376 611 1417 532,
632 1376 673 1409 13
691 1376 794 1417 (sunt
816 1376 884 1409 loci
901 1375 1079 1418 epistulae

371 1421 414 1455 de
450 1432 524 1465 qua
560 1421 729 1463 conferas
765 1432 857 1465 quae
894 1422 934 1455 in
965 1431 1100 1464 p·rae—·

368 1467 508 1509 satione
529 1478 568 1510 p.
595 1467 786 1502 XLVIII
803 1478 853 1511 sq.
894 1466 1080 1510 exposui);

376 1523 480 1557 penes
506 1512 691 1557 Scythicas
715 1513 773 1547 uel
793 1513 884 1557 apud
902 1511 1079 1547 Busiridis
1100 1534 1102 1556 =,

375 1569 454 1592 aras
478 1561 509 1593 A
533 1559 610 1599 289,
639 1559 680 1593 16

328 1604 559 1648 penetrabilis
584 1604 718 1638 orbitas
743 1605 772 1639 A
797 1604 876 1646 282,
901 1605 944 1639 19

377 1742 493 1776 uoluit
517 1742 694 1786 penetrari
718 1742 749 1776 A
777 1742 853 1785 193,
879 1743 900 1776 6

328 1787 487 1832 penitius
523 1789 694 1832 inspicere
729 1788 867 1832 aliquid
901 1788 933 1822 A
958 1788 1011 1829 27,
1040 1787 1081 1821 13

378 1834 439 1877 (cf.
463 1834 543 1876 420,
566 1834 625 1878 23)

329 1890 476 1924 pensare
494 1882 553 1924 (z
570 1881 806 1925 compensare)
823 1879 900 1922 245,
918 1880 980 1921 223
1004 1879 1082 1920 368,
1101 1889 1104 1903 ’

377 1926 440 1965 213
465 1926 543 1968 577,
570 1927 636 1967 15,
661 1926 737 1967 830,
764 1926 804 1968 9,
829 1926 970 1960 litterae
989 1936 1083 1959 meae

377 1982 438 2016 per
474 1971 671 2006 absentiam
704 1982 818 2006 meam
843 1971 1083 2016 frequentiam

377 2018 540 2052 omnibus
565 2019 804 2062 pensauerunt
828 2017 859 2052 A
886 2017 961 2059 174,
988 2017 1032 2052 10

332 2072 479 2106 pensus:
520 2065 634 2098 maius
671 2065 707 2098 et
741 2064 884 2108 pensius
915 2063 957 2098 de
992 2063 1083 2097 mul-

377 2111 495 2143 torum
544 2110 733 2144 collatione
777 2109 966 2144 consilium
1006 2109 1083 2149 649,

376 2155 423 2190 24
448 2156 644 2201 (inpensius
668 2156 747 2198 262,
771 2156 834 2198 233
858 2155 936 2198 833,
963 2155 1019 2198 14)

330 2210 413 2244 per:
437 2212 499 2246 per
524 2212 648 2246 aquam
680 2202 718 2246 (i.
745 2213 772 2236 e.
798 2202 990 2243 diluuium)
1016 2200 1084 2234 sal—

378 2258 462 2281 uum
500 2248 576 2282 fieri
602 2249 679 2289 751,
706 2248 767 2287 16;
804 2249 845 2281 ut
874 2247 949 2282 Noe
975 2257 1084 2291 genus

377 2304 439 2338 per
463 2293 556 2328 illud
581 2296 779 2328 seruaretur
803 2294 834 2328 A
859 2294 936 2334 134,
963 2293 1000 2335 7;
1024 2303 1086 2337 per

378 2350 496 2373 omnes
513 2340 591 2373 uias
609 2350 746 2374 seruare
768 2340 847 2381 473,
870 2340 910 2378 83
934 2350 995 2384 per
1012 2349 1085 2373 om-

379 2395 441 2418 nes
483 2386 714 2420 contumelias
751 2386 882 2420 calcare
918 2385 996 2426 470,
1025 2384 1084 2426 143

379 2441 440 2475 per
464 2431 608 2465 idoneas
625 2431 823 2466 occasiones
840 2431 1086 2465 transmittere

379 2476 458 2517 488,
487 2478 546 2519 15;
585 2477 677 2521 quod
713 2477 860 2512 necdum
886 2477 983 2511 edere
1007 2486 1105 2520 pos-.

381 2523 435 2556 set
459 2533 520 2566 per
543 2525 697 2557 aetatem
721 2524 798 2565 255,
825 2524 865 2565 5,
888 2534 950 2568 per
969 2523 1085 2557 omnia

381 2569 439 2609 (z
465 2569 501 2602 in
526 2569 700 2611 omnibus,
725 2570 875 2603 omnino.
902 2569 947 2611 cf.
966 2568 1084 2603 Hand
1104 2589 1105 2594 =

383 2614 487 2648 Turs.
515 2614 579 2648 IV
598 2617 698 2657 447):
724 2615 801 2655 276,
827 2615 889 2657 24,
919 2615 998 2657 477,
1025 2615 1086 2657 15,

381 2659 459 2701 644,
485 2660 525 2701 3,
566 2661 640 2701 773,
667 2662 705 2700 73
743 2661 818 2702 776,
845 2663 883 2703 5,
920 2661 996 2702 826,
1025 2661 1085 2703 13,

381 2704 411 2738 A
439 2705 492 2746 14,
518 2706 578 2747 11,
603 2717 663 2750 per
688 2707 825 2741 occulta
858 2707 981 2740 fallere
1007 2706 1083 2748 201,

383 2752 443 2792 19,
468 2761 529 2795 per
552 2753 669 2786 totum
694 2753 831 2786 textilis
848 2753 924 2794 216,
945 2752 1005 2792 10,
1025 2763 1086 2796 per

381 2796 446 2830 hoc
471 2798 529 2841 (z
555 2798 617 2840 sic)
644 2798 719 2839 729,
747 2799 807 2838 19,
832 2809 894 2843 per
919 2809 999 2833 cum
1023 2798 1085 2832 ab·

1022 215 1164 250 Index

1153 319 1290 354 latiuo:
1328 321 1359 352 A
1385 320 1459 361 104,
1499 321 1559 362 13,
1596 320 1626 355 Α
1652 321 1727 363 107,
1759 322 1798 362 6,
1823 321 1855 356 Α

1155 366 1232 408 110,
1259 365 1309 399 17.
1339 366 1398 407 18,
1426 366 1457 400 Α
1483 367 1558 409 113,
1586 367 1628 401 17

1108 411 1326 454 perabjectus
1351 410 1382 445 A
1408 412 1462 454 52,
1488 413 1509 447 5

1107 457 1289 537 perblibere
1313 457 1428 491 animo
1454 458 1597 494 sitiente
1622 460 1762 494 litteras
1779 460 1857 502 557,

1109 559 1308 593 percensere
1333 548 1441 583 uerba
1465 552 1494 582 A
1521 550 1575 591 72,
1600 551 1622 585 5

1110 594 1284 639 percipere
1310 594 1544 630 sacerdotium
1571 597 1646 639 757,
1672 598 1694 632 3

1109 641 1400 685 percrebrescere:
1426 641 1507 676 inde
1523 643 1638 687 magis
1656 642 1794 677 facinus
1811 643 1865 677 fa-

1157 686 1223 720 cile
1247 686 1463 731 percrebruit
1488 688 1601 722 altum
1626 689 1657 722 A
1681 690 1759 730 311,
1787 690 1831 724 78

1110 733 1266 777 percussi
1302 732 1414 766 animi
1450 734 1620 768 caecitate
1652 735 1730 776 261,
1755 736 1794 777 9;
1821 754 1865 761 -—

1158 778 1277 812 dolore
1301 778 1379 819 572,
1398 779 1457 820 12,
1485 790 1648 823 percussa
1667 792 1766 815 mens
1784 781 1861 823 681,

1162 825 1203 859 11
1230 823 1291 868 (cf.
1316 825 1495 869 perculsus
1533 826 1670 860 animus
1706 827 1783 867 604,
1808 827 1863 870 9);

1156 870 1331 905 diuinitus
1349 871 1504 915 percussi
1534 882 1662 915 poenas
1693 872 1864 917 pepende-

1156 918 1240 950 runt
1267 916 1342 957 757,
1368 916 1407 958 4,
1433 917 1508 957 755,
1537 918 1598 957 11,
1622 918 1700 960 273,
1725 919 1763 960 8,
1788 929 1865 963 per-

1158 973 1259 997 cussa
1283 963 1446 1006 Aegypto
1473 963 1549 1004 367.
1577 965 1618 998 17

1110 1008 1263 1053 perditio
1289 1008 1367 1049 390,
1392 1010 1431 1050 5,
1458 1011 1486 1041 Α
1514 1009 1588 1052 120,
1617 1010 1658 1044 11

1112 1054 1267 1099 perditor
1293 1053 1454 1088 caritatis
1481 1054 1561 1096 694,
1587 1056 1608 1091 5

1112 1100 1272 1145 perditus
1296 1101 1522 1144 pecuniarum
1547 1101 1579 1134 A
1603 1101 1657 1143 98,
1686 1102 1705 1136 7

1094 1145 1328 1191 ,peregrinari
1353 1145 1397 1179 ab
1422 1147 1595 1180 extraneis
1628 1147 1769 1182 feminis
1794 1147 1864 1182 cle-

1158 1192 1223 1226 rici
1248 1192 1469 1226 reluctantur
1493 1193 1525 1226 A
1549 1193 1625 1235 206,
1654 1194 1696 1227 19

1096 1248 1290 1282 ³pererrare
1313 1248 1375 1281 per
1401 1238 1603 1281 prouincias
1628 1240 1704 1281 686,
1731 1241 1753 1274 5

1095 1281 1264 1328 {perferre
1301 1283 1439 1327 aliquid
1476 1287 1490 1328 (

1574 1285 1650 1329 pati
1675 1296 1785 1329 usque
1822 1285 1867 1320 ad

1160 1330 1279 1373 finem)
1316 1329 1394 1371 405,
1433 1330 1495 1370 28,
1530 1330 1609 1371 408,
1634 1332 1696 1373 20,
1732 1332 1763 1365 Α
1788 1331 1866 1372 307,

1161 1377 1222 1415 55;
1246 1396 1292 1401 ——
1316 1386 1451 1410 crucem
1488 1376 1564 1417 705,
1599 1377 1639 1416 43
1673 1397 1713 1403 -
1739 1377 1867 1411 merita

1163 1422 1207 1456 ad
1243 1421 1348 1455 finem
1385 1433 1495 1466 usque
1532 1422 1610 1463 503,
1635 1423 1674 1462 9;
1701 1443 1742 1448 -
1767 1422 1867 1457 indu-

1163 1469 1282 1502 menta
1307 1467 1440 1502 Christi
1465 1469 1542 1509 318,
1569 1469 1629 1511 21;
1659 1489 1698 1494 —
1718 1468 1869 1513 gloriam

1164 1513 1388 1558 uirginitatis
1415 1514 1490 1554 195,
1513 1515 1552 1554 93
1579 1535 1620 1539 —
1639 1514 1868 1549 confessionis

1164 1570 1328 1593 coronam
1353 1559 1431 1600 649,
1458 1561 1518 1601 19;
1547 1579 1584 1584 —
1608 1561 1763 1605 gratiam
1788 1561 1867 1602 394,

328 1652 512 1695 penetrare
548 1652 665 1685 castra
700 1650 732 1685 A
759 1651 836 1693 193,
873 1650 934 1692 193
958 1670 1003 1675 —
1028 1631 1102 1683 in-³3
1165 1606 1228 1645 20,
1321 1606 1493 1640 aunhum
1517 1607 1593 1647 3ίᾶ
1622 1607 1664 1640 12

375 1696 507 1730 teriora
530 1697 682 1741 pectoris
706 1697 736 1730 A
762 1697 840 1738 213,
858 1696 922 1738 24,
946 1696 1022 1740 ipse
1047 1699 1102 1736 se,

1101 1737 1314 1787 *periculum
1338 1742 1423 1777 fidei
1446 1743 1525 1785 564,
1552 1744 1570 1777 7

1101 1789 1293 1834 ‘perierare
1318 1789 1372 1829 21,
1398 1790 1436 1831 6,
1462 1790 1491 1822 Α
1518 1790 1593 1831 101,
1623 1789 1666 1823 13

1119 1651 1266 1695 perfidia
1285 1653 1341 1692 (z
1354 1651 1606 1696 irreligiositas
1634 1648 1864 1697 ‘Unylawbe')

1167 1697 1242 1739 777,
1268 1697 1312 1730 20
1337 1701 1370 1731 et
1398 1708 1506 1741 saepe

1119 1835 1328 1880 perimplere
1352 1834 1429 1876 447,
1459 1835 1501 1869 17

1119 1881 1372 1926 peripateticus
1410 1883 1506 1925 (opp.
1532 1881 1693 1925 clinicus)
1726 1882 1802 1922 765,
1828 1881 1871 1916 18

1101 1928 1231 1972 {perire
1268 1927 1312 1961 ab
1349 1927 1468 1971 aliquo
1505 1927 1581 1968 689,
1608 1928 1647 1969 6,
1682 1929 1868 1972 pereuntes

1168 1975 1224 2017 (z
1248 1972 1392 2017 perditi)
1419 1974 1496 2014 255,
1522 1973 1542 2006 6

1121 2019 1308 2064 permittor
1333 2020 1392 2059 (z
1417 2019 1505 2053 mihi
1541 2019 1638 2063 licet)
1671 2019 1701 2053 A
1726 2018 1802 2060 208,
1829 2018 1867 2061 6,

1121 2065 1309 2156 pegigit&-
1326 2066 1364 2154 ᾗ),
1390 2111 1429 2152 9,
1454 2110 1575 2155 pernix
1599 2112 1630 2145 A
1656 2111 1731 2152 131,
1757 2110 1778 2144 5

1121 2157 1378 2202 perperituram
1411 2158 1535 2201 erogat
1559 2156 1809 2191 fortitudinem
1835 2155 1867 2190 A

1121 2203 1315 2294 ρθὲἕοξὲἃᾷἓ
1333 2248 1364 2283 A
1389 2249 1422 2290 8,
1446 2249 1478 2282 4.
1504 2248 1525 2281 5

1121 2294 1331 2340 perscriptio
1356 2293 1479 2328 diuina
1504 2293 1581 2334 736,
1609 2294 1650 2327 11

1121 2342 1339 2385 perscrutare
1363 2340 1516 2384 aliquem
1541 2339 1572 2373 A
1597 2339 1651 2380 94,
1678 2338 1722 2372 10

1123 2387 1308 2431 persicum,
1334 2386 1347 2420 i
1371 2385 1402 2419 A
1426 2385 1505 2427 295,
1535 2385 1600 2419 135

1122 2443 1288 2477 personas
1325 2431 1478 2475 accipere
1513 2431 1550 2464 in
1585 2429 1765 2464 beneficiis
1789 2429 1868 2470 515,

1122 2478 1307 2568 peffslonare
1343 2523 1503 2557 clamosis
1535 2521 1682 2555 uocibus
1705 2521 1783 2563 351,
1810 2521 1872 2560 163

1171 2589 1206 2595 -
1239 2569 1372 2604 diuinis
1411 2567 1622 2602 lectionibus
1656 2566 1871 2601 celebrandis

1168 2615 1247 2656 580,
1265 2615 1326 2655 24,
1343 2614 1433 2648 tales
1451 2624 1607 2647 excessus
1627 2613 1759 2646 talibus
1776 2612 1873 2646 uoci-

1169 2661 1234 2695 bus
1258 2659 1470 2705 personandi
1496 2659 1640 2692 fuerunt
1665 2659 1744 2698 558,
1773 2659 1815 2692 13

1123 2709 1283 2751 perstans
1320 2705 1491 2740 confessio
1527 2704 1605 2745 490,
1644 2705 1683 2743 6;
1723 2703 1808 2737 fides
1844 2704 1873 2737 si
1946 2718 1952 2721 ·

1169 2753 1365 2796 perstiterit
1404 2752 1482 2792 305,
1507 2751 1546 2792 8,
1581 2750 1659 2791 345,
1700 2750 1761 2788 11;
1798 2750 1874 2783 ani-

1169 2809 1246 2832 mus
1286 2796 1467 2832 inmobilis
1515 2797 1652 2840 perstat
1694 2795 1772 2838 347,
1815 2795 1876 2834 11,
