2032 3248
322 188 378 230 60
730 186 919 221 Arnobii
951 187 1166 221 aduersus
1195 187 1396 222 nationes

321 303 521 357 prolatas,
563 302 722 343 diuinas
753 302 956 357 sapientes
994 302 1129 344 doctas
1160 315 1287 356 neque
1318 302 1407 344 ulla
1443 303 1620 356 corporis
1659 304 1812 345 attrec-

319 371 475 413 tatione
505 371 728 425 contiguas.
774 372 880 424 quod
910 371 1005 425 quia
1035 384 1179 413 uerum
1209 374 1250 413 et
1281 372 1437 413 certum
1467 374 1540 425 est,
1581 384 1604 413 a
1634 373 1811 426 perfecto

320 453 462 482 sumus
508 440 797 482 inemendabili
841 440 1086 494 perfectione
1124 441 1286 494 prolati,
1332 441 1603 495 inculpabiles
1642 442 1682 482 et
1722 441 1811 482 ideo

318 509 701 563 inreprehensibiles
723 509 918 560 uiuimus,
951 510 1045 551 boni
1067 509 1167 551 iusti
1189 511 1230 551 et
1250 510 1363 560 recti,
1396 509 1637 552 uitiositatis
1657 510 1812 552 nullius

318 579 390 631 rei,
422 578 537 621 nulla
558 577 759 631 cupiditas
780 590 851 619 nos
873 578 1015 627 uincit,
1039 578 1153 620 nulla
1173 577 1302 620 libido
1323 578 1573 632 dehonestat,
1605 579 1811 620 uirtutum
1843 595 1858 619 5

318 647 502 689 omnium
532 659 743 689 seruamus
775 648 897 700 atque
926 647 1181 701 integramus
1222 648 1416 689 tenorem.
1464 648 1504 688 et
1531 648 1627 701 quia
1656 660 1735 690 uno
1766 660 1812 689 ex

317 716 429 758 fonte
473 717 655 758 omnium
700 717 886 758 nostrum
924 716 1108 758 defluunt
1146 717 1324 766 animae,
1371 716 1520 758 idcirco
1557 730 1684 758 unum
1715 729 1812 758 con-

318 786 565 839 ueniensque
589 786 801 836 sentimus,
825 797 905 826 non
927 785 1121 837 moribus,
1145 798 1224 827 non
1245 785 1503 839 opinionibus
1521 785 1810 838 discrepamus,

225 880 247 912 f.
263 881 305 912 35
317 853 426 895 idem
454 866 591 895 omnes
619 854 808 896 nouimus
829 867 913 905 nec,
937 855 1035 907 quot
1064 854 1105 896 in
1127 855 1221 896 orbe
1242 855 1337 895 sunt
1355 854 1550 904 homines,
1580 854 1696 896 nobis
1718 854 1812 895 sunt

255 927 305 967 16
320 923 542 965 sententiae
563 923 737 965 totidem
767 936 894 976 neque
929 923 1090 965 infinita
1119 924 1321 966 uarietate
1357 921 1361 979 Ι
1397 923 1607 965 discretae.
1640 926 1683 965 at
1713 923 1810 965 dum
1826 937 1858 961 ιο

318 991 370 1033 ad
400 1004 567 1046 corpora
596 992 776 1034 labimur
806 994 846 1033 et
875 1005 1138 1046 properamus
1169 993 1367 1044 humana,
1408 1006 1454 1035 ex
1484 992 1702 1034 mundanis
1733 992 1813 1034 cir-

320 1060 422 1101 culis
454 1061 647 1102 secuntur
677 1074 747 1103 nos
778 1073 947 1111 causae,
965 1061 1113 1114 quibus
1145 1061 1244 1103 mali
1275 1061 1405 1103 simus
1426 1063 1466 1103 et
1485 1062 1666 1115 pessimi,
1700 1061 1813 1114 cupi-

318 1129 519 1171 ditatibus
559 1131 682 1183 atque
719 1129 933 1171 iracundia
969 1129 1220 1181 ferueamus,
1268 1143 1522 1173 exerceamus
1559 1131 1602 1172 in
1639 1130 1812 1185 flagitiis

318 1198 450 1241 uitam
471 1199 512 1241 et
535 1199 577 1240 in
598 1198 814 1240 libidinem
836 1198 1042 1252 publicam
1064 1199 1274 1241 uenalium
1291 1211 1504 1252 corporum
1524 1200 1812 1253 prostitutione

318 1267 570 1310 damnemur.
613 1269 654 1309 et
676 1267 1019 1321 quemadmodum
1041 1281 1083 1310 se
1104 1269 1274 1322 possunt
1304 1269 1625 1322 incorporalibus
1647 1280 1812 1321 corpora
1826 1284 1859 1311 15

318 1337 560 1391 coniungere
592 1338 664 1378 aut
695 1350 718 1378 a
746 1336 819 1378 deo
849 1337 1030 1390 principe
1059 1350 1122 1379 res
1152 1337 1283 1379 factae
1314 1338 1364 1379 ab
1393 1337 1686 1379 infirmioribus
1716 1350 1811 1379 cau-

318 1405 374 1447 sis
405 1406 456 1447 ad
486 1406 684 1447 uitiorum
714 1407 1078 1448 dehonestamenta
1109 1407 1296 1449 traduci?
1338 1406 1467 1449 uultis
1497 1407 1681 1448 homines
1711 1406 1813 1448 insi-

318 1477 407 1516 tum
429 1476 603 1529 typhum
630 1476 974 1529 superciliumque
996 1476 1203 1529 deponere,
1236 1476 1306 1529 qui
1331 1477 1452 1518 deum
1473 1476 1590 1518 uobis
1618 1475 1811 1518 adscisci-

318 1545 373 1585 tis
403 1546 564 1597 patrem
595 1546 636 1586 et
667 1557 759 1586 cum
791 1557 835 1586 eo
873 1545 1119 1586 contenditis
1156 1545 1515 1587 immortalitatem
1553 1545 1701 1587 habere
1739 1556 1812 1586 uos

318 1615 470 1655 unam?
510 1614 640 1655 uultis
672 1626 864 1667 quaerere
885 1614 1164 1668 peruestigare
1195 1614 1349 1664 rimari,
1382 1613 1481 1667 quid
1512 1614 1603 1655 sitis
1625 1626 1696 1655 uos
1718 1613 1810 1666 ipsi,
1825 1630 1858 1656 20

318 1682 432 1724 cuius
464 1682 567 1736 sitis,
600 1682 844 1724 censeamini
875 1695 953 1735 quo
974 1684 1100 1736 patre,
1133 1683 1230 1736 quid
1260 1683 1302 1724 in
1332 1685 1482 1725 mundo
1503 1683 1679 1733 faciatis,
1712 1695 1812 1736 qua-

318 1764 414 1793 nam
445 1752 600 1794 ratione
631 1752 869 1802 nascamini,
902 1765 980 1805 quo
1010 1754 1129 1806 pacto
1159 1753 1385 1806 prosiliatis
1417 1752 1467 1794 ad
1493 1753 1652 1793 uitam?
1684 1752 1811 1793 uultis

317 1819 454 1863 fauore
490 1821 671 1875 deposito
711 1821 1030 1876 cogitationibus
1070 1821 1209 1863 tacitis
1240 1822 1450 1875 peruidere
1482 1821 1710 1862 animantia
1740 1832 1812 1862 nos

318 1902 405 1932 esse
438 1893 510 1932 aut
532 1890 763 1932 consimilia
785 1891 928 1932 ceteris
950 1891 1021 1932 aut
1040 1903 1119 1933 non
1140 1891 1318 1944 plurima
1342 1891 1563 1932 differitate
1584 1889 1812 1932 distantia?

318 1961 414 2012 quid
444 1961 506 2001 est
538 1960 659 2009 enim,
692 1960 799 2013 quod
821 1973 893 2002 nos
924 1960 974 2001 ab
1007 1972 1145 2001 eorum
1175 1960 1329 2001 indicet
1360 1959 1634 2001 similitudine
1662 1959 1810 2000 disere·
1825 1971 1857 1996 25

317 2031 442 2081 pare?
487 2029 554 2070 uel
593 2042 696 2081 quae
726 2029 769 2070 in
800 2029 916 2070 nobis
947 2028 1168 2070 eminentia
1199 2030 1318 2070 tanta
1348 2029 1429 2079 est,
1461 2030 1508 2070 ut
1540 2028 1812 2070 animantium

318 2109 485 2139 numero
530 2097 798 2152 dedignemur
843 2098 1049 2140 adscribi?
1097 2111 1142 2139 ex
1181 2098 1340 2140 ossibus
1386 2098 1472 2139 illis
1510 2097 1680 2139 fundata
1717 2098 1812 2139 sunt

319 2179 484 2219 corpora
515 2168 556 2209 et
585 2178 802 2209 neruorum
833 2167 1109 2222 conligatione
1142 2167 1350 2208 deuincta:
1384 2167 1425 2208 et
1454 2166 1569 2209 nobis
1600 2166 1813 2219 comparili

366 2361 384 2394 1
409 2359 483 2394 ulla
500 2359 591 2395 Sab:
617 2360 748 2394 ullsam
764 2360 799 2394 P
936 2360 958 2394 2
983 2362 1036 2394 est
1058 2360 1206 2404 scripsi:
1237 2361 1290 2394 est
1314 2363 1349 2394 et
1367 2360 1403 2394 P
1539 2360 1560 2393 5
1585 2359 1698 2393 uincit
1718 2359 1809 2394 Sab:

319 2416 437 2450 uincet
463 2418 498 2451 P
632 2418 653 2451 9
678 2417 769 2451 idem
794 2417 966 2452 Zinkz'us:
1004 2417 1105 2451 deum
1131 2418 1168 2452 P
1298 2417 1387 2461 quod
1415 2417 1450 2451 P
1585 2417 1685 2450 nobis
1717 2416 1811 2451 Oeli-

318 2474 432 2507 lerus:
457 2485 526 2508 non
550 2475 586 2509 P
603 2485 658 2509 om
676 2475 747 2510 Sab
887 2475 929 2509 10
945 2476 983 2509 at
1002 2474 1089 2509 Gel:
1114 2486 1152 2509 ac
1170 2475 1206 2509 P
1344 2475 1385 2508 11
1404 2474 1447 2508 ad
1468 2474 1549 2516 Sab,
1567 2485 1605 2507 r:
1631 2484 1669 2507 ac
1687 2474 1722 2507 P

318 2530 472 2565 lauimur
496 2532 532 2566 P
554 2543 636 2567 corr
661 2543 679 2567 c
822 2532 865 2566 12
888 2532 992 2566 fimus
1017 2532 1307 2567 Elmenhorstius
1330 2532 1455 2566 fiamus
1481 2530 1499 2565 ,9
1644 2531 1686 2564 13
1710 2530 1811 2575 fiagi-

319 2588 382 2621 tiis
400 2589 435 2622 P
582 2590 624 2624 15
648 2589 707 2623 sed
732 2589 799 2624 Urs
950 2589 990 2624 17
1015 2589 1165 2623 insitum
1200 2589 1348 2634 typhum
1385 2589 1678 2623 Klussmamms:
1708 2587 1811 2621 insti-

318 2647 439 2679 tutum
471 2646 506 2679 P
536 2646 633 2680 ‘fasti
667 2646 818 2690 typhum
849 2647 908 2680 uel
944 2645 1095 2686 fastum,
1132 2646 1281 2690 typhum
1309 2646 1367 2680 uel
1396 2656 1415 2680 ο
1448 2645 1509 2679 isti
1542 2645 1702 2690 typhum’
1742 2644 1811 2679 Urs

319 2702 430 2736 istum
453 2703 603 2746 typhum
622 2703 720 2738 Salm
858 2704 901 2738 18
926 2703 1028 2737 deum
1051 2703 1135 2737 Gel:
1160 2703 1243 2737 dum
1268 2703 1304 2737 P
1462 2702 1509 2738 23
1534 2703 1629 2736 fastu
1660 2702 1730 2736 Urs
1754 2703 1812 2735 tu-

320 2770 413 2793 more
432 2759 531 2794 Salm
548 2760 686 2794 feruore
703 2760 975 2795 Klussmannus
1111 2761 1155 2794 24
1173 2760 1295 2794 ceteris
1312 2762 1374 2794 aut
1391 2760 1475 2795 Gel:
1495 2762 1610 2793 cetera
1628 2762 1669 2793 ut
1687 2760 1722 2793 P

318 2817 363 2850 25
388 2815 600 2860 *discrepare
626 2817 661 2851 P
