2032 3248
377 213 454 254 162
778 210 971 244 Arnobii
1003 209 1215 244 aduersus
1248 210 1459 244 nationes

371 339 477 368 unus
505 325 587 374 est,
629 325 698 378 qui
730 324 780 366 ab
813 323 991 366 Hercule
1021 324 1162 366 Ditem
1193 324 1353 377 patrem
1384 325 1424 366 et
1454 324 1639 378 reginam
1669 327 1869 366 memorat

370 394 598 437 sauciatam
636 405 723 435 esse
761 393 992 435 Iunonem?
1036 405 1115 434 non
1156 392 1387 447 uiraginem
1425 393 1475 435 ab
1508 392 1661 448 Ornyto
1707 406 1869 436 caesam

369 466 625 506 cruentatam
666 464 856 504 uexatam
895 462 1128 504 Polemonis
1166 463 1295 504 uestri
1332 462 1519 504 indicant
1565 463 1745 517 scripta?
1790 475 1868 504 non

368 533 418 574 ab
458 531 753 585 Hippocoontis
791 532 933 574 liberis
973 531 1111 585 ipsum
1152 531 1336 573 Sosibius
1374 531 1599 573 Herculem
1640 532 1867 574 cruciatum

371 601 562 643 retulisse
593 600 834 655 pronuntiat
866 602 907 643 et
938 600 1059 643 inlati
1081 600 1264 642 uulneris
1286 600 1326 641 et
1349 600 1529 642 doloris?
1561 602 1667 654 apud
1689 601 1867 642 insulam
1899 621 1911 643 ,ἢ

368 670 531 712 Cretam
574 670 810 723 sepulturae
854 682 941 712 esse
981 669 1223 711 mandatum
1253 670 1399 711 Iouem
1431 669 1548 711 nobis
1589 669 1746 711 editum
1781 671 1867 711 tra-

367 740 510 782 ditur?
541 740 585 781 in
618 738 831 793 Spartanis
863 739 903 780 et
931 738 1265 781 Lacedaemoniis
1296 738 1448 780 finibus
1481 750 1552 780 nos
1575 737 1749 780 dicimus
1771 750 1866 780 con-

367 809 474 851 ditos
515 809 558 850 in
599 809 713 851 cunis
756 808 926 850 coalitos
966 808 1143 850 fratres?
1192 808 1331 849 noster
1375 807 1447 849 ille
1489 810 1551 849 est
1592 808 1753 858 auctor,
1796 807 1866 860 qui

365 878 571 920 Patrocles
604 877 782 919 Thurius
813 877 1062 932 scriptorum
1092 877 1136 918 in
1166 876 1303 918 titulis
1334 877 1553 927 indicatur,
1586 877 1655 929 qui
1684 876 1866 918 tumulos

363 948 563 988 memorat
610 946 887 1000 reliquiasque
926 946 1142 989 Saturnias
1182 947 1331 988 tellure
1372 946 1414 988 in
1453 944 1591 988 Sicula
1637 946 1910 988 contineriPm

363 1016 640 1070 Hieronymus
672 1036 737 1058 *ae*
768 1014 1018 1058 Plutarchus
1055 1016 1289 1058 nostrarum
1326 1028 1414 1057 esse
1450 1015 1635 1069 partium
1680 1027 1865 1069 compro-

364 1085 503 1136 batur,
551 1084 622 1138 qui
666 1085 710 1126 in
750 1083 913 1127 Oetaeis
958 1084 1181 1126 uerticibus
1226 1084 1447 1126 Herculem
1492 1085 1584 1137 post
1628 1084 1865 1126 morborum

299 1163 351 1202 26
365 1153 640 1196 comitialium
670 1154 810 1196 ruinas
842 1154 1091 1195 dissolutum
1120 1154 1164 1195 in
1196 1154 1371 1195 cinerem
1401 1152 1609 1206 prodidit?
1641 1165 1737 1194 nam
1767 1152 1865 1206 quid

361 1224 409 1265 de
439 1223 525 1264 illis
557 1222 766 1265 amoribus
804 1222 940 1265 dicam
979 1223 1128 1277 quibus
1166 1222 1209 1264 in
1247 1222 1422 1264 feminas
1455 1224 1614 1263 sanctos
1643 1221 1864 1264 incaluisse

360 1291 554 1334 caelestes
586 1292 736 1333 uestris
769 1291 985 1346 proditum
1016 1292 1170 1334 litteris
1202 1292 1325 1344 atque
1345 1291 1580 1333 auctoribus
1603 1291 1863 1333 continetur?
1875 1310 1906 1334 15

248 1373 271 1406 f.
286 1360 371 1417 911³!
407 1361 607 1414 numquid
653 1361 765 1403 enim
813 1374 837 1403 a
880 1361 998 1403 nobis
1050 1361 1242 1415 arguitur
1293 1373 1360 1402 rex
1411 1360 1539 1402 maris
1584 1359 1862 1413 Amphitr-itas

360 1429 615 1483 Hippothoas
671 1430 924 1484 Amymonas
977 1430 1235 1484 Menalippas
1294 1429 1501 1484 Alcyonas
1558 1442 1630 1483 per
1682 1428 1860 1470 furiosae

358 1498 600 1552 cupiditatis
631 1499 818 1541 ardorem
851 1499 1116 1541 castimoniae
1147 1498 1389 1553 uirginitate
1419 1498 1631 1551 priuasse‘?
1662 1497 1861 1551 numquid

357 1568 506 1621 Apollo
537 1567 734 1610 Latonius
764 1568 1059 1610 immaculatus
1090 1567 1174 1617 ille,
1207 1567 1464 1609 castissimus
1486 1567 1607 1620 atque
1628 1579 1755 1620 purus
1777 1566 1857 1607 Ar-

358 1636 493 1678 sinoas
525 1635 732 1679 Aethusas
770 1636 1025 1691 Hypsipylas
1056 1637 1303 1690 Marpessas,
1336 1637 1564 1690 Zeuxippas
1586 1637 1628 1678 et
1648 1636 1905 1686 Prothoas‚20

356 1705 551 1758 Daphnas
588 1706 630 1746 et
661 1705 851 1759 Steropas
890 1705 1114 1747 inconsulti
1151 1705 1327 1760 pectoris
1357 1706 1562 1759 adpetisse
1599 1705 1859 1747 feruoribus?

358 1774 559 1827 numquid
590 1787 715 1816 senex
746 1774 948 1817 Saturnus
978 1775 1220 1817 iamdudum
1251 1772 1409 1816 obsitus
1441 1774 1549 1816 canis
1580 1775 1702 1828 atque
1733 1785 1858 1816 anno-

354 1855 446 1884 rum
484 1844 694 1885 uetustate
732 1843 817 1885 iam
856 1843 1031 1898 frigidus
1076 1845 1227 1886 nostris
1273 1844 1525 1886 carminibus
1565 1844 1770 1885 indicatur
1808 1843 1857 1884 ab

357 1923 477 1953 uxore
507 1911 550 1953 in
580 1911 783 1954 adulterio
823 1913 1136 1966 comprehensus
1174 1913 1358 1955 induisse
1395 1913 1572 1954 formam
1602 1912 1679 1954 feri
1710 1913 1750 1954 et
1780 1912 1856 1953 sub

353 1981 508 2034 pecoris
540 1981 672 2035 specie
703 1982 932 2024 hinnitibus
965 1982 1192 2024 euolauisse
1222 1982 1418 2024 iactatis?
1454 1982 1641 2035 Iuppiter
1671 1982 1758 2034 ipse
1788 1993 1857 2022 rex
1870 1995 1900 2020 25

353 2049 499 2090 mundi
531 2061 663 2092 nonne
695 2063 719 2092 a
748 2051 864 2093 uobis
906 2050 1072 2093 infamis
1105 2054 1168 2093 est
1199 2051 1279 2094 isse
1321 2064 1391 2108 per
1428 2051 1666 2093 innumeras
1703 2049 1855 2103 species

487 2141 509 2174 5
534 2140 555 2175 1.
584 2151 611 2174 c.
636 2140 668 2182 2,
694 2141 737 2175 37
876 2141 898 2175 8
924 2141 946 2175 l.
974 2152 1001 2176 c.
1026 2142 1059 2183 2.
1084 2141 1129 2177 30
1267 2143 1309 2177 16
1334 2143 1357 2176 l.
1384 2153 1411 2177 c.
1435 2143 1467 2185 2,
1492 2142 1537 2176 32

400 2221 418 2254 1
444 2219 619 2255 herculem
637 2221 672 2255 P
688 2231 768 2255 corr
918 2222 940 2256 2
964 2223 1163 2267 uiraginem
1188 2223 1386 2257 Mineruam
1411 2223 1429 2257 12
1578 2223 1708 2257 laesam
1726 2223 1853 2257 Illeur-

351 2278 427 2311 sius
557 2279 580 2312 4
602 2279 825 2323 ippocoontis
852 2280 887 2314 P
1017 2282 1039 2316 5
1063 2283 1098 2314 et
1124 2281 1266 2325 doloris]
1294 2281 1429 2315 dolores
1454 2281 1641 2326 Riyaltius
1773 2280 1791 2314 7
1818 2282 1853 2313 et

351 2334 633 2370 Lacedaemoniis
671 2338 813 2372 seclusit
846 2338 1001 2373 Zinkius
1184 2340 1204 2374 9
1241 2339 1395 2373 Thurius
1437 2339 1629 2382 Canterus,
1667 2338 1755 2373 Urs.-
1787 2337 1852 2371 hu-

351 2393 425 2426 rius
443 2393 479 2426 P
578 2394 620 2428 11
637 2394 848 2439 heronymus
866 2397 902 2430 P
917 2407 999 2431 corr
1016 2395 1237 2431 chaeroneus
1255 2396 1328 2432 Sab
1429 2397 1599 2431 lacuna-m
1615 2396 1762 2440 siquam

351 2449 557 2492 plutharcus
591 2452 627 2486 P
666 2454 702 2486 et
733 2453 967 2488 Dicaearchus
1000 2453 1197 2499 Nourryus
1243 2456 1305 2489 aut
1338 2454 1573 2489 Dicaearchus
1608 2454 1761 2489 Zinkius

352 2506 395 2540 12
427 2509 578 2542 oaetaeis
611 2510 647 2544 P
809 2511 850 2545 13
883 2511 1118 2545 comitialium
1153 2511 1239 2554 Sab,
1273 2523 1312 2546 r.-
1344 2512 1564 2546 comitalium
1590 2512 1627 2546 P
1781 2513 1851 2546 iam

350 2563 541 2600 Meursius
695 2567 737 2601 16
762 2568 927 2612 numquit
952 2569 988 2603 P
1011 2579 1112 2603 corr.-
1148 2570 1198 2604 sic
1227 2569 1333 2611 infra
1356 2581 1494 2614 semper
1647 2570 1850 2614 ampitritas

350 2621 386 2654 P
410 2632 489 2656 corr
511 2633 532 2657 r
682 2625 723 2659 17
749 2624 972 2670 Hippothoas
1003 2626 1087 2660 Gel:
1126 2626 1314 2671 hippocoas
1339 2627 1376 2662 P
1518 2628 1732 2672 Amymonas
1764 2628 1850 2663 θεῖε

349 2688 575 2723 ampymonas
591 2681 627 2715 P
646 2682 852 2716 Amimonas
873 2682 944 2717 Sab
1081 2684 1212 2728 Alopas
1229 2684 1447 2729 Menalippas
1471 2685 1539 2720 Urs
1674 2686 1849 2730 Alcyonas

350 2734 444 2770 Sab:
477 2737 639 2772 alceonas
665 2739 700 2773 P
731 2739 862 2783 Alopas
890 2739 990 2774 Salm
1187 2742 1229 2776 18
1254 2742 1465 2776 castimonia
1489 2753 1527 2776 ac
1553 2743 1766 2787 uirginitate
1789 2744 1849 2778 uel

349 2793 559 2828 castimonia
584 2795 808 2840 uirginitatis
826 2797 1013 2832 Meursius
1149 2799 1195 2833 20
1210 2799 1385 2833 Aethusas
1411 2799 1499 2834 Urs:
1525 2800 1668 2845 ethysas
1687 2801 1722 2835 P
1737 2801 1848 2845 Chry-

348 2861 405 2884 sas
423 2850 496 2885 Sab
630 2852 826 2898 Zeuxippas
851 2854 939 2889 Urs:
963 2855 1144 2900 zeusippas
1162 2856 1198 2890 P
1327 2856 1371 2890 24
1388 2856 1524 2891 induise
1545 2859 1579 2892 P
1710 2859 1754 2893 25
1770 2869 1847 2903 pec-

347 2907 435 2941 toris
461 2908 497 2942 P
520 2919 603 2944 corr
740 2911 783 2945 26
809 2910 1000 2946 infamatus
1029 2912 1211 2948 Graeuius
