2032 3248
812 220 1027 254 Carmina.
1576 220 1655 260 301

422 328 539 364 Vnam
562 326 722 364 animam
743 328 896 373 propter
919 326 1065 363 dederis
1087 336 1152 362 nec
1170 325 1350 371 sanguine
1373 325 1470 361 iusto

423 395 662 442 Respersisse
686 394 792 440 uelis,
816 394 848 431 si
871 395 923 431 sic
945 396 1010 431 tna
1033 394 1185 431 dextera
1207 394 1320 430 ducit.

340 465 392 500 85
483 464 635 510 lamque
659 463 737 500 11110
760 463 832 500 11110
856 463 1025 500 exoriens
1048 474 1065 500 e
1083 462 1234 510 gurgite
1258 465 1360 499 cetus

423 533 666 579 squamosum
688 532 840 569 conchis
863 532 1040 569 euoluens
1064 531 1226 577 corporis
1249 542 1394 578 agmen,

423 601 616 647 Yrguebat
637 600 789 647 propius
808 612 983 637 concusso
1007 611 1186 636 marmore
1211 599 1357 645 fluctus,

423 670 559 715 Sponte
583 669 639 706 dei
661 669 837 715 praedam
860 669 1022 715 rapiens,
1047 680 1157 715 quam
1179 667 1316 714 puppis
1339 668 1385 705 ab
1407 678 1491 705 arce

423 738 705 775 Prouolutatam
725 737 868 774 limosis
891 737 1062 774 faucibus
1085 736 1224 782 hausit,

340 807 392 843 90
424 807 695 852 Viuentemque
717 807 848 852 dapem
870 806 1020 853 longam
1042 805 1259 853 properauit
1281 806 1318 842 in
1339 806 1478 851 aluum,

424 875 586 922 Cumque
609 875 687 912 uiro
710 875 803 912 caeli
826 875 967 912 rabiem
990 875 1190 922 pelagique
1213 874 1373 912 uorauit.

422 944 608 981 Sternitur
629 944 798 991 aequoris
822 944 930 990 unda,
955 944 1158 981 resoluitur
1179 943 1343 980 aetheris
1365 943 1510 980 umbra.

425 1012 523 1049 Hinc
544 1013 693 1058 fluctus,
717 1012 821 1049 illine
843 1013 954 1049 flatus
977 1012 1186 1049 redduntur
1210 1011 1334 1058 amici,

426 1081 672 1128 securamque
693 1081 794 1118 uiam
815 1081 964 1128 placida
989 1080 1163 1127 signante
1188 1080 1316 1117 carina

343 1150 394 1186 95
427 1149 592 1186 Candida
614 1150 783 1187 caeruleo
806 1151 939 1188 florent
962 1149 1122 1196 uestigia
1144 1149 1258 1186 sulco.

425 1218 566 1255 Nauita
583 1218 820 1255 tumDomino
843 1219 964 1255 laetus
987 1219 1198 1255 uenerando
1221 1217 1392 1254 timorem

429 1286 619 1324 Sacrificat
638 1289 779 1334 grates,
802 1289 882 1324 tum
904 1288 1034 1333 portus
1057 1287 1173 1323 intrat
1195 1286 1347 1323 amicos.

427 1355 595 1403 Nauigat
617 1357 653 1393 et
674 1358 780 1393 uates
803 1356 876 1393 alio
899 1357 1093 1403 susceptus
1115 1357 1226 1393 Ionas

428 1424 590 1471 Nauigio
613 1425 821 1471 fluctusque
844 1426 945 1461 secat
969 1425 1036 1462 sub
1059 1425 1234 1462 fluetibus
1257 1425 1353 1471 imis,

318 1492 398 1529 100
429 1492 581 1529 Viscera
602 1492 808 1539 uelificans,
832 1493 956 1531 anima
978 1493 1145 1540 spirante
1167 1494 1300 1540 ferina,

429 1560 633 1598 Conclusus
655 1573 772 1609 neque
795 1562 935 1600 tinctus
957 1562 1076 1609 aquis,
1099 1562 1213 1600 maris
1235 1562 1388 1600 intimus
1411 1564 1527 1609 exter,

430 1630 535 1667 Inter
557 1642 718 1668 semesas
742 1632 882 1669 classes
905 1632 1141 1678 resolutaque
1163 1632 1265 1679 putri

429 1698 588 1745 Corpora
610 1700 773 1746 digestu,
797 1711 864 1737 sua
886 1700 958 1737 iam
981 1700 1054 1737 iam
1076 1700 1209 1737 funera
1230 1700 1388 1738 discens.

432 1768 475 1803 In
497 1768 645 1814 signum
668 1769 732 1805 sed
754 1769 852 1805 0111111
873 1769 1021 1806 Domini
1045 1770 1265 1816 quandoque
1289 1769 1450 1813 futurus,

321 1836 400 1873 105
432 1836 513 1873 Non
537 1839 616 1873 erat
638 1836 763 1884 exitio,
788 1839 852 1875 sed
875 1838 1005 1875 mortis
1027 1838 1138 1875 testis
1161 1839 1328 1875 abactae.

274 1970 318 2004 83
343 1971 416 2014 nec]
443 1982 485 2004 110
512 1971 593 2004 [ην.
744 1971 830 2004 iusti
856 1970 937 2004 Iar.
1089 1972 1132 2004 85
1159 1971 1186 2015 e]
1214 1970 1254 2004 (10
1280 1981 1299 2004 v
1450 1973 1567 2004 caetus
1595 1975 1625 2003 A

184 2028 227 2061 86
253 2038 269 2061 e
294 2028 433 2062 conchis
462 2029 620 2062 euoluere
646 2028 725 2062 Ιιιν.
843 2028 888 2063 87
913 2029 1071 2071 proprios
1098 2028 1175 2061 Iar.
1294 2028 1337 2061 88
1362 2027 1430 2072 dei]
1457 2039 1518 2061 sua
1545 2028 1625 2061 Iar.

186 2086 335 2129 rapiens]
362 2086 499 2129 capiens
526 2086 585 2119 uel
610 2087 753 2128 captans
779 2086 917 2119 Muller
1055 2086 1098 2119 89
1125 2096 1222 2128 porro
1249 2086 1446 2119 uolutatam
1474 2091 1565 2124 (mox
1592 2087 1672 2128 om.)

187 2144 274 2177 coni.
302 2143 442 2177 Muller
561 2154 638 2176 mox
662 2142 819 2176 saucibus
846 2144 911 2175 ΑΔ
1029 2143 1073 2175 90
1097 2143 1357 2186 uiuentemque]
1385 2143 1564 2176 uiuentem
1593 2143 1627 2176 A

188 2201 399 2245 properauit]
427 2202 580 2245 percepit
608 2201 687 2234 Iur.
857 2201 899 2234 91
926 2201 1000 2234 uiro
1027 2212 1090 2234 om.
1118 2205 1150 2233 Δ
1313 2201 1356 2234 93
1382 2200 1568 2234 rediuntur
1594 2201 1628 2234 A

188 2258 232 2291 95
257 2258 390 2292 ceruleo
418 2258 558 2292 florente
584 2259 617 2291 A
731 2258 774 2292 96
799 2260 927 2291 nautae
952 2260 1027 2291 tum
1053 2257 1083 2291 d.
1111 2258 1196 2291 laeti
1223 2257 1316 2298 Iar„
1342 2259 1449 2291 nauta,
1476 2259 1513 2290 at
1538 2260 1613 2291 tum
1641 2257 1673 2291 d.

187 2316 250 2349 leti
275 2317 399 2350 Oehler
526 2316 722 2350 uenerando
747 2316 870 2348 timore
889 2319 930 2355 A,
949 2315 1034 2348 bene
1059 2314 1174 2348 reddit
1193 2315 1358 2348 honorem
1378 2315 1468 2348 coni.
1487 2315 1629 2348 Jle‘iller

188 2373 229 2406 9ῖ
258 2374 452 2407 sacrificant
477 2374 594 2417 grates
620 2374 778 2417 (tum...
796 2373 925 2406 amicos
951 2373 1029 2415 om.)
1058 2372 1149 2413 Ima,
1175 2383 1273 2405 sacra
1299 2372 1384 2405 facit
1422 2374 1545 2414 gratus
1583 2373 1674 2406 coni.

192 2431 329 2464 Maller
482 2432 526 2464 98
551 2431 637 2464 alios
663 2432 697 2463 A
852 2430 895 2463 99
920 2430 1132 2472 auctumque
1158 2441 1178 2463 υ
1334 2429 1400 2462 100
1424 2430 1540 2461 anima
1566 2429 1674 2473 inspi-

1538 2482 1552 2494 R

191 2507 269 2539 rata
292 2516 313 2539 v
507 2506 571 2539 101
598 2516 706 2548 aquas
731 2505 766 2537 A
940 2504 1118 2537 102—103
1144 2514 1312 2537 scmessas
1339 2507 1380 2543 A,
1407 2514 1570 2536 3011103303
1595 2504 1630 2536 Α

311 2558 326 2571 a
1536 2552 1544 2559 .

193 2590 329 2624 corpore
355 2582 386 2612 A
563 2579 630 2612 iarn
657 2578 741 2621 iam]
766 2578 836 2610 iam
862 2579 937 2610 tum
965 2589 984 2611 υ
1161 2578 1385 2619 resolutaque
1411 2588 1554 2621 corpora
1580 2578 1675 2620 putri

193 2629 352 2680 Digestsu.
378 2647 438 2670 sua
463 2637 533 2670 iam
559 2637 661 2670 uelua
687 2653 702 2669 <a
727 2636 849 2668 funera
875 2635 1009 2669 discens
1034 2636 1110 2669 Iur.
1289 2635 1353 2668 104
1380 2635 1570 2677 insignium
1599 2635 1630 2668 Α

194 2693 260 2726 105
285 2694 390 2727 exicio
416 2695 449 2727 A
602 2694 643 2726 fit
667 2694 746 2732 Aa,
773 2692 831 2725 sed
859 2704 876 2725 υ
1030 2702 1095 2724 non
1121 2693 1195 2724 erat
1221 2691 1339 2734 exitio,
1367 2691 1423 2724 3011
1450 2692 1535 2725 caeli
1564 2692 1677 2732 gloria

1567 2738 1626 2757 dicti

195 2767 306 2801 sactus
334 2768 412 2801 Iar.
439 2789 480 2791 κ-
508 2768 556 2801 De
581 2768 664 2800 Iona
689 2766 903 2810 explicitum.
930 2766 1010 2799 finit
1035 2766 1081 2807 A,
1111 2765 1233 2798 Versus
1261 2764 1402 2805 explicit
1430 2765 1470 2798 ,10
1493 2765 1579 2798 Iona
1607 2767 1676 2798 ter—

196 2825 325 2859 tuliani
351 2825 627 2866 eloquentissimi
655 2829 685 2857 „J
713 2824 811 2862 (dicti
836 2835 860 2856 s.
889 2824 910 2856 l.
938 2835 978 2856 m.
1006 2826 1054 2857 ,2
1081 2843 1123 2846 -
