2032 3248
416 239 499 281 276
820 235 1010 271 Arnobii
1042 236 1256 271 aduersus
1289 236 1498 271 nationes

415 352 670 407 incognitum
690 351 881 403 nominis,
903 351 1151 393 urbanarum
1170 351 1346 394 inscium
1366 364 1516 403 rerum,
1546 351 1644 406 quid
1664 353 1719 394 sit
1739 353 1902 407 praesul

414 421 586 464 fortasse
617 421 883 472 nescientem,
925 420 1151 463 uoluntatis
1181 432 1276 463 suae
1306 420 1507 476 deligeret
1538 420 1731 463 nuntium
1762 423 1803 464 et
1833 434 1902 464 ex-

412 491 567 546 petitae
606 490 897 534 satisfactionis
937 491 1174 533 auctorem?
1221 503 1342 544 quem
1372 490 1407 533 si
1437 491 1580 544 utique
1620 490 1793 546 sciebat,
1835 491 1899 533 di-

413 560 536 603 uinus
575 561 694 603 modo
733 559 769 601 si
808 559 961 611 fuerat,
1007 559 1364 614 tergiuersatorem
1395 559 1439 601 in
1469 558 1659 613 obsequio
1699 558 1900 611 futurum,

411 641 541 672 nonne
571 628 705 671 fuerat
734 629 900 683 pronius
930 629 972 671 et
1001 629 1074 671 deo
1105 629 1365 680 conueniens,
1395 628 1577 670 mentem
1607 628 1783 670 hominis
1807 641 1899 670 uer·
1931 645 1946 669 ⁵

412 700 499 741 tere
529 698 570 741 et
599 698 768 752 parendi
799 696 980 739 subicere
1011 697 1267 739 uoluntatem
1297 710 1420 751 quam
1445 697 1534 739 uias
1554 697 1722 752 adgredi
1743 696 1900 739 saeuio-

411 779 474 809 res
522 767 563 809 et
609 765 814 809 latrocinii
860 766 945 808 ritu
985 765 1074 808 sine
1113 766 1201 808 ulla
1239 766 1394 819 passim
1434 766 1590 809 ratione
1631 766 1820 809 saeuire?
1864 765 1899 807 si

412 836 521 878 enim
550 836 728 878 rusticus
758 835 890 877 senior
918 834 1175 889 inexpeditus
1204 834 1248 877 in
1286 835 1405 877 rebus
1446 835 1642 878 obeundis
1678 835 1900 877 cunctaba-

410 906 479 947 tur
509 905 552 947 in
591 917 633 947 re
672 904 784 947 iussa
824 905 957 947 causis
999 904 1275 957 superioribus
1305 904 1546 956 retardatus,
1585 905 1683 958 quid
1717 903 1899 946 infelices

411 974 498 1017 eius
529 975 854 1017 commeruerant
882 973 1016 1025 liberi,
1048 973 1096 1015 ut
1123 974 1167 1015 in
1197 984 1263 1016 eos
1294 973 1357 1015 ira
1387 974 1429 1015 et
1458 973 1688 1028 indignatio
1718 972 1898 1015 uertere-
1912 990 1944 1013 ιο

410 1044 479 1085 tur
508 1042 761 1097 offensasque
790 1042 960 1085 alterius
991 1042 1159 1084 luminis
1189 1042 1253 1084 sui
1284 1041 1531 1096 spoliatione
1567 1042 1813 1096 pensarent?
1858 1041 1899 1083 et

410 1111 625 1166 quisquam
655 1112 718 1154 est
746 1111 962 1153 hominum
993 1111 1063 1165 qui
1093 1110 1220 1153 fuisse
1249 1111 1372 1153 illum
1402 1110 1525 1153 deum
1553 1111 1692 1153 credat
1719 1110 1806 1152 tam
1833 1110 1897 1151 in-

409 1181 584 1232 iustum,
631 1183 719 1223 tam
755 1180 931 1235 impium
967 1192 1041 1222 nec
1076 1179 1316 1222 mortalium
1358 1180 1508 1222 saltem
1547 1179 1773 1222 constituta
1811 1191 1897 1221 ser-

291 1261 393 1296 f.157
407 1250 593 1301 nantem,
629 1248 635 1306 Ι
669 1250 777 1303 apud
816 1261 915 1303 quos
959 1248 1071 1291 nefas
1111 1249 1326 1291 haberetur
1356 1261 1576 1304 magnum,
1618 1248 1795 1291 alterum
1825 1259 1896 1302 pro

407 1319 535 1362 altero
575 1319 701 1372 plecti
747 1319 788 1361 et
832 1319 965 1361 aliena
1004 1318 1155 1361 delicta
1198 1318 1371 1360 aliorum
1419 1317 1606 1360 crucibus
1655 1317 1941 1360 uindicare‘hf,

406 1388 476 1431 sed
515 1389 556 1430 et
595 1387 731 1441 ipsum
771 1386 866 1430 fecit
903 1387 1146 1442 pestilitatis
1186 1387 1360 1429 saeuitia
1406 1386 1703 1441 comprehendi.
1765 1398 1897 1428 nonne

406 1470 499 1513 ergo
529 1457 824 1511 praestantius,
857 1457 1083 1512 quinimmo
1114 1456 1280 1510 aequius
1311 1457 1463 1507 fuerat,
1497 1456 1532 1498 si
1561 1456 1636 1498 hoc
1665 1467 1751 1498 esse
1780 1455 1895 1497 uide-

405 1527 527 1568 batur
556 1525 801 1578 faciendum‚
833 1526 880 1568 ut
910 1525 960 1568 ab
981 1525 1069 1580 ipso
1090 1526 1206 1579 patre
1226 1526 1355 1568 terror
1376 1525 1664 1568 cohercitionis
1684 1524 1894 1578 inciperet,

405 1596 512 1649 apud
533 1607 654 1649 quem
680 1607 801 1637 causa
820 1595 927 1637 tanti
958 1594 1092 1637 fuerat
1121 1595 1257 1637 motus
1289 1596 1330 1637 et
1359 1595 1403 1636 in
1424 1594 1679 1636 oboedientia
1708 1594 1892 1644 cessatiO,

404 1675 527 1717 quam
555 1663 599 1705 in
630 1664 717 1706 eius
737 1663 919 1706 dolorem
938 1664 1027 1706 uim
1053 1663 1194 1717 liberis
1215 1663 1348 1706 facere
1370 1663 1411 1705 et
1430 1663 1613 1706 innoxias
1634 1675 1750 1705 urere
1772 1663 1894 1715 atque
1907 1679 1941 1704 20

402 1732 562 1775 abolere
593 1735 813 1786 personas?
857 1745 1060 1786 quaenam
1089 1732 1164 1775 illa
1203 1732 1399 1784 saeuitia,
1431 1732 1652 1774 crudelitas
1682 1731 1762 1772 fuit
1792 1743 1893 1784 quae

400 1802 535 1853 tanta,
582 1802 628 1843 ut
667 1801 845 1844 extincta
886 1801 1025 1844 subole
1064 1801 1274 1844 intestinis
1315 1800 1512 1855 periculis
1553 1801 1645 1855 post
1684 1800 1893 1842 territaret

401 1871 589 1925 patrem?
620 1870 727 1924 quod
756 1870 998 1912 iamdudum
1029 1870 1064 1911 si
1094 1869 1224 1913 facere
1254 1870 1297 1912 id
1329 1870 1390 1912 est
1419 1869 1506 1911 loco
1527 1869 1660 1923 priore
1681 1869 1892 1920 uoluisset,

400 1950 474 1981 nec
502 1939 751 1994 germanitas
788 1939 1052 1982 conficeretur
1086 1939 1250 1981 innoxia
1280 1940 1321 1981 et
1352 1938 1544 1981 uoluntas
1584 1931 1765 1980 numinis
1797 1949 1893 1993 cog-

400 2010 633 2050 nosceretur
653 2007 815 2051 offensa.
844 2010 888 2051 at
908 2008 1019 2050 0111111
1040 2008 1224 2062 conpleto
1245 2007 1570 2050 adnuntiationis
1592 2006 1726 2050 officio
1747 2007 1893 2048 statim
1905 2022 1939 2047 25

400 2077 566 2119 morbus
603 2077 770 2119 euanuit
810 2076 852 2119 et
889 2076 1056 2119 sanitati
1095 2077 1214 2119 homo
1254 2077 1316 2118 est
1352 2075 1545 2118 continuo
1576 2076 1805 2118 restitutus.
1852 2075 1893 2116 et

401 2145 497 2199 quid
526 2145 650 2188 habet
679 2145 964 2188 admirationis
994 2158 1058 2188 res
1087 2145 1188 2196 ista,
1228 2144 1262 2187 si
1290 2146 1447 2187 malum
1479 2144 1585 2198 quod
1619 2144 1893 2199 inspirauerat

399 2213 572 2256 rettudit
600 2226 764 2269 seseque
793 2215 906 2257 inani
939 2214 1210 2257 ostentatione
1239 2213 1446 2256 iactauit?
1476 2213 1620 2267 quodsi
1640 2213 1806 2266 penitus
1827 2224 1891 2255 res

398 2282 562 2335 pendas,
594 2283 727 2337 magis
756 2283 832 2325 illa
862 2282 1085 2325 crudelitas
1115 2294 1238 2336 quam
1269 2282 1510 2324 beneficium
1539 2282 1685 2324 salutis
1707 2281 1799 2332 fuit,
1832 2281 1889 2322 si-

399 2350 563 2404 quidem
607 2351 814 2394 hominem
853 2352 1053 2395 miserum
1093 2351 1133 2393 et
1172 2351 1339 2393 interire
1380 2353 1472 2405 post
1511 2351 1616 2393 filios
1657 2351 1890 2404 cupientem
1903 2367 1937 2391 30

442 2522 464 2556 5
480 2522 625 2566 probius
642 2523 830 2558 Meursius
967 2524 988 2558 6
1005 2523 1174 2558 subiicere
1190 2523 1396 2558 Meursius:
1414 2522 1574 2567 subigere
1591 2522 1625 2556 P
1759 2521 1888 2555 scaeui-

394 2589 471 2613 ores
503 2578 567 2622 ,253
626 2580 668 2614 15
684 2580 845 2615 crucibus
860 2581 1006 2624 scripsi:
1022 2580 1217 2615 ceruicibus
1237 2580 1271 2614 P
1383 2580 1559 2614 uindicari
1576 2578 1648 2614 Sub
1758 2578 1800 2612 16
1816 2588 1889 2611 sae-

397 2635 493 2670 uiaia
509 2636 545 2671 P
559 2647 641 2672 corr
744 2638 787 2672 18
811 2637 1062 2672 cohercitiones
1087 2637 1123 2671 P
1144 2647 1226 2672 corr
1250 2640 1279 2672 c‘
1388 2637 1430 2671 19
1453 2636 1490 2670 111
1515 2635 1737 2670 oboedientia
1761 2635 1887 2669 Meur-

396 2694 488 2727 sius:
512 2693 686 2729 inoboeda
703 2695 738 2729 P
760 2695 797 2729 in
815 2695 973 2729 obeundo
992 2694 1065 2730 Sab
1156 2694 1200 2729 20
1224 2694 1335 2729 facere
1352 2694 1445 2729 Sab:
1470 2694 1598 2728 faceret
1615 2693 1652 2727 P
1743 2692 1786 2725 21
1811 2702 1887 2726 cru-

397 2750 524 2784 delitas
541 2751 746 2786 Meursz'us:
771 2751 992 2786 crudelitatis
1009 2752 1046 2786 P
1159 2751 1202 2786 23
1217 2750 1254 2786 id
1270 2752 1324 2786 est
1341 2751 1416 2786 loco
1432 2751 1546 2796 priore
1562 2749 1620 2784 del
1638 2750 1798 2784 Zinkius

396 2807 440 2841 25
464 2808 642 2851 conple*t0
667 2809 703 2843 P
836 2809 880 2844 27
904 2809 997 2853 quod
1020 2810 1057 2844 P
1078 2819 1161 2845 corr
1185 2811 1214 2844 (τ’
1352 2808 1397 2843 28
1420 2807 1553 2842 retudit
1577 2806 1887 2841 Hildebrandius:

396 2864 539 2899 rettulit
564 2865 600 2898 P
630 2866 760 2909 repulit
787 2866 854 2901 Gel
992 2867 1089 2901 inani
1119 2866 1203 2901 Gel:
1228 2866 1264 2900 in
1290 2866 1359 2901 alia
1383 2866 1417 2900 P
1554 2863 1714 2918 paenitus
1740 2863 1776 2897 P
