2032 3248
1565 235 1654 270 XIII

157 355 195 394 in
236 355 492 408 agnoscenda
532 356 717 394 ueterum
759 352 1051 395 ccnsuetudine
1091 353 1295 406 sagacitas
1327 352 1549 405 praeclaris
1583 352 1654 393 ob-

160 422 463 464 seruationibus
496 423 691 464 beneuole
724 435 788 462 me
821 421 993 463 adiuuit.
1029 422 1127 463 dum
1150 433 1246 463 uero
1268 423 1458 476 plagulas
1481 422 1655 474 corrigo,

157 491 309 532 allatus
343 498 405 532 est
434 491 567 533 Zinkii
600 491 934 533 emendationum
966 490 1298 533 Arnobianarum
1328 490 1496 533 libellus
1519 490 1656 532 nouis-

158 561 299 610 simus,
334 573 455 613 quem
476 560 863 614 Bambergae1873
886 559 1030 602 edidit.
1069 559 1178 601 idem
1209 573 1232 602 a
1262 573 1328 601 me
1359 562 1529 612 rogatus
1562 571 1658 601 con-

159 629 336 670 iecturas
374 642 398 671 a
437 642 477 670 se
516 630 700 671 nondum
737 628 894 682 publici
927 629 1027 670 iuris
1060 629 1188 671 factas
1226 629 1454 671 liberaliter
1493 641 1656 670 mecum

157 698 493 740 communicauit.
517 698 665 751 quibus
688 699 862 752 cognitis
884 698 1096 739 interdum
1117 710 1182 738 nie
1204 698 1245 738 in
1269 698 1441 738 eandem
1463 697 1657 738 medendi

165 768 366 809 rationem
388 766 576 809 incidisse
607 768 853 821 gaudebam,
886 780 958 809 nec
989 767 1127 808 minus
1157 769 1279 820 grata
1310 769 1427 808 erant
1459 778 1562 819 quae
1593 779 1659 808 me

162 836 366 889 fugerant.
413 837 536 877 etiam
575 836 877 878 Klussmannus
916 835 1020 877 mihi
1060 836 1203 877 adesse
1249 835 1395 877 uoluit.
1446 836 1662 889 praeterea

158 904 340 946 Arnobio
372 916 462 946 meo
492 904 575 946 iam
606 906 714 958 typis
746 917 933 958 expresso
955 904 998 946 id
1022 906 1084 946 est
1107 906 1280 946 exeunte
1304 917 1408 946 anno
1434 903 1544 947 1874
1566 915 1662 945 0011-

160 974 256 1026 tigit
297 977 343 1014 ut
375 973 543 1027 Volgeri
581 973 780 1027 praefecti
818 973 1092 1016 bibliothecae
1123 973 1458 1027 Luneburgensis
1498 973 1662 1015 urbicae

161 1043 416 1097 benignitate
448 1044 670 1096 apparatus
703 1042 850 1094 critici,
884 1055 1005 1096 quem
1035 1043 1092 1084 M.
1126 1042 1295 1084 Crusius
1327 1045 1471 1084 octavo
1505 1042 1664 1084 decimo

159 1112 319 1153 saeculo
350 1113 519 1153 ineunte
552 1114 602 1154 ad
634 1124 785 1154 nouam
815 1113 991 1154 Arnobii
1023 1112 1244 1154 editionem
1271 1112 1554 1153 adornandam
1577 1111 1661 1152 col-

160 1181 316 1235 legerat
359 1181 427 1236 (cf.
471 1180 636 1222 Oehleri
674 1181 800 1235 praef.
839 1196 879 1236 p.
920 1180 1018 1236 VI),
1061 1194 1154 1223 eam
1191 1185 1354 1235 partem
1393 1181 1662 1230 nanciscerer,

161 1262 241 1302 qua
280 1251 586 1292 emendationes
616 1250 662 1291 P.
694 1250 858 1292 Pithoei
895 1251 1039 1292 Huetii
1073 1250 1251 1305 Rigaltii
1288 1251 1440 1304 Guyeti
1475 1249 1665 1291 Memmii

163 1319 339 1360 aliorum
379 1319 707 1362 continerentur:
750 1322 858 1362 unde
897 1321 1036 1362 omnia
1073 1332 1176 1373 quae
1216 1319 1323 1362 scitu
1363 1320 1490 1373 digna
1529 1320 1665 1360 essent

162 1388 383 1430 Oehlerum
416 1389 664 1441 excerpsisse
698 1390 829 1431 didici.
863 1389 1010 1442 quibus
1033 1390 1133 1431 uiris
1157 1390 1345 1431 omnibus
1369 1389 1531 1430 debitas
1553 1399 1663 1429 1111110

161 1457 317 1510 gratias
350 1468 472 1509 agere
503 1457 613 1499 licet.

301 1526 359 1566 Ex
390 1526 548 1579 ingenti
579 1539 676 1568 uero
710 1529 1039 1569 coniecturarum
1071 1540 1256 1577 numero,
1290 1539 1412 1580 (1110111
1444 1527 1494 1568 3(1
1527 1526 1666 1567 Α1110-

162 1594 277 1634 bium
310 1597 601 1648 congesserunt
633 1595 762 1637 trium
792 1596 1050 1637 saeculorum
1081 1595 1300 1649 philologi,
1342 1597 1502 1648 praeter
1534 1595 1665 1636 certas

165 1663 472 1704 emendationes
504 1664 629 1717 selegi
661 1676 741 1715 eas,
775 1677 876 1718 quae
910 1664 1006 1705 crisi
1027 1665 1290 1706 Arnobianae
1322 1664 1448 1705 alicui
1478 1664 1571 1704 usui
1594 1665 1666 1705 ant

167 1731 291 1773 fuisse
330 1734 403 1774 aut
442 1733 526 1774 fore
558 1733 809 1775 uidebantur
840 1733 1010 1787 reliquis
1041 1733 1234 1775 omnibus
1266 1734 1583 1786 praetermissis,
1617 1745 1667 1773 ne

168 1800 411 1854 scriptorem
432 1801 570 1843 inutili
602 1803 809 1857 farragine
842 1802 1071 1844 obruerem.
1105 1804 1188 1844 iam
1221 1803 1270 1843 de
1292 1802 1534 1852 rationibus,
1568 1814 1667 1855 quas

165 1869 250 1921 ipse
282 1871 325 1911 in
356 1871 611 1912 emendando
643 1871 825 1913 Arnobio
858 1873 1022 1913 secutus
1053 1872 1150 1922 31111,
1193 1884 1325 1925 pauca
1356 1871 1527 1912 dicenda
1557 1873 1667 1911 sunt.

167 1939 322 1990 aliquot
346 1939 460 1989 10013,
493 1939 562 1992 (1111
594 1939 773 1992 corrupti
804 1940 1069 1991 dicebantur,
1108 1940 1317 1982 medelam
1350 1940 1516 1981 adhibui
1554 1939 1670 1980 nulla

167 2007 248 2048 3113
279 2020 321 2048 10
350 2008 431 2049 11131
451 2009 782 2061 interpunctione
804 2011 986 2051 mutata:
1019 2008 1062 2050 id
1085 2012 1190 2062 quod
1214 2022 1523 2062 nonnumquam
1546 2010 1669 2049 tacite

168 2077 258 2118 feci.
282 2079 405 2130 atque
428 2090 586 2131 semper
607 2079 647 2119 id
669 2081 746 2131 egi,
771 2079 816 2119 ut
841 2079 923 2120 leni
945 2091 1069 2120 manu
1086 2078 1260 2119 uulnera
1276 2078 1449 2119 Arnobii
1465 2088 1669 2118 sanarem.

170 2146 344 2187 maxime
366 2149 505 2188 autem
524 2148 749 2188 uerendum
768 2151 841 2195 est,
864 2160 913 2187 ne
931 2160 1249 2201 synonymorum
1275 2146 1566 2195 cumulatione,
1592 2157 1672 2198 qua

170 2216 342 2268 scriptor
382 2218 553 2268 gaudet,
595 2216 735 2257 offensi
775 2216 948 2257 calidius
986 2228 1111 2269 quam
1158 2216 1401 2269 prudentius
1449 2215 1672 2268 interpola-

170 2284 332 2326 toribus
364 2284 595 2326 tribuamus
628 2285 876 2327 Arnobiana.
910 2285 1098 2337 inprimis
1130 2284 1327 2327 miramur
1350 2296 1671 2337 synonymorum

172 2354 287 2406 paria
318 2357 363 2395 ut
395 2366 514 2406 saepe
545 2354 592 2394 fit
624 2354 740 2395 nulla
771 2355 915 2406 copula
948 2355 1176 2396 coniuncta.
1210 2354 1294 2395 iam
1326 2356 1574 2395 correctores
1597 2365 1666 2393 an-

173 2423 276 2474 tiqui
309 2423 351 2463 111
381 2422 498 2463 1111110
520 2422 615 2463 libri
640 2424 816 2464 alterum
840 2435 1115 2477 synonymum
1139 2425 1420 2475 expunxerunt
1454 2423 1491 2472 (c
1516 2422 1580 2471 10,
1602 2424 1669 2464 17.

175 2491 240 2533 21.
275 2491 341 2532 22.
378 2491 528 2536 14,17.
561 2492 626 2532 23.
660 2493 727 2540 41,
746 2492 782 2532 2.
808 2492 872 2538 72,
895 2493 965 2541 1ος
990 2490 1021 2532 c'
1041 2492 1110 2540 44,
1129 2492 1166 2533 9.
1191 2493 1258 2539 66,
1276 2492 1343 2533 25.
1368 2492 1435 2540 87,
1456 2491 1518 2531 16.
1545 2490 1668 2538 88,1.

180 2560 245 2610 92,
266 2560 303 2600 7.
351 2560 528 2608 10316.
577 2561 770 2609 13317),
805 2562 910 2612 quod
942 2573 1013 2601 suo
1045 2560 1226 2612 periculo
1260 2572 1325 2601 eos
1375 2559 1519 2600 fecisse
1566 2571 1673 2600 unus

181 2629 289 2669 locus
330 2629 473 2679 (412)
520 2631 763 2682 argumento
804 2632 888 2677 est,
935 2628 1005 2669 ubi
1045 2629 1148 2669 falso
1189 2629 1407 2670 correctori
1445 2640 1673 2681 synonyma

176 2697 377 2748 geminari
409 2697 500 2738 uisa
530 2702 638 2739 sunt.
672 2700 815 2749 postea
846 2698 921 2739 hoc
952 2697 1132 2739 remedio
1155 2698 1215 2737 uti
1238 2698 1469 2738 desierunt:
1501 2699 1671 2749 apparet

178 2776 243 2804 eos
275 2767 538 2817 perspexisse,
570 2779 610 2806 se
634 2765 865 2807 Arnobium
888 2779 965 2807 non
989 2766 1176 2807 librarios
1210 2766 1497 2806 emendaturos
1531 2765 1666 2806 fuisse.

178 2832 423 2874 incautiores
447 2835 615 2876 fuerunt
637 2834 960 2876 Hildebrandius
984 2836 1132 2887 quique
1154 2847 1247 2876 eum
1270 2834 1401 2875 secuti
1433 2836 1543 2875 sunt.
1576 2847 1670 2875 nam

183 2902 290 2942 ultra
322 2906 570 2943 correctores
603 2904 791 2955 antiquos
824 2916 966 2956 sapere
999 2904 1073 2945 sibi
1110 2905 1187 2944 11131
1220 2904 1356 2956 plures
1380 2903 1673 2955 (11131111111111-
