2032 3248
812 277 911 309 Libo
925 288 938 308 1·
972 277 1035 310 111.
1586 276 1663 317 123

179 392 350 432 ueritate
392 390 575 432 censetis.
629 395 659 432 si
703 390 864 432 aselluli
912 403 1029 431 canes
1079 390 1187 443 porci
1238 390 1458 431 humanum
1509 389 1662 442 aliquid

177 462 364 513 saperent
395 459 651 513 fingendique
683 459 877 500 haberent
908 460 1012 499 artes
1044 458 1231 511 idemque
1262 471 1332 499 nos
1361 459 1515 500 uellent
1548 459 1661 499 cultu

177 529 312 581 aliquo
344 528 530 580 prosequi
562 530 601 568 et
634 529 863 569 statuarum
897 527 1267 568 consecrationibus
1298 528 1502 577 honorare,
1535 539 1662 579 quan-

177 598 238 638 tas
272 596 385 638 nobis
422 598 572 637 irarum
612 596 817 644 flammas,
862 596 1193 649 indignationum
1226 608 1324 648 quos
1355 596 1539 636 turbines
1571 607 1663 636 con-

150 664 368 714 ⁵citarent‚
416 665 449 706 si
488 678 651 706 suorum
693 677 907 717 corporum
948 664 1098 705 formas
1139 666 1277 705 nostra
1319 665 1474 705 uellent
1504 665 1663 717 portare

175 735 296 786 atque
327 733 507 775 obtinere
540 733 788 774 simulacra?
834 734 1017 786 quantas,
1062 733 1241 785 inquam,
1284 732 1437 773 irarum
1478 732 1662 773 flamma>¹

176 802 464 851 suffunderent,
498 803 729 850 excitarent,
763 802 796 843 si
829 802 940 843 urbis
973 802 1154 843 conditor
1174 802 1372 842 Romulus
1396 800 1558 842 asinina
1581 802 1664 840 sta-

174 872 234 911 ret
267 872 305 911 in
347 870 466 919 facie,
512 871 545 912 si
577 872 741 911 sanctus
773 870 1003 923 Pompilius
1035 871 1077 910 111
1110 871 1270 920 canina,
1310 870 1344 910 si
1386 869 1548 921 porcina
1589 867 1662 908 sub

176 940 304 992 specie
344 951 488 980 nornen
530 940 635 980 esset
667 938 831 980 Catonis
873 939 944 980 aut
986 938 1113 980 Marci
1147 939 1348 980 Ciceronis
1390 937 1662 989 inscriptum?

131 1008 233 1049 mita
266 1020 358 1061 ergo
390 1007 661 1049 stoliditatem
695 1008 873 1048 uestram
906 1021 983 1049 non
1016 1007 1149 1058 rideri,
1183 1008 1217 1048 si
1249 1007 1397 1058 rident,
1432 1006 1581 1047 uestris
1613 1004 1662 1046 al>

176 1076 410 1116 numinibus
452 1076 615 1128 remini,
664 1080 733 1117 aut
776 1076 964 1128 quoniam
1008 1076 1180 1117 censetis
1212 1076 1329 1117 adfici
1362 1087 1427 1116 eos
1460 1075 1536 1127 ira,
1585 1085 1661 1115 non

175 1145 367 1189 insanire,
412 1157 487 1185 11011
521 1145 650 1185 furere
693 1158 818 1197 neque
860 1156 928 1196 pro
972 1144 1134 1185 iniuriis
1176 1146 1215 1185 et
1246 1144 1502 1185 contumeliis
1534 1143 1661 1184 tantis

175 1214 307 1254 ultum
343 1213 397 1253 ire
429 1225 468 1253 se
501 1213 605 1253 uelle
637 1213 886 1265 iacularique
918 1214 958 1253 111
993 1226 1062 1254 1103
1100 1226 1145 1254 ea
1179 1226 1280 1266 quae
1303 1213 1416 1254 dolor
1438 1214 1578 1253 suetus
1602 1214 1660 1252 est

174 1281 303 1322 iacere
335 1287 372 1322 et
404 1281 633 1322 offensionis
666 1281 865 1322 acerbitas
904 1282 1184 1322 comminisci?
1228 1283 1379 1334 quanto
1412 1281 1545 1321 fuerat
1578 1292 1661 1321 rec-

130 1349 254 1390 Latius
286 1349 591 1401 elephantorum
625 1350 685 1389 liis
709 1350 870 1394 forinas,
904 1350 1193 1402 pantherarum
1225 1352 1295 1391 aut
1326 1349 1536 1403 tigridum,
1570 1350 1660 1389 tau-

173 1431 303 1459 rorum
347 1430 618 1470 equorumque
659 1419 833 1459 donare?
879 1431 973 1459 nam
1015 1419 1112 1470 quid
1153 1419 1193 1459 in
1232 1418 1396 1459 homine
1432 1417 1436 1470 l
1473 1417 1660 1470 pulcrum
1677 1427 1696 1457 s.
1713 1426 1772 1458 70*

172 1491 252 1534 est,
286 1486 404 1538 quid,
436 1497 600 1538 quaese,
642 1486 881 1527 admirabile
912 1486 978 1527 uel
1010 1486 1217 1536 decorum,
1257 1486 1335 1527 nisi
1366 1487 1472 1539 quod
1505 1486 1544 1526 et
1574 1485 1660 1526 clu-

172 1555 259 1594 rino
292 1567 383 1595 011111
415 1566 553 1606 pecore
586 1555 718 1595 nescio
751 1555 840 1607 quis
872 1557 1010 1596 auctor
1033 1556 1165 1596 uoluit
1196 1568 1281 1596 esse
1313 1557 1560 1596 commune?
1591 1554 1659 1595 sed
1682 1554 1725 1593 17

172 1623 204 1663 si
239 1622 372 1672 uobis,
407 1622 617 1674 inquiunt,
650 1624 788 1664 nostra
818 1623 997 1676 opinatio
1029 1623 1238 1675 displicet,
1271 1635 1342 1664 uos
1373 1624 1659 1665 demonstrate.

127 1709 158 1733 20
172 1703 242 1731 uos
274 1690 408 1739 dicite,
442 1704 519 1743 qua
552 1691 604 1731 sit
626 1691 722 1732 deus
745 1691 952 1744 praeditus
975 1691 1118 1732 forma.
1153 1692 1185 1733 si
1210 1704 1349 1733 ueram
1372 1692 1500 1733 uultis
1523 1692 1661 1733 audin·

171 1760 437 1800 sententiam:
471 1762 542 1800 aut
574 1760 730 1800 nullam
762 1760 884 1801 habet
917 1760 1015 1801 deus
1048 1761 1234 1811 formam,
1268 1761 1340 1802 aut
1361 1761 1395 1802 si
1418 1760 1659 1801 informatus

172 1830 232 1868 est
270 1828 427 1880 aliqua.
475 1840 520 1869 ea
561 1841 659 1881 quae
699 1828 754 1869 sit
786 1828 962 1881 profecto
996 1830 1209 1870 nescimus.
1258 1842 1385 1881 neque
1417 1829 1524 1869 enim
1556 1831 1656 1881 (111011

172 1896 351 1937 uidimus
384 1909 602 1949 numquam
636 1897 789 1937 nescire
821 1910 907 1938 esse
940 1897 1127 1938 ducimus
1160 1899 1277 1949 turpe
1310 1899 1381 1938 aut
1413 1911 1458 1938 ea
1495 1911 1537 1937 re
1569 1909 1659 1949 pro-

172 1964 360 2005 hibemur
391 1964 564 2005 aliorum
597 1965 820 2006 sententias
853 1964 1046 2014 refutare,
1090 1966 1185 2018 quia
1224 1978 1343 2018 super
1376 1966 1446 2007 hoc
1479 1970 1657 2007 nostram

127 2049 156 2072 2⁵
173 2031 326 2072 nullam
359 2032 434 2084 ipsi
467 2032 709 2073 sententiam
742 2033 979 2085 promimus.
1013 2034 1058 2074 ut
1089 2034 1210 2084 enim,
1245 2034 1278 2074 si
1310 2035 1462 2074 uitreus
1493 2046 1577 2075 esse
1600 2032 1659 2073 di-

171 2101 285 2141 catur
316 2100 502 2150 111111111113,
536 2101 570 2141 31
602 2102 829 2154 argenteus,
870 2101 1021 2142 ferreus
1053 2102 1118 2142 uel
1150 2114 1195 2142 ex
1227 2102 1366 2155 fragili
1398 2103 1658 2156 conglobatus

171 2170 211 2208 et
251 2168 473 2209 fabricatus
513 2170 637 2218 testa,
686 2182 765 2211 non
806 2169 1042 2210 dubitemus
1088 2170 1239 2211 falsum
1280 2183 1365 2211 esse
1408 2170 1657 2213 contendere.

171 2237 358 2288 quamuis
390 2250 490 2289 quae
522 2237 576 2278 sit
609 2238 694 2278 eius
735 2238 908 2279 materia
941 2239 1190 2288 nesciamus,
1233 2240 1291 2280 ita
1323 2252 1415 2281 cum
1447 2240 1494 2280 de
1526 2240 1658 2293 specie

171 2307 317 2351 agatur
348 2306 434 2349 (lei.
477 2318 596 2357 quam
639 2306 859 2357 perhibetis
901 2307 1179 2348 conuincimus
1221 2320 1297 2348 non
1337 2321 1444 2358 esse,
1496 2309 1654 2349 etiamsi

308 2409 348 2440 18
374 2407 506 2440 Ennius
533 2411 598 2441 sat.
624 2408 668 2440 45
696 2408 735 2440 V.

218 2488 230 2519 1
261 2487 408 2520 ueritate
435 2488 681 2530 '‘stow-althaim
704 2488 956 2522 anaeellense:
983 2489 1130 2522 ueritate
1149 2480 1165 2521 ἷζ-
1189 2490 1219 2522 Ι’
1242 2490 1391 2523 ueritate
1408 2501 1480 2524 esse
1500 2491 1568 2525 Sub

171 2543 325 2576 asselluli
359 2545 388 2576 Ι)
411 2554 490 2577 corr
508 2548 534 2577 ς’
675 2545 770 2587 porci
795 2545 829 2577 P
966 2547 986 2576 (ἱ
1011 2545 1176 2588 *iuquam
1205 2547 1236 2579 I’
1376 2548 1419 2582 13
1445 2559 1509 2591 que
1538 2550 1569 2582 P

172 2602 212 2634 14
237 2601 407 2634 aceruitas
435 2602 467 2634 1¹
492 2612 573 2634 corr
715 2602 753 2633 15
778 2602 1034 2635 helefantorum
1056 2603 1088 2635 Ι)
1224 2603 1412 2646 trigridum
1438 2605 1567 2638 Pcorr

172 2658 210 2691 17
237 2658 382 2701 clurino]
410 2658 565 2690 ueteriuo
595 2658 664 2690 Sal)
791 2660 828 2691 ιἰι
855 2671 906 2703 my
1090 2659 1130 2692 19
1157 2659 1258 2692 nobis
1286 2660 1356 2693 Sal)
1494 2662 1538 2694 20
1564 2673 1655 2705 prae-

168 2715 282 2748 dictus
303 2714 371 2747 §ab
472 2716 514 2748 22
533 2726 595 2757 que
615 2715 646 2747 1¹
663 2725 741 2747 corr
759 2720 787 2748 ς’
887 2716 930 2748 23
948 2716 1168 2759 prohibemur
1189 2716 1274 2749 Gel:
1292 2717 1513 2760 prohibemus
1534 2719 1567 2752 P

168 2772 210 2803 24
229 2771 374 2804 alioruin
398 2771 482 2805 Gel:
508 2772 704 2814 aliquorum
725 2772 758 2804 P
893 2773 935 2806 '25
961 2774 1028 2816 ipsi
1051 2774 1081 2806 1¹
1217 2773 1259 2808 26
1279 2774 1509 2818 conglobatus
1528 2776 1655 2809 Illam·-

168 2829 261 2861 sae'us:
287 2828 510 2861 vonclobatus
538 2830 571 2861 Ι)
594 2828 799 2861 condolatus
828 2830 898 2863 Sub
1039 2830 1081 2862 :27
1108 2833 1198 2863 testa
1221 2831 1304 2864 Gel:
1331 2834 1384 2865 cst
1409 2834 1499 2865 ‘cesta
1526 2833 1560 2865 P
1583 2842 1654 2864 ess-s

169 2887 259 2917 testa
286 2885 499 2918 Stezceclu'us
