2032 3248
380 248 461 290 192
783 246 972 280 Arnobii
1010 245 1223 280 aduersus
1260 245 1466 280 nationes

379 363 513 405 cestus
552 374 614 404 res
652 374 747 404 suas
779 362 821 404 et
851 361 1011 415 prodita
1040 374 1112 414 per
1141 361 1357 403 libidinem
1397 361 1539 404 fraude
1568 362 1802 404 intellectus
1834 364 1874 404 et

378 432 568 487 cognitus
607 431 755 473 euolat.
813 430 990 472 ardescit
1028 431 1146 472 furiis
1186 432 1309 484 atque
1347 430 1700 485 indignationibus
1730 432 1873 481 mater,

378 501 542 553 spumat
584 500 748 541 anhelat
789 500 1000 541 exaestuat
1044 512 1117 541 nec
1165 499 1380 541 fremitum
1411 500 1620 542 continere
1650 500 1874 553 tempesta-

377 572 542 622 temque
579 569 733 610 irarum
771 568 912 610 ualens
958 580 1004 609 ex
1050 568 1241 610 continua
1284 569 1469 621 passione
1510 569 1652 610 Brimo
1685 569 1873 622 deinceps

377 641 423 680 ut
468 638 697 692 appelletur
734 636 988 691 adsumpsit,
1035 650 1165 691 neque
1205 637 1288 679 alia
1329 638 1438 679 cordi
1477 638 1538 679 est
1576 650 1639 679 res
1677 638 1713 679 ei
1750 651 1873 691 quam
1906 649 1920 674 ⁵

311 707 358 747 2³
378 708 426 749 ut
456 705 669 749 audaciam
701 705 778 747 filii
809 706 948 759 poenis
979 706 1128 759 quibus
1150 706 1259 760 potis
1282 707 1344 748 est
1363 706 1641 759 persequatur.
1688 706 1874 760 Iuppiter

377 775 530 830 satagit
561 775 714 817 fractus
746 776 860 816 metu
891 787 965 816 nec
987 775 1136 828 quibus
1157 775 1349 817 remediis
1371 774 1499 817 leniat
1520 774 1697 817 uiolatae
1718 776 1873 817 animos

376 844 540 898 reperit.
590 843 727 886 fundit
769 855 905 897 preces
947 844 987 885 et
1019 843 1244 897 subplicat:
1292 844 1524 886 obstructae
1564 845 1659 886 sunt
1696 845 1873 887 dolentis

377 926 508 957 aures,
560 913 777 967 adlegatur
823 913 990 954 deorum
1036 913 1251 954 uniuersus
1296 912 1411 954 ordo:
1458 913 1614 954 nullius
1651 914 1874 956 auctoritas

376 984 496 1025 tanta
527 983 588 1024 est
617 982 664 1023 ut
695 981 899 1023 audiatur.
948 982 1000 1023 ad
1030 983 1285 1035 postremum
1315 981 1426 1023 filius
1458 981 1547 1024 uias
1578 982 1873 1025 satisfactionis
1890 995 1920 1020 10

376 1051 587 1105 inquirens
619 1050 949 1093 comminiscitur
978 1050 1207 1092 remedium
1237 1050 1340 1092 tale:
1373 1050 1544 1092 arietem
1572 1051 1752 1093 nobilem
1773 1051 1873 1093 bene

376 1121 600 1176 grandibus
638 1133 731 1162 cum
770 1120 975 1162 testiculis
1016 1120 1184 1175 deligit,
1228 1120 1386 1162 exsecat
1424 1119 1497 1162 hos
1533 1120 1620 1173 ipse
1659 1121 1699 1162 et
1737 1120 1874 1162 lanato

377 1190 488 1232 exuit
518 1202 564 1231 ex
594 1189 769 1231 folliculi
801 1190 996 1244 tegmine.
1044 1189 1237 1231 accedens
1269 1201 1452 1231 maerens
1484 1191 1526 1231 et
1559 1189 1802 1231 summissus
1823 1190 1873 1231 ad

375 1262 550 1301 matrem
597 1259 637 1299 et
682 1259 894 1311 tamquam
940 1258 1026 1311 ipse
1064 1258 1269 1300 sententia
1309 1258 1664 1300 condemnauisset
1707 1271 1747 1300 se
1787 1271 1872 1311 sua,

375 1329 418 1369 in
450 1327 654 1382 gremium
684 1327 831 1380 proicit
865 1327 921 1382 [et
951 1327 1067 1382 iacit]
1101 1327 1172 1369 hos
1202 1327 1300 1369 eius.
1342 1327 1547 1369 uirilitate
1575 1327 1757 1380 pignoris
1785 1328 1873 1370 uisa
1891 1344 1920 1368 ιε,

376 1397 504 1438 sumit
536 1396 719 1438 animum
751 1396 959 1437 mitiorem
991 1397 1031 1438 et
1063 1396 1250 1449 concepti
1272 1395 1383 1438 fetus
1405 1397 1619 1437 reuocatur
1640 1395 1690 1437 ad
1712 1409 1872 1438 curam:

376 1466 485 1520 parit
521 1477 703 1507 mensem
741 1467 834 1518 post
873 1465 1079 1506 decimum
1120 1466 1321 1507 luculenti
1360 1465 1492 1507 filiam
1523 1465 1718 1518 corporis,
1752 1478 1873 1518 quam

259 1540 283 1576 f.
301 1542 364 1573 109
378 1535 490 1576 aetas
519 1534 758 1576 mortalium
780 1546 1026 1588 consequens
1056 1534 1175 1575 modo
1197 1535 1387 1576 Liberam
1410 1534 1528 1576 modo
1556 1533 1561 1589 Ι
1587 1534 1874 1587 Proserpinam

375 1603 640 1656 nuncupauit.
688 1616 812 1656 quam
844 1615 937 1644 cum
968 1615 1189 1644 uerueceus
1220 1602 1407 1657 Iuppiter
1438 1603 1540 1644 bene
1570 1602 1766 1651 ualidam,
1799 1601 1873 1643 flo—

375 1672 507 1714 ridam
546 1674 585 1713 et
626 1672 711 1713 suci
751 1684 837 1714 esse
875 1672 1126 1724 conspiceret
1168 1672 1382 1726 plenioris²
1431 1671 1584 1713 oblitus
1623 1671 1743 1724 paulo
1780 1673 1920 1715 ante20

376 1741 474 1794 quid
505 1742 710 1782 malorum
743 1741 783 1782 et
813 1740 977 1782 sceleris
1011 1741 1116 1782 esset
1147 1741 1364 1795 adgressus
1396 1742 1436 1782 et
1466 1741 1715 1782 temeritatis
1745 1753 1873 1793 quan-

375 1812 479 1859 tum,
519 1809 624 1851 redit
655 1810 704 1851 ad
735 1809 881 1863 prioris
913 1811 1040 1858 actus,
1074 1810 1114 1850 et
1145 1809 1241 1862 quia
1272 1809 1475 1850 nefarium
1513 1809 1729 1851 uidebatur
1759 1810 1871 1859 satis,

376 1880 534 1932 patrem
573 1890 666 1920 cum
705 1878 791 1920 filia
829 1878 1055 1919 comminus
1100 1878 1240 1923 uxoria
1283 1877 1568 1931 coniugatione
1613 1878 1798 1927 misceri,
1831 1878 1874 1920 in

377 1947 560 1989 draconis
581 1947 813 1988 terribilem
834 1946 1009 1988 formam
1031 1947 1198 2001 migrat,
1221 1946 1457 2001 ingentibus
1474 1946 1596 2000 spiris
1618 1946 1875 2000 pauefactam

377 2017 547 2070 colligat
585 2015 789 2070 uirginem
822 2016 862 2057 et
892 2015 967 2057 sub
1006 2016 1176 2058 obtentu
1217 2015 1292 2057 feri
1323 2015 1578 2056 mollissimis
1617 2015 1725 2057 ludit
1755 2016 1875 2068 atque
1889 2034 1920 2060 25

376 2086 569 2126 adulatur
599 2084 868 2138 amplexibus.
902 2084 948 2125 fit
979 2085 1026 2125 ut
1059 2085 1099 2125 et
1129 2084 1219 2138 ipsa
1250 2084 1298 2125 de
1329 2084 1484 2125 semine
1516 2084 1731 2126 fortissimi
1763 2096 1874 2126 com-

375 2153 536 2207 pleatur
566 2153 689 2202 IouiS‚
723 2155 792 2195 sed
822 2165 902 2194 non
935 2152 1076 2194 eadem
1108 2152 1345 2194 condicione
1377 2165 1456 2205 qua
1487 2153 1637 2194 mater:
1674 2165 1770 2194 nam
1800 2152 1873 2193 illa

375 2222 505 2263 filiam
536 2221 717 2263 reddidit
738 2220 992 2263 liniamentis
1014 2221 1262 2274 descriptam
1286 2221 1384 2271 suis,
1420 2221 1463 2262 at
1487 2234 1533 2263 ex
1554 2224 1674 2275 partu
1695 2221 1870 2276 uirginis

421 2359 442 2392 2
467 2358 622 2392 ardescet
640 2357 676 2392 P
690 2367 772 2392 corr
788 2360 817 2391 ε’
956 2357 977 2390 3
1001 2357 1280 2401 tempestateque
1298 2356 1333 2390 P
1348 2366 1428 2390 corr
1445 2367 1462 2390 c
1600 2357 1622 2391 4
1639 2356 1758 2390 Brimo
1784 2357 1874 2391 Gui-

375 2415 500 2450 lelmus
531 2415 732 2449 Canterus:
765 2414 878 2458 primo
905 2414 940 2448 P
1114 2414 1136 2448 5
1161 2413 1358 2457 appelletur
1382 2413 1589 2448 Meursius:
1621 2414 1819 2458 appellatur
1846 2415 1881 2448 P

374 2473 616 2517 appellaretur
648 2471 716 2506 Urs
898 2481 1003 2515 quam
1038 2472 1077 2504 ut
1111 2470 1184 2505 Sab
1214 2471 1256 2504 in
1290 2480 1369 2504 err:
1407 2471 1492 2515 quin
1526 2471 1562 2505 P
1596 2471 1680 2515 quia
1714 2472 1785 2506 Sab

375 2530 396 2563 6
422 2528 621 2563 *audaciam
638 2528 674 2562 P
791 2527 844 2561 fili
862 2528 896 2561 P
913 2537 994 2562 corr
1117 2527 1139 2561 8
1155 2537 1295 2570 praeces
1314 2527 1350 2561 P
1470 2527 1623 2562 dolentis
1644 2527 1734 2562 Sab:
1758 2528 1875 2561 dolen-

374 2579 481 2620 tes'P
616 2586 638 2620 9
662 2595 744 2619 aues
764 2585 799 2619 P
815 2595 896 2619 corr
1036 2585 1077 2618 13
1103 2584 1255 2618 folliculi
1275 2584 1366 2618 Sab:
1391 2584 1551 2628 polliculi
1569 2585 1604 2618 P
1742 2595 1874 2619 merens

377 2643 411 2677 P
434 2653 515 2677 cor-r
539 2654 559 2677 r
714 2642 756 2676 14
781 2641 1047 2676 condemnasset
1073 2641 1142 2675 Sab
1305 2641 1348 2675 15
1372 2643 1408 2675 et
1433 2641 1519 2675 iacit
1543 2640 1601 2675 del
1631 2641 1785 2676 Orellius

374 2700 434 2733 uia
460 2701 495 2734 P
518 2710 599 2734 corr
783 2700 825 2733 16
849 2698 1008 2743 concepti
1040 2697 1128 2732 Urs:
1154 2698 1313 2742 concepit
1340 2699 1390 2742 (ce
1415 2698 1457 2732 in
1482 2698 1513 2732 ci
1539 2700 1634 2742 corr)
1662 2699 1697 2732 P
1720 2698 1873 2743 concipit

376 2756 448 2791 Sab
594 2757 636 2790 19
662 2766 844 2790 uei-ueceus
871 2756 961 2790 Sab:
995 2754 1204 2789 uiruiriceus
1230 2756 1266 2789 P
1407 2755 1451 2788 22
1476 2756 1572 2789 astus
1598 2755 1785 2790 Mem-sius

374 2814 419 2848 24
437 2813 659 2857 ingenitibus
678 2814 713 2847 P
729 2824 811 2848 corr
931 2812 976 2846 25
992 2812 1057 2846 feri
1081 2812 1169 2846 Urs.-
1187 2812 1258 2847 fero
1277 2813 1310 2845 P
1431 2812 1474 2846 27
1492 2812 1589 2846 illam
1607 2813 1642 2846 P
1658 2823 1740 2848 corr
1756 2816 1783 2848 θ’

375 2872 420 2906 28
444 2871 519 2905 filia
544 2871 580 2905 P
603 2881 685 2905 corr
710 2874 737 2905 ε’
877 2872 914 2904 at
940 2870 1022 2911 Sab,
1048 2880 1087 2903 r:
1112 2869 1156 2903 ad
1182 2870 1217 2903 P
