2032 3248
535 274 588 306 De
615 274 945 317 rebaptismate
972 284 998 306 (·.
1028 273 1170 306 10-12.
1545 276 1599 317 83

103 379 329 425 patrocinari
352 379 385 415 ei
408 379 453 415 ad
477 379 635 416 salutem
666 379 913 420 existimabis.
945 379 1032 416 licet
1064 391 1136 415 non
1163 380 1213 415 sit
1235 390 1329 426 aqua
1352 379 1596 426 baptizatus?

101 448 198 494 quod
237 448 379 494 perisse
415 458 497 484 eum
521 448 767 489 existimabis,
805 447 952 484 obuiam
985 447 1055 484 tibi
1086 448 1209 484 ueniet
1242 448 1428 484 sententia
1451 447 1598 485 Domini

100 516 278 553 dicentis:
321 516 602 563 quicumque
642 527 706 552 me
739 515 990 553 confessus
1032 516 1183 552 fuerit
1215 527 1366 553 coram
1400 515 1600 553 homini—

100 584 210 626 bus,
250 583 529 622 confitebor
575 584 710 621 illum
742 586 786 621 et
818 596 901 631 ego
942 596 1093 622 coram
1134 588 1272 631 patre
1319 596 1411 621 meo
1444 584 1522 631 qui
1555 584 1599 620 in

72 668 85 690 r»
101 652 255 690 caelis
288 656 377 690 est:
411 653 496 700 quia
519 652 615 689 nihil
638 652 796 690 interest
818 655 943 689 utrum
967 652 1027 690 hic
1052 653 1205 689 uerbum
1228 653 1385 689 audiens
1408 664 1454 689 an
1477 651 1598 689 fidelis

100 722 149 759 sit
171 722 233 768 qui
257 721 455 759 confitetur
476 722 687 767 Dominum,
712 721 909 758 dummodo
932 722 1055 768 ipsum
1073 721 1264 758 Christum
1287 732 1397 767 quem
1430 720 1597 758 confiteri

99 792 246 837 oportet
284 790 519 835 confiteatur,
556 790 643 837 quia
674 790 853 826 Dominus
898 790 980 836 pari
1013 790 1090 827 uice
1120 790 1328 826 confitendo
1351 789 1492 836 etipse
1516 800 1597 825 con-

101 858 281 895 fessorem
311 870 417 894 suum
448 858 546 905 apud
574 860 720 904 patrem
753 859 890 896 honore
921 869 1004 895 eum
1035 858 1205 905 martyrii
1236 858 1307 902 sui,
1344 859 1382 894 ut
1405 856 1597 903 pollicitus

100 930 169 971 est,
194 930 357 964 exornet.
381 927 478 973 quod
508 926 635 973 utique
664 938 737 964 nou
762 926 1001 964 debetlatius
1023 926 1155 973 accipi,
1180 925 1288 973 quasi
1317 926 1437 972 possit
1459 936 1597 971 usque-

55 1008 84 1031 io
100 1006 245 1042 quaque
277 995 431 1042 porrigi,
468 994 554 1042 quia
586 996 709 1041 potest
739 995 880 1032 Christi
911 1007 1043 1032 nomen
1076 994 1188 1031 etiam
1210 994 1424 1032 haereticus
1446 993 1598 1041 aliquis,

99 1063 162 1110 qui
193 1066 319 1101 tamen
348 1063 471 1110 ipsum
502 1064 694 1101 Christum
723 1066 849 1110 negat,
880 1063 1063 1109 confiteri,
1097 1064 1184 1110 quia
1207 1066 1245 1100 in
1269 1063 1385 1100 alium
1409 1062 1599 1099 Christum

98 1132 230 1177 credit,
268 1145 351 1170 cum
388 1132 561 1169 Christus
599 1133 819 1169 confiteatur
855 1133 952 1179 quod
989 1132 1027 1170 ei
1059 1132 1237 1182 prodesse
1275 1132 1427 1169 minime
1466 1131 1598 1177 possit,

99 1201 130 1238 si
153 1201 302 1248 quidem
325 1201 506 1239 Dominus
531 1213 604 1239 non
629 1201 710 1238 nisi
730 1212 768 1238 se
799 1202 922 1248 ipsum
944 1202 982 1238 in
1004 1202 1275 1240 confessionem
1297 1214 1318 1238 a
1349 1201 1455 1239 nohis
1478 1212 1599 1239 coram

102 1269 316 1306 hominibus
354 1270 485 1307 deduci
523 1275 693 1317 ‹2·p‹;›1·te1·e
729 1269 835 1315 dixit,
873 1270 970 1316 quod
1001 1270 1080 1307 sine
1111 1270 1190 1317 ipso
1213 1272 1250 1307 et
1272 1271 1352 1307 sine
1387 1270 1600 1307 uenerando

54 1353 85 1376 15
101 1338 248 1375 nomine
271 1338 349 1375 eius
372 1350 444 1375 non
470 1340 591 1384 potest
614 1338 705 1375 lieri.
729 1340 765 1374 et
788 1338 868 1375 ideo
893 1338 1082 1385 integrum
1103 1350 1145 1376 ac
1168 1339 1352 1375 sincerum
1375 1342 1411 1376 et
1434 1338 1601 1375 inconta-

107 1406 287 1443 minatum
320 1409 355 1443 et
387 1406 611 1444 inuiolatum
642 1408 840 1453 utrumque
873 1407 984 1443 debet
1013 1407 1217 1444 consistere
1254 1407 1460 1452 confitenti,
1498 1406 1602 1444 nullo

102 1475 248 1513 delectu
272 1475 399 1512 habito
431 1475 548 1522 ipsius
579 1475 816 1520 confessoris,
849 1475 927 1512 siue
960 1475 1022 1512 ille
1053 1475 1174 1512 iustus
1207 1475 1285 1512 siue
1307 1478 1491 1522 peccator,
1515 1486 1601 1522 per-

102 1543 294 1590 fectusque
337 1544 565 1581 christianus
602 1556 648 1581 an
686 1556 774 1582 uero
811 1544 924 1581 etiam
954 1555 1051 1581 nunc
1074 1544 1330 1590 imperfectus,
1368 1544 1431 1591 qui
1461 1556 1602 1581 summo

107 1612 321 1650 discrimine
346 1625 410 1650 suo
432 1613 631 1650 Dominum
654 1613 823 1650 confiteri
846 1625 918 1649 non
939 1612 1079 1649 timuit.
1113 1624 1179 1650 nec
1202 1616 1259 1650 est
1282 1613 1351 1650 hoc
1372 1612 1601 1650 contrarium

58 1694 89 1718 20
105 1682 287 1728 superiori
310 1682 509 1719 tractatui:
544 1682 628 1728 quia
653 1681 732 1719 illie
754 1681 903 1729 quidem
926 1684 1073 1728 tempus
1095 1684 1289 1728 supererat
1311 1682 1358 1718 ad
1381 1681 1603 1728 corrigenda

103 1763 196 1798 quae
229 1750 361 1787 mutila
394 1751 451 1787 uel
482 1763 595 1797 praua
627 1754 727 1796 sunt,
761 1752 797 1787 et
820 1750 994 1798 qutniiam
1017 1751 1199 1797 quaedam
1222 1761 1396 1787 concessa
1419 1752 1506 1787 sunt
1529 1749 1602 1796 ipsi

102 1820 357 1857 tantummodo
394 1820 534 1856 nomini
571 1819 720 1856 Domini
754 1820 896 1865 nostri,
935 1818 1155 1866 martyrium
1191 1821 1316 1856 autem
1353 1830 1425 1855 non
1457 1818 1532 1855 nisi
1564 1817 1601 1853 in

102 1888 181 1934 ipso
219 1893 253 1925 et
291 1900 355 1934 per
385 1889 503 1934 ipsum
541 1888 738 1925 Dominum
776 1888 895 1934 possit
932 1887 1193 1932 consummari,
1232 1890 1267 1923 et
1304 1887 1440 1924 ideirco
1478 1896 1598 1933 neque

104 1957 293 1994 Christum
317 1958 395 1995 sine
420 1957 536 2004 ipsius
559 1958 706 1994 nomine
729 1958 812 2004 quis
835 1957 954 2004 possit
977 1956 1147 1994 confiteri
1169 1968 1289 2002 neque
1306 1967 1439 1993 nomen
1458 1955 1598 1992 Christi

56 2036 86 2060 ’.νε
102 2026 181 2062 sine
207 2025 284 2071 ipso
309 2026 455 2063 Christo
478 2027 525 2063 arl
546 2027 816 2065 confessionem
839 2026 1010 2072 cuiquam
1033 2025 1152 2071 possit
1174 2024 1416 2071 patrocinari.

160 2094 394 2140 Quapmpter
422 2103 522 2131 totus
552 2095 819 2132 discernendus
849 2098 906 2132 est
936 2096 1122 2132 tractatus
1154 2094 1226 2133 hie.
1266 2095 1305 2130 ut
1335 2092 1455 2140 possit
1478 2092 1597 2130 mani-
1616 2098 1665 2134 12

102 2163 233 2199 festior
264 2162 354 2199 lieri.
390 2174 545 2209 namque
577 2163 763 2201 inuocatio
792 2163 951 2200 nominis
981 2164 1067 2200 Iesu
1098 2163 1179 2200 ideo
1202 2164 1348 2199 tantum
1371 2161 1599 2208 patrocinari

100 2237 237 2278 potest,
263 2232 295 2267 si
319 2231 388 2268 rite
412 2231 580 2278 suppleta
604 2238 732 2278 postea
755 2232 882 2273 fuerit.
906 2232 992 2279 (111111
1015 2234 1050 2268 01
1074 2231 1280 2278 prophetae
1303 2234 1340 2267 et
1362 2229 1524 2276 apostoli
1546 2229 1599 2266 ita

102 2300 425 2346 praedicauemuit.
460 2300 510 2336 ait
541 2300 639 2337 enim
670 2301 826 2338 Iacobus
866 2300 903 2336 in
934 2300 1027 2338 actis
1066 2299 1338 2345 ap‹1›stoloruin:
1373 2298 1467 2335 uiri
1506 2298 1598 2334 fra-

55 2370 224 2409 301105,
277 2369 461 2405 audito:
510 2369 664 2405 Simon
716 2368 937 2415 exposuit
968 2367 1351 2414 quo111ad1n‹t›dum
1402 2366 1599 2413 primum

104 2437 225 2473 Deus
259 2436 546 2473 uisitauerit
579 2437 796 2483 accipere
829 2449 879 2473 ex
902 2436 1131 2482 gentibus
1163 2435 1392 2481 populum
1424 2433 1598 2472 nomini

105 2518 208 2544 suo.
250 2515 292 2542 et
337 2506 444 2542 huic
486 2508 750 2542 consonant
790 2515 1028 2542 sermones
1068 2505 1429 2550 prophetarum,
1470 2502 1599 2540 sicut

101 2574 333 2620 scriptum
399 2577 489 2611 est:
553 2580 660 2619 post
722 2574 832 2610 haec¹
898 2576 1115 2610 reuertar
1174 2577 1218 2609 et
1269 2570 1598 2608 reaedificabo

192 2673 212 2704 :3
239 2673 368 2706 Α11111111.
402 2674 450 2705 lli.
476 2674 529 2706 532.
671 2671 713 2704 29
738 2672 815 2705 Act.
843 2672 894 2705 15.
923 2671 1070 2704 155—17.

192 2775 211 2805 2
237 2771 341 2815 quod]
369 2771 505 2814 quando
530 2771 616 2811 ἴοι-Ι.
789 2769 810 2802 (ἶ
838 2768 1016 2802 (1011111111111
1042 2768 1178 2810 scripsi.
1206 2767 1347 2801 domino
1373 2767 1448 2801 cod.
1476 2771 1507 2800 et
1534 2779 1553 2800 1·

103 2831 144 2863 13
170 2830 237 2863 nisi
264 2829 392 2862 molal(
517 2829 557 2860 15³
585 2827 722 2860 ‹loniino
743 2826 820 2869 lay.
948 2827 988 2858 211
1017 2836 1103 2867 quae
1129 2824 1256 2858 mutila
1288 2825 1378 2858 coni.
1406 2824 1600 2862 L’ulnte'us,

100 2897 205 2930 quain
240 2886 351 2919 multa
378 2886 466 2919 coni.
496 2885 586 2928 lay..
622 2894 708 2927 quae
734 2883 847 2916 inulta
872 2882 946 2917 cod.
975 2886 1005 2915 et
1034 2895 1050 2914 1·
1220 2882 1263 2914 32
1289 2881 1384 2924 huic]
1413 2880 1442 2913 si
1469 2880 1550 2923 lily.

1255 2941 1321 2978 6*
