2032 3248
354 210 467 241 cvnI
891 194 1085 230 Caecilii
1110 194 1325 240 Cypriani

353 303 428 344 est.
459 301 549 343 illic
578 313 672 343 cum
701 302 794 354 post
823 300 903 342 iter
929 300 1102 356 longum
1124 300 1253 343 nimio
1276 302 1422 344 sudore
1444 302 1684 345 madidatus
1707 302 1867 345 sederet

354 371 501 427 (sedile
523 372 663 413 autem
685 372 774 413 erat
795 370 967 413 fortuito
989 370 1117 412 linteo
1140 371 1312 422 tectum,
1337 372 1385 413 ut
1403 373 1443 414 et
1459 373 1534 415 sub
1553 373 1639 414 ictu
1661 372 1864 427 passionis

354 441 610 494 episcopatus
644 440 794 482 honore
830 439 1066 495 frueretur),
1105 441 1275 494 quidam
1314 455 1360 484 ex
1391 442 1622 484 tesserariis
1659 442 1867 496 quondam

353 509 613 552 Christianus
646 522 709 551 res
743 522 838 552 suas
872 510 1040 562 obtulit,
1080 511 1198 564 quasi
1227 512 1357 554 uellet
1385 512 1458 554 1116
1488 512 1752 554 uestimentis
1781 511 1867 554 suis

352 579 538 622 humidis
566 579 739 621 sicciora
766 580 949 622 mutare:
987 579 1184 622 uidelicet
1212 581 1320 622 nihil
1347 580 1462 623 aliud
1490 581 1533 623 in
1561 581 1682 623 rebus
1712 581 1896 624 oblatis5

353 649 578 703 ambiebat,
609 662 734 702 quam
756 650 804 691 ut
824 649 1121 702 proficiscentis
1143 649 1195 691 ad
1217 650 1352 691 Deum
1374 650 1571 704 martyris
1594 650 1763 692 sudores
1783 650 1868 692 iam

353 718 601 773 sanguineos
630 718 870 772 possideret.
903 718 969 759 cui
998 718 1070 760 ille
1099 719 1311 773 respondit
1332 720 1374 761 et
1396 719 1527 761 dixit:
1553 715 1770 761 ‘medellas
1792 719 1867 761 ad-

352 787 545 830 hibemus
567 788 757 841 querelis,
781 801 886 842 quae
907 788 1029 829 hodie
1050 787 1225 830 forsitan
1246 801 1327 830 non
1348 781 1494 831 erunt'.
1524 789 1692 840 mirum,
1716 789 1751 830 si
1773 801 1869 830 con-

352 857 526 910 tempsit
548 857 733 899 laborem
756 869 932 911 corpore,
956 857 1027 911 qui
1048 859 1226 900 mortem
1248 859 1386 901 mente
1408 859 1741 913 contempserat?
1769 859 1870 912 quid

352 927 502 979 plura?
540 927 676 969 subito
711 927 947 980 proconsuli
981 927 1199 970 nuntiatus
1234 929 1309 970 est.
1346 929 1588 982 producitur
1623 928 1868 970 admonetur
1885 939 1917 965 ιο

352 995 633 1051 interrogatur
654 997 704 1038 de
723 1008 796 1038 suo
817 996 1002 1038 nomine:
1026 1009 1069 1038 se
1091 1009 1179 1039 esse
1195 997 1418 1051 respondit.
1443 999 1484 1039 et
1506 998 1705 1040 hactenus
1726 997 1865 1040 uerba.

288 1071 336 1112 17
410 1066 533 1120 Legit
569 1065 709 1119 itaque
746 1065 795 1107 de
831 1065 975 1108 tabula
1011 1066 1096 1108 iam
1133 1066 1383 1108 sententiam
1418 1066 1542 1109 iudex
1578 1080 1703 1120 quam
1740 1079 1871 1121 nuper

353 1135 396 1176 in
417 1135 575 1177 uisione
605 1147 685 1177 non
714 1135 886 1189 legerat,
919 1136 1169 1178 sententiam
1199 1136 1429 1189 spiritalem
1451 1148 1532 1178 non
1553 1137 1708 1178 temere
1728 1135 1869 1177 dicen-

354 1206 463 1256 dam,
496 1205 746 1247 sententiam
779 1205 968 1260 episcopo
999 1205 1078 1247 tali
1100 1206 1140 1247 et
1161 1205 1241 1247 tali
1272 1206 1379 1247 teste
1410 1205 1671 1260 condignam,
1705 1205 1869 1246 senten-

353 1275 458 1317 tiam
496 1275 732 1330 gloriosam,
770 1275 814 1316 in
844 1288 925 1328 qua
961 1275 1098 1317 dictus
1134 1276 1196 1317 est
1228 1276 1363 1317 sectae
1400 1275 1573 1330 signifer
1604 1276 1645 1316 et
1676 1274 1870 1316 inimicus
1885 1284 1916 1309 1⁵

355 1343 536 1395 deorum,
570 1344 610 1386 et
639 1343 709 1397 qui
739 1344 825 1386 suis
855 1344 1021 1385 futurus
1051 1345 1158 1386 esset
1188 1343 1275 1398 ipse
1304 1344 1550 1386 documento
1577 1345 1618 1386 et
1640 1344 1747 1398 quod
1777 1357 1871 1386 san-

353 1414 477 1467 guine
499 1413 586 1455 eius
607 1413 806 1466 inciperet
828 1413 1049 1468 disciplina
1071 1413 1234 1456 sanciri.
1256 1413 1363 1455 nihil
1378 1414 1454 1455 hac
1472 1414 1675 1455 sententia
1691 1414 1868 1467 plenius,

352 1482 460 1524 nihil
488 1482 640 1524 uerius.
671 1482 810 1524 omnia
831 1482 982 1536 quippe
1005 1495 1108 1536 quae
1129 1483 1244 1524 dicta
1265 1484 1376 1533 sunt,
1407 1483 1505 1525 licet
1527 1496 1550 1524 a
1570 1483 1719 1538 gentili
1742 1483 1867 1534 dicta,

353 1551 495 1593 diuina
516 1552 625 1593 sunt.
649 1565 723 1594 nec
744 1551 898 1593 mirum
921 1552 1064 1605 utique
1087 1564 1181 1594 cum
1204 1551 1362 1594 soleant
1379 1551 1429 1593 de
1444 1552 1631 1605 passione
1652 1552 1868 1605 pontifices

352 1621 610 1675 prophetare.
635 1621 807 1676 signifer
827 1621 976 1673 fuerat,
1000 1621 1070 1675 qui
1092 1621 1141 1663 de
1162 1620 1327 1664 ferendo
1350 1621 1468 1677 signo
1491 1621 1645 1663 Christi
1668 1621 1860 1662 docebat:
1878 1630 1911 1657 20

351 1690 548 1732 inimicus
585 1691 767 1742 deorum,
805 1691 874 1745 qui
910 1691 1022 1733 idola
1058 1691 1306 1733 destruenda
1341 1691 1583 1732 mandabat:
1621 1690 1865 1732 documento

353 1761 495 1802 autem
525 1760 611 1801 suis
642 1760 736 1812 fuit,
770 1761 841 1815 qui
871 1760 1019 1802 multis
1050 1760 1140 1815 pari
1171 1773 1317 1816 genere
1346 1760 1548 1802 secuturis
1576 1760 1687 1813 prior
1708 1759 1751 1801 in
1771 1772 1866 1812 pro-

351 1829 489 1872 uincia
523 1830 715 1884 martyrii
750 1830 958 1885 primitias
995 1830 1218 1873 dedicauit.
1257 1830 1408 1872 sanciri
1445 1830 1571 1872 etiam
1607 1829 1740 1883 coepit
1777 1829 1864 1871 eius

352 1899 552 1954 sanguine
575 1899 794 1954 disciplina
811 1900 881 1942 sed
898 1900 1143 1954 martyrum,
1167 1899 1239 1953 qui
1260 1900 1468 1941 doctorem
1491 1911 1613 1941 suum
1628 1898 1865 1940 imitatione

351 1968 507 2023 gloriae
537 1969 765 2010 consimilis
795 1969 993 2011 aemulati
1021 1969 1101 2022 ipsi
1130 1981 1290 2022 quoque
1312 1968 1572 2022 disciplinam
1597 1967 1774 2021 exempli
1796 1967 1859 2008 sui
1873 1977 1905 2004 2⁵

350 2038 515 2091 proprio
537 2050 679 2080 cruore
700 2040 934 2080 sanxerunt.

287 2112 337 2153 18
413 2107 468 2149 Et
504 2120 597 2149 cum
638 2108 766 2149 exiret
806 2108 1001 2162 praetorii
1037 2108 1155 2159 fores,
1198 2107 1286 2149 ibat
1322 2119 1458 2149 comes
1493 2106 1681 2148 militum
1717 2106 1860 2148 turba:

351 2176 393 2218 et
411 2188 462 2218 ne
483 2177 583 2230 quid
604 2176 647 2218 in
667 2176 854 2230 passione
884 2177 1056 2228 deesset,
1086 2177 1345 2219 centuriones
1368 2177 1409 2218 et
1429 2176 1590 2218 tribuni
1619 2176 1730 2217 latus
1751 2176 1865 2217 texe-

351 2245 457 2287 rant.
488 2245 575 2299 ipse
596 2247 736 2287 autem
756 2246 870 2289 locus
893 2246 1092 2288 conuallis
1115 2247 1190 2297 est,
1222 2246 1294 2287 ubi
1313 2245 1401 2300 pati
1425 2245 1614 2300 contigit,
1638 2246 1685 2286 ut
1706 2244 1865 2286 arbori-

421 2394 441 2428 1
459 2394 528 2428 iter
545 2404 610 2429 om.
631 2407 667 2439 μ,
685 2394 778 2428 inter
795 2405 826 2429 w
942 2394 964 2429 2
981 2394 1103 2439 56(1116]
1123 2394 1183 2429 sed
1200 2394 1262 2428 ille
1280 2405 1311 2428 w
1428 2394 1450 2428 3
1468 2393 1610 2437 honore]
1629 2393 1771 2426 horrore
1787 2403 1819 2426 w

351 2451 511 2486 tessariis
529 2463 571 2495 w,
592 2452 779 2487 thessariis
798 2466 822 2497 μ
840 2452 903 2487 secl
921 2452 1007 2487 ariis
1025 2463 1105 2497 sup.
1126 2452 1223 2486 auris
1240 2463 1286 2486 m.
1303 2454 1326 2487 2
1419 2450 1570 2495 quodam
1583 2461 1614 2484 w
1709 2450 1732 2483 4
1749 2449 1863 2494 quasi]

352 2518 455 2552 quem
472 2520 503 2543 w
595 2509 618 2544 5
634 2511 791 2544 mutaret
807 2510 931 2544 malim
1018 2511 1080 2554 qui
1096 2509 1264 2544 uidelicet
1282 2521 1311 2552 v,
1333 2510 1374 2543 ut
1391 2519 1422 2543 w
1516 2508 1536 2541 6
1554 2507 1606 2552 ut]
1627 2507 1658 2541 si
1675 2518 1694 2541 v
1779 2506 1863 2551 iam]

352 2566 390 2600 in
404 2580 428 2611 μ
522 2567 543 2601 9
557 2568 829 2613 contempserat]
847 2569 1073 2612 conspexerat
1087 2581 1112 2612 μ
1207 2568 1251 2601 10
1268 2566 1401 2611 subito]
1417 2565 1566 2600 sabbato
1584 2576 1624 2606 w,
1645 2565 1761 2599 saluto
1777 2566 1816 2609 μ·

353 2623 396 2657 11
414 2624 653 2669 interrogatus
672 2638 696 2669 μ
792 2625 835 2659 13
853 2627 976 2660 senten
994 2616 1152 2670 spfialem
1169 2636 1200 2660 w
1287 2624 1331 2658 14
1348 2624 1553 2667 consignam
1571 2633 1602 2656 w
1689 2622 1732 2656 15
1750 2623 1865 2656 sectae

353 2691 437 2716 suae
455 2695 478 2726 μ
608 2682 651 2717 16
669 2684 705 2717 et
722 2683 796 2728 qui]
816 2683 878 2728 qui
895 2694 926 2717 w
1055 2683 1091 2716 et
1108 2693 1189 2726 emp.
1208 2695 1232 2726 μ
1359 2681 1401 2715 17
1420 2679 1573 2724 incipere
1591 2679 1622 2713 d.
1643 2679 1770 2714 senciri
1787 2690 1818 2713 w

354 2739 398 2774 18
415 2738 520 2774 ducta
538 2743 580 2786 μι
750 2742 796 2776 20
813 2741 923 2776 etiam
941 2740 1152 2785 prophetare
1170 2751 1228 2783 ωμ
1392 2740 1426 2772 et
1445 2738 1506 2782 qui
1524 2749 1554 2772 w
1725 2737 1769 2771 21
1789 2736 1862 2781 qui]

354 2796 448 2842 quod
464 2810 489 2842 μ
627 2798 673 2833 24
690 2798 750 2833 sed
766 2809 808 2841 w,
827 2798 887 2832 sed
904 2798 949 2832 ad
967 2811 991 2842 μ
1131 2797 1176 2832 25
1194 2796 1406 2832 cumsimilis
1424 2795 1599 2829 emulanti
1618 2808 1642 2840 μ
1766 2794 1811 2828 26
1829 2804 1865 2828 56

355 2856 546 2888 sanxerunt
564 2856 605 2898 μι
744 2855 789 2889 29
806 2854 980 2890 conuallis
997 2855 1139 2899 scripsi,
1157 2854 1219 2899 qui
1237 2853 1344 2888 uallis
1362 2864 1403 2895 w,
1424 2852 1541 2897 qualis
1560 2866 1595 2897 μ,
1615 2851 1772 2896 aequalis
1790 2862 1811 2886 v
