2032 3248
315 209 413 240 LXII

314 314 356 345 21
376 311 409 346 ei
467 314 556 368 &23
574 311 727 345 alterum
744 311 788 345 de
807 321 875 345 om.
981 313 1025 345 25
1041 310 1165 354 factus
1182 315 1233 347 est
1248 312 1302 347 sol
1403 316 1446 346 27
1464 302 1636 348 cecideRt
1736 325 1824 359 quo·
1880 341 1882 343 -

312 369 429 414 modo]
448 380 519 413 quo
626 380 658 413 p.
678 372 755 412 68,5
773 373 806 404 et
823 369 1028 404 abscondite
1044 380 1109 405 uos
1126 380 1194 404 om.
1314 373 1355 404 18
1373 370 1558 416 deaeipiat
1669 375 1712 406 32
1730 384 1823 408 com-

313 427 488 461 morabor.

321 515 354 556 V
375 517 464 558 De
492 517 908 569 rebaptismate.
940 517 1108 559 libellus
1134 518 1278 559 contra
1299 516 1550 572 Cyprianum
1579 531 1603 560 a
1625 517 1822 572 Stephani

315 591 448 635 amico
478 592 734 646 conscriptus
755 606 791 635 a.
817 593 925 636 1648
954 593 1138 647 primum
1159 606 1183 635 a
1202 592 1388 647 Rigaltio
1419 593 1555 634 editus
1578 595 1653 636 est.
1692 593 1823 635 edidit

314 679 411 709 uero
443 667 496 709 ad
526 668 812 722 apographum
842 669 950 722 quod
985 681 1033 710 ex
1065 667 1203 710 codice
1230 667 1270 710 S.
1295 667 1479 722 Remigii
1500 667 1716 710 Remensis
1737 668 1823 710 Sir-

316 742 492 785 mondus
521 742 749 785 confecerat
769 755 850 785 non
872 756 919 785 ea
941 756 1021 796 qua
1042 743 1212 785 unicum
1233 742 1417 785 codicem
1439 743 1627 784 excutere
1648 742 1823 785 debebat

316 817 536 871 diligentia
557 818 679 871 atque
702 830 811 859 cura.
833 817 1051 860 nonnullos
1072 817 1195 859 huius
1212 816 1437 873 apographi
1454 828 1609 859 errores
1625 817 1824 859 Baluzius

316 892 386 945 qui
402 893 495 944 post
513 891 776 934 Sirmondum
798 892 981 934 codicem
1000 892 1154 934 iterum
1175 892 1352 934 contulit
1373 892 1560 934 correxit.
1584 893 1656 934 sed
1678 893 1819 934 dolen-

316 966 415 1008 dum
448 968 510 1009 est
539 979 632 1008 eum
661 979 741 1008 non
770 967 990 1022 diligenter
1018 967 1245 1018 adnotasse,
1277 968 1419 1009 utrum
1449 979 1551 1021 quae
1573 967 1735 1009 diuersa
1756 980 1825 1008 ex-

314 1041 452 1083 hibuit
487 1040 545 1083 sic
579 1042 624 1083 in
658 1041 794 1084 codice
830 1041 1082 1084 exstitissent
1116 1054 1167 1084 an
1203 1042 1434 1084 coniectura
1470 1043 1604 1084 essent
1640 1042 1819 1084 inuecta.

314 1115 387 1157 has
421 1115 717 1169 discrepantias
748 1116 903 1171 legenti
937 1116 1221 1159 diiudicandas
1253 1116 1297 1158 in
1317 1117 1583 1159 adnotatione
1614 1116 1819 1171 proposui.

316 1190 497 1232 codicem
518 1191 657 1245 ipsum
678 1191 836 1233 frustra
857 1204 880 1233 a
899 1204 966 1233 me
983 1191 1125 1234 Remis
1147 1192 1383 1245 quaesitum
1405 1205 1500 1234 cum
1521 1191 1821 1233 uetustissimis

314 1266 430 1308 illius
461 1265 737 1309 bibliothecae
766 1265 886 1308 libris
914 1266 1104 1309 incendio
1126 1266 1310 1308 deletum
1331 1278 1418 1309 esse
1439 1268 1553 1320 puto.
1577 1291 1631 1297 -
1653 1266 1712 1308 VI
1735 1268 1822 1310 De

316 1343 672 1403 aleatoribus.
715 1342 838 1384 huius
878 1342 976 1383 libri
1017 1342 1175 1385 codices
1214 1342 1416 1396 quotquot
1457 1341 1620 1384 exstant
1659 1354 1706 1384 ex
1741 1354 1822 1385 uno

316 1418 487 1460 alterius
517 1417 703 1460 familiae
725 1418 945 1471 archetypo
966 1416 1284 1471 interpolatione
1305 1416 1356 1459 ab
1373 1417 1532 1471 origine
1553 1416 1823 1471 degenerante

316 1492 533 1547 propagati
570 1493 677 1533 sunt.
714 1504 810 1533 nam
846 1491 947 1544 quin
983 1491 1107 1533 codex
1127 1491 1373 1533 Parisiensis
1410 1492 1547 1533 13047
1572 1490 1661 1547 (D),
1699 1504 1821 1545 quem

317 1567 511 1620 conplura
539 1567 692 1620 scripta
719 1566 814 1608 inde
843 1566 1172 1619 transscripsisse
1193 1579 1316 1620 supra
1336 1580 1376 1620 p.
1399 1565 1522 1607 XXII
1544 1566 1640 1617 dixi,
1675 1568 1716 1608 et
1735 1567 1823 1621 ipse

318 1643 371 1684 ad
387 1642 492 1684 hanc
511 1642 714 1697 originem
737 1642 890 1692 redeat,
913 1642 1089 1683 intanto
1111 1653 1302 1683 uerorum
1324 1641 1606 1695 falsorumque
1627 1653 1823 1684 consensu

317 1716 491 1758 dubium
524 1729 601 1758 non
637 1717 711 1758 est.
745 1716 787 1758 in
818 1716 1101 1758 emendatione
1122 1716 1165 1757 id
1186 1717 1378 1771 inprimis
1411 1716 1823 1758 animaduertendum

317 1792 391 1845 est,
421 1791 529 1845 quod
559 1791 737 1833 editores
759 1803 897 1833 omnes
920 1790 1076 1845 fugisse
1098 1791 1274 1842 mireriS,
1304 1791 1499 1833 libellum
1522 1804 1705 1833 sermone
1727 1791 1823 1832 uul-

317 1866 406 1920 gari
434 1866 712 1919 conscriptum
733 1878 832 1917 esse,
863 1866 978 1908 cuius
1000 1866 1179 1920 uestigia
1201 1866 1443 1908 oblitterata
1463 1867 1507 1908 in
1528 1866 1823 1908 recentioribus

317 1940 524 1982 codicibus
559 1940 899 1982 manifestissima
933 1939 1054 1982 modo
1085 1940 1128 1982 in
1159 1940 1234 1982 hoc
1268 1941 1389 1982 modo
1420 1940 1462 1981 in
1494 1927 1567 1982 illo
1599 1939 1821 1993 antiquiori

316 2015 526 2069 apparent,
549 2014 666 2056 uelut
683 2014 721 2056 A
738 2015 836 2066 99,ss
861 2014 1070 2067 duplicem
1091 2028 1141 2056 ae
1160 2015 1375 2069 yeminum
1396 2016 1557 2057 crimen
1578 2016 1821 2066 admittunt,

320 2091 472 2141 101‚18
503 2091 560 2132 ad
581 2091 857 2133 nocentiorem
886 2091 1073 2132 studium
1105 2090 1174 2144 (cf.
1198 2091 1328 2145 97,8),
1361 2091 1515 2142 100‚10
1543 2105 1571 2133 a
1592 2091 1659 2132 dei
1686 2103 1824 2132 seruos

317 2165 436 2219 lonye
456 2166 511 2207 sit
531 2166 702 2208 scientes
725 2165 794 2222 (cf.
822 2166 998 2217 103‚17;
1030 2166 1176 2217 99,18;
1211 2167 1366 2221 1022),
1397 2167 1495 2221 99,2
1516 2166 1590 2208 sub
1610 2178 1823 2207 ossuorum

315 2239 570 2293 multiformi
598 2252 782 2292 numero,
815 2239 969 2290 101,14
997 2252 1037 2280 se
1065 2239 1288 2292 deuouunt,
1314 2243 1591 2292 parentorum
1619 2240 1823 2293 oriyinem

232 2328 235 2331 ’
316 2314 574 2356 dehonorant
596 2314 834 2374 (cf.198‚14;
868 2314 1014 2365 1ΟΟ,9;
1046 2314 1192 2366 94,10;
1216 2316 1373 2369 97,13).
1396 2341 1451 2345 -
1473 2316 1553 2357 VII
1576 2317 1664 2358 De
1686 2317 1822 2357 dao-

319 2391 419 2432 bus
448 2391 730 2432 montibus
761 2389 923 2441 (Sina
955 2395 1006 2432 et
1028 2389 1199 2443 Sion).
1231 2390 1298 2432 hic
1329 2390 1533 2432 tractatus
1556 2390 1597 2431 et
1618 2391 1697 2431 duo
1728 2404 1822 2444 pro-

317 2465 418 2506 ximi
439 2466 554 2507 nulla
575 2465 656 2507 alia
673 2466 722 2507 de
739 2478 860 2507 causa
875 2465 917 2506 in
936 2465 1106 2506 alterius
1134 2465 1320 2506 familiae
1343 2464 1628 2506 collectionem
1650 2478 1820 2519 operum

318 2540 654 2594 Cyprianicorum
682 2540 834 2593 recepti
863 2553 949 2582 esse
978 2540 1186 2591 uidentur,
1209 2553 1333 2593 quam
1354 2540 1450 2592 quia
1472 2540 1730 2582 celeberrimi
1751 2553 1819 2582 ex-

318 2614 483 2656 stabant
514 2615 707 2669 Cypriani
738 2615 810 2657 Ad
843 2613 1078 2663 Quirinum
1109 2614 1206 2656 libri
1237 2614 1364 2668 uulgo
1393 2613 1614 2655 Aduersus
1642 2614 1821 2655 Iudaeos

316 2689 517 2741 inscripti.
556 2689 767 2743 archetypi
803 2689 1088 2743 integritatem
1126 2688 1252 2729 etiam
1285 2688 1327 2729 in
1356 2688 1420 2729 his
1454 2689 1578 2730 codex
1600 2688 1632 2728 T
1664 2688 1820 2741 optime

318 2763 520 2813 seruauit3
554 2776 678 2816 quare
713 2777 805 2805 eum
837 2763 1045 2817 imprimis
1079 2763 1329 2815 sequendum
1361 2774 1447 2804 esse
1479 2763 1620 2804 statui.
1656 2775 1701 2804 ea
1722 2775 1817 2804 uero

316 2837 533 2892 integritas
555 2837 597 2878 in
618 2838 798 2880 tractatu
821 2838 887 2878 De
906 2837 1062 2878 duobus
1089 2837 1298 2878 montibus
1325 2837 1648 2879 cabbalistarum
1670 2837 1819 2878 delira-
