2032 3248
371 225 448 262 112
989 215 1229 260 Appendix.

368 326 464 364 alius
486 338 572 363 uero
595 326 786 363 confessus
809 325 878 369 est,
910 322 998 370 quia
1019 322 1194 359 innocens
1227 320 1403 357 iniuriam
1425 319 1579 366 patitur.
1612 319 1719 356 Iesus
1740 320 1866 356 autem

367 395 493 432 ambos
515 393 777 440 speculabatur
798 393 842 429 de
864 392 970 439 ligno
992 390 1241 438 speculatorio
1263 389 1526 435 blasphemum
1548 389 1585 425 et
1601 387 1866 433 confessorem,

368 462 616 500 confessorem
657 461 821 499 saluauit
857 462 894 498 et
929 459 1190 506 blasphemum
1226 457 1403 505 perdidit,
1443 456 1555 495 sicuti
1590 456 1634 494 de
1676 457 1768 494 duos
1798 467 1866 503 po-

366 530 474 578 pulos
496 529 597 567 fecit.

328 598 352 634 8
424 599 686 635 Persecutores
722 597 905 643 derelicti,
942 596 1006 643 qui
1037 595 1075 633 in
1104 597 1275 633 aeternae
1309 594 1443 632 mortis
1472 593 1660 631 sententia
1691 593 1763 630 sibi
1793 604 1895 631 nous

367 666 603 712 crediderint,
625 666 657 703 si
680 666 734 703 sic
754 666 797 703 de
820 664 966 702 saeculo
988 664 1159 708 exierint,
1181 664 1346 710 perient:
1365 665 1496 710 gentes
1513 664 1637 700 autem
1656 662 1704 699 ad
1720 672 1758 699 se
1778 673 1868 700 con-

367 746 496 773 uersae
513 735 622 772 fidem
639 735 712 772 sibi
729 735 924 779 habentes,
943 733 1031 780 quia
1047 732 1148 769 filius
1165 731 1233 769 Dei
1250 734 1321 778 est,
1340 732 1478 769 saluati
1495 731 1677 769 uiuebunt
1693 731 1732 768 in
1745 733 1869 768 aeter-

366 815 414 841 na
436 803 584 841 saecula
605 803 837 840 saeculorum
858 814 941 839 cum
971 802 1233 848 imperatorem
1255 802 1292 838 et
1312 812 1438 848 regem
1461 812 1580 838 suum.
1618 812 1704 838 uero
1726 800 1765 837 in
1786 799 1870 847 ipsa

366 872 537 919 passione
547 872 714 919 pendens
729 871 767 908 in
781 870 884 918 ligno
900 871 992 907 duas
1008 871 1135 917 partes
1149 868 1279 917 populi
1294 868 1527 917 prospiciens
1543 869 1810 916 speculabatur
1824 868 1868 906 de

367 940 443 977 alto
460 940 574 986 ligno,
599 941 742 986 partem
759 939 887 986 populi
900 939 963 986 qui
973 939 1145 975 uiderant
1163 938 1322 976 uirtutes
1340 938 1421 975 eius
1437 938 1630 975 mirabiles
1646 939 1683 975 et
1699 937 1864 984 deificas,
1881 952 1914 976 10

366 1008 570 1056 patientem
608 1008 715 1045 illum
754 1007 929 1045 iniuriam
966 1008 1134 1045 dolentes
1169 1007 1391 1055 plorabant:
1424 1007 1492 1044 alii
1512 1018 1600 1044 uero
1621 1006 1751 1045 Iudaei
1771 1006 1866 1044 inri-

367 1076 496 1114 dentes
519 1077 562 1114 de
591 1076 799 1114 harundine
822 1078 932 1123 caput
953 1077 986 1114 ei
1008 1076 1251 1123 quassabant,
1282 1076 1588 1123 blasphemantes
1610 1078 1648 1113 et
1678 1076 1866 1114 dicentes:

366 1157 449 1182 aue
493 1156 574 1182 rex
604 1145 908 1191 Iudaeorum,
941 1145 1022 1182 ubi
1060 1146 1135 1182 est
1164 1146 1304 1193 pater
1333 1146 1472 1182 tuus?
1504 1144 1671 1182 ueniat
1702 1146 1749 1181 et
1780 1144 1866 1181 eli—

366 1214 502 1251 beret
532 1216 577 1251 te
609 1214 660 1251 de
692 1226 845 1252 cruce.
878 1214 1009 1252 exinde
1047 1214 1289 1252 exacerbatus
1324 1216 1432 1261 pater
1467 1213 1558 1252 feeit
1593 1214 1737 1251 caelum
1758 1215 1866 1261 pate-

366 1283 517 1329 factum,
540 1284 577 1320 et
612 1282 779 1321 tonitrua
800 1283 902 1321 facta
922 1285 1010 1320 sunt
1033 1283 1082 1332 [et
1102 1283 1291 1331 tenebrae]
1315 1282 1603 1329 insustinibiles,
1640 1284 1743 1320 terra
1764 1293 1865 1319 coin-
1884 1299 1912 1324 15

366 1352 466 1388 mota
500 1353 570 1397 est,
607 1351 795 1398 patefacta
819 1353 908 1389 sunt
929 1352 1102 1398 sepulcra
1123 1354 1161 1389 et
1183 1363 1340 1399 corpora
1361 1352 1461 1389 foras
1483 1363 1505 1389 a
1525 1363 1564 1389 se
1586 1351 1703 1397 misit,
1741 1351 1867 1389 uelum

365 1419 497 1466 templi
527 1420 686 1457 scissum
715 1423 774 1458 est
802 1422 839 1458 et
861 1432 882 1458 a
903 1422 1010 1458 tanto
1040 1420 1188 1467 fragore
1210 1421 1304 1458 caeli
1325 1422 1363 1458 et
1383 1422 1506 1458 terrae
1528 1423 1631 1459 motu
1652 1432 1779 1458 omnes
1801 1420 1867 1467 qui

367 1488 517 1525 stabant
542 1490 628 1526 ante
658 1488 805 1536 lignum
832 1488 899 1527 alii
921 1489 1091 1527 dolentes
1112 1489 1177 1526 alii
1198 1501 1285 1527 uero
1306 1489 1613 1537 blasphemantes
1651 1488 1867 1526 inludentes

365 1557 544 1602 prostrati
565 1557 603 1593 in
624 1556 757 1594 faciem
779 1557 974 1595 iacuerunt
1003 1559 1205 1595 trementes
1231 1542 1422 1605 tamquam
1442 1557 1591 1596 mortui.
1624 1559 1713 1594 tunc
1734 1554 1866 1594 Iudaei

367 1624 633 1663 intellexerunt
662 1637 700 1663 se
729 1626 929 1664 offendisse
959 1626 1078 1664 Deum
1108 1627 1146 1663 et
1175 1626 1213 1663 in
1234 1626 1377 1664 luctum
1399 1627 1571 1665 conuersi
1592 1628 1691 1672 sunt,
1731 1629 1768 1664 et
1789 1625 1863 1663 fuit
1879 1640 1911 1665 ρο

366 1694 613 1732 exacerbatio.
646 1706 686 1732 eo
723 1695 822 1732 enim
856 1696 1022 1742 tempore
1059 1707 1131 1742 quo
1167 1695 1207 1732 in
1242 1695 1344 1743 ligno
1382 1696 1547 1733 confixus
1568 1696 1746 1743 pependit
1784 1695 1864 1732 dies

366 1761 516 1798 fuerunt
545 1761 758 1809 azimorum,
788 1763 853 1811 qui
883 1765 971 1801 sunt
1000 1763 1079 1801 dies
1107 1762 1199 1802 festi
1228 1765 1462 1802 Iudaeorum.
1496 1776 1538 1802 eo
1561 1765 1620 1802 die
1651 1766 1863 1802 metuentes

454 1917 497 1951 13
521 1918 653 1954 Matth.
681 1919 736 1960 27,
761 1920 816 1954 40.
842 1920 896 1955 49.

458 2077 475 2110 1
501 2077 707 2121 patiebatur
732 2089 751 2113 v
926 2080 948 2113 3
973 2080 1206 2115 confessorem
1233 2095 1257 2126 μ
1282 2092 1309 2116 s.
1336 2082 1356 2116 Z.
1382 2094 1425 2116 m.
1452 2085 1477 2116 2
1647 2082 1804 2116 saluabit
1828 2084 1863 2116 et

362 2134 594 2168 confessorem
624 2136 656 2169 T
843 2135 978 2170 duobus
1004 2138 1139 2181 populis
1166 2139 1276 2182 ΙΙΙ-’μυ
1459 2141 1480 2173 5
1505 2139 1673 2174 derelicto
1699 2141 1738 2181 T,
1765 2140 1861 2174 dere-

366 2191 443 2225 licti
468 2193 551 2225 sunt
576 2205 600 2236 μ
724 2193 760 2226 in
786 2204 851 2228 om.
875 2207 899 2238 μ
1025 2195 1213 2229 sententiis
1240 2196 1287 2237 T,
1313 2197 1527 2231 sententiam
1553 2211 1577 2241 μ
1703 2198 1771 2232 sibi
1796 2209 1861 2232 οη.

365 2261 398 2290 μ,
418 2249 447 2281 si
469 2250 499 2281 'l'
604 2249 625 2282 6
643 2250 672 2282 si
690 2263 714 2293 μ
731 2261 758 2283 s.
778 2251 798 2284 l.
817 2262 861 2285 m.
880 2253 915 2292 2,
934 2252 969 2285 et
986 2252 1075 2296 ΙΙΙμ1
1173 2254 1292 2297 perint
1310 2254 1411 2295 MT,
1432 2256 1588 2299 perirent
1605 2268 1630 2300 μ
1646 2266 1673 2289 s.
1691 2255 1712 2289 l.
1730 2266 1774 2289 m.
1793 2257 1818 2289 2

363 2307 478 2338 autem
509 2307 548 2346 T,
573 2317 654 2341 uero
679 2307 774 2351 Μμυ
879 2319 1064 2342 conuersas
1091 2310 1139 2344 M
1142 2311 1198 2354 Τμ
1307 2312 1326 2345 7
1352 2312 1511 2346 saluatao
1537 2324 1584 2357 μυ
1690 2312 1863 2347 uidebunt

363 2362 473 2403 MTv,
498 2362 711 2397 uidebuntur
737 2378 761 2409 μ
923 2366 946 2400 8
970 2377 1049 2400 cum
1073 2377 1137 2401 om.
1164 2379 1185 2402 v
1355 2370 1566 2413 imperatore
1593 2383 1617 2414 μ
1780 2381 1862 2414 rege

363 2429 424 2452 suo
449 2432 474 2463 μ
701 2432 821 2455 uerum
849 2433 896 2466 μυ
1124 2425 1161 2458 in
1186 2425 1263 2469 ipsa
1288 2427 1337 2471 p.]
1369 2428 1482 2471 ipsam
1514 2428 1713 2471 passionem
1738 2428 1821 2461 MT

365 2476 408 2509 10
431 2487 511 2519 pars
536 2488 556 2511 v
709 2478 866 2512 uiderint
892 2479 925 2513 T
1086 2482 1127 2515 11
1154 2482 1303 2517 iniurias
1328 2495 1358 2525 υ,
1386 2484 1423 2517 in
1448 2484 1541 2518 furia
1569 2485 1602 2519 T
1753 2484 1796 2518 12
1820 2483 1862 2518 de

363 2546 442 2578 emp.
470 2548 494 2578 μ
640 2537 682 2580 ei]
710 2537 784 2571 eius
811 2550 858 2582 μυ
1006 2540 1049 2573 13
1074 2541 1164 2574 haue
1189 2542 1236 2575 Μ
1241 2542 1288 2575 ιΤ
1424 2543 1545 2576 ueniet
1570 2556 1594 2587 μ
1733 2542 1862 2576 liberet

362 2592 457 2636 Μμυ
596 2593 638 2627 14
662 2595 698 2628 te
723 2605 787 2628 om.
812 2606 833 2630 v
969 2596 1129 2641 patefieri
1154 2609 1174 2632 v
1313 2601 1356 2633 15
1381 2602 1417 2634 et
1442 2600 1606 2634 tenebrae
1626 2611 1691 2634 om.
1711 2601 1814 2644 ΜΤμ

363 2647 624 2683 insustinibilia
648 2664 672 2693 μ
843 2653 886 2686 16
910 2654 963 2687 est
988 2665 1052 2687 om.
1078 2655 1144 2689 Mv
1314 2658 1467 2701 corpora]
1494 2657 1577 2691 add.
1603 2669 1640 2692 v:
1667 2668 1729 2691 sua
1754 2658 1860 2691 eiece—

363 2707 446 2738 runt
471 2707 507 2739 et
665 2709 837 2742 miserunt
861 2721 882 2744 v
1038 2712 1079 2746 17
1106 2712 1255 2747 scissum
1280 2716 1334 2747 est
1360 2714 1396 2748 in
1421 2715 1557 2748 duabus
1582 2715 1745 2759 partibus
1771 2716 1820 2750 M

363 2764 478 2795 motus
504 2763 549 2796 M
556 2763 608 2803 ιΤ,
633 2766 750 2798 motus
776 2767 858 2799 sunt
882 2766 952 2808 M2,
978 2778 1043 2802 om.
1070 2782 1094 2812 μ
1190 2770 1232 2804 18
1256 2772 1292 2805 et
1309 2771 1498 2806 illudentes
1516 2784 1536 2807 v
1629 2773 1674 2807 20
1690 2761 1773 2806 dffix‘i
1791 2786 1815 2817 μ

362 2819 405 2852 21
430 2818 555 2852 infixus
581 2820 628 2854 Μ
762 2822 806 2855 22
831 2833 1029 2867 azymorum
1056 2836 1076 2860 v
