2032 3248
248 1809 299 1846 25

330 249 412 290 23ss
961 247 1206 290 Appendix.

324 367 407 392 mus
430 356 642 393 metuentes
664 364 710 390 ne
733 354 833 391 Deus
855 353 975 391 iratus
997 353 1141 391 fulmen
1163 354 1201 391 in
1219 366 1284 392 nos
1307 354 1432 392 uibret
1449 354 1526 392 irae
1545 366 1647 401 suae,
1671 367 1715 393 ne
1734 358 1836 393 terra

327 424 527 461 dehiscens
548 434 615 460 nos
638 423 868 460 absorbeat?
902 424 943 459 ut
974 422 1164 460 interdum
1197 423 1308 460 unius
1340 422 1515 469 impietas
1547 423 1723 471 supplicii
1745 435 1834 461 con-

323 493 442 531 sortio
464 492 603 530 multos
626 490 816 529 inuoluat:
842 493 880 528 et
901 493 990 528 sunt
1012 491 1155 529 scelera
1177 493 1255 529 tam
1277 491 1468 538 immania,
1501 493 1543 529 ut
1572 492 1716 530 uidisse
1739 504 1832 540 quo-

323 573 395 609 que
417 563 484 598 aut
505 560 656 598 audisse
679 560 730 598 sit
751 560 991 598 detestabile.
1026 560 1091 598 sed
1128 572 1193 598 cur
1229 560 1324 598 alias
1346 561 1385 597 in
1422 560 1538 598 simili
1568 561 1723 599 crimine
1754 563 1833 599 tam

322 642 454 668 sumus
476 629 752 668 conniuentes?
796 641 861 667 cur
896 631 935 667 et
971 630 1078 667 nobis
1109 630 1200 667 adeo
1224 629 1438 667 blandimur
1470 632 1508 667 et
1539 630 1637 667 aliis.
1672 633 1710 668 at
1747 630 1863 671 uides

319 699 412 747 quid
439 700 483 737 de
505 698 650 736 talibus
670 697 840 746 loquitur
876 699 1071 745 apostolus
1109 698 1278 736 scribens
1300 698 1406 736 Tito:
1448 699 1756 746 profitentur
1791 711 1837 737 se

323 779 463 806 nosse
496 768 660 813 Deum,
692 767 846 805 factis
877 769 1038 805 autem
1067 769 1267 814 negant.
1300 768 1400 804 idem
1431 767 1472 804 in
1493 768 1617 815 priore
1639 768 1687 805 ad
1707 768 1834 806 Timo-

324 838 456 875 theum
487 838 531 875 de
562 837 676 874 uidua
709 847 804 884 quae
826 836 991 884 negligit
1013 836 1219 874 familiam:
1262 837 1302 874 si
1334 848 1423 883 qua
1455 838 1611 875 autem
1643 849 1834 875 suorum

318 906 522 943 maxime
552 906 929 943 domesticorum
961 917 1118 943 curam
1150 917 1239 943 non
1270 906 1428 951 habet,
1462 906 1608 943 fidem
1640 907 1838 953 negauit

319 976 369 1011 et
412 976 484 1012 est
515 974 718 1012 infideli
752 974 982 1013 deterior.
1034 975 1067 1012 si
1104 975 1217 1012 fidem
1254 975 1409 1022 negauit
1447 986 1542 1022 quae
1578 975 1835 1023 negligentius
1851 988 1883 1013 ιο

329 1044 444 1081 habet
465 1056 572 1081 suam
593 1045 790 1090 familiam,
814 1043 903 1091 quid
926 1043 1117 1082 dicturum
1137 1046 1249 1091 putas
1271 1044 1314 1081 de
1336 1043 1397 1081 his
1419 1044 1484 1092 qui
1507 1056 1546 1082 se
1568 1046 1668 1083 totos
1683 1045 1836 1083 dedide-

325 1114 416 1150 runt
451 1124 685 1150 mammonae
723 1115 760 1150 et
796 1112 950 1150 uentri?
995 1112 1039 1150 de
1076 1112 1306 1150 Christianis
1335 1113 1465 1160 utique
1496 1114 1663 1161 loquitur
1693 1115 1837 1153 Paulus

323 1181 497 1219 scribens
538 1182 870 1229 Philippensibus,
927 1193 1011 1219 cum
1047 1181 1122 1219 ait:
1166 1193 1364 1229 quorum
1411 1182 1531 1220 finis
1571 1182 1833 1231 interitus,

326 1261 523 1297 quorum
554 1251 679 1288 Deus
710 1253 881 1289 uenter
912 1254 998 1289 est.
1033 1262 1126 1298 quos
1148 1251 1298 1288 eosdem
1319 1252 1425 1289 taxat
1448 1251 1618 1289 scribens
1634 1252 1835 1290 Romanis:

326 1319 602 1357 huiusmodi
654 1319 851 1357 Christo
910 1320 1106 1357 Domino
1172 1332 1260 1358 non
1320 1321 1568 1367 seruiunt,
1621 1322 1701 1359 sed
1752 1333 1834 1360 suo
1850 1337 1880 1359 15

323 1389 502 1426 uentri.
536 1389 679 1426 seruire
717 1389 820 1426 iuxta
845 1389 1122 1436 scripturarum
1144 1389 1452 1427 consuetudinem
1488 1390 1582 1427 dixit
1610 1401 1676 1437 pro
1699 1391 1831 1428 colere.

324 1459 495 1495 uentrem
525 1459 654 1497 colunt
692 1471 775 1496 eum
797 1470 907 1506 quem
929 1459 1073 1495 habent
1094 1470 1160 1505 pro
1183 1459 1272 1497 Deo.
1315 1459 1390 1497 iam
1412 1460 1456 1497 de
1478 1458 1641 1497 auaritia
1672 1459 1832 1498 manife-

319 1526 420 1564 stius
442 1527 556 1565 etiam
578 1528 799 1575 pronuntiat
826 1527 992 1565 scribens
1028 1528 1074 1565 ad
1108 1527 1367 1565 Colossenses:
1410 1527 1739 1574 mortificate,
1772 1528 1830 1565 in-

320 1595 424 1643 quit,
467 1597 674 1633 membra
696 1598 875 1643 vuestra
906 1607 1024 1644 quae
1058 1599 1170 1633 sunt
1213 1608 1354 1643 super
1384 1599 1582 1644 terram,
1615 1597 1828 1636 fornica-

318 1664 500 1703 tionem
531 1666 886 1703 immunditiam
909 1665 1164 1703 libidinem
1186 1665 1639 1713 concupiscentiam
1662 1667 1877 1708 malam20

317 1735 364 1772 et
397 1735 685 1780 auaritiam,
719 1746 836 1782 quae
869 1737 942 1772 est
973 1734 1344 1772 simulacrorum
1379 1735 1613 1772 seruitus.

382 1803 610 1842 Execramur
631 1815 692 1842 eos
715 1803 778 1851 qui
800 1804 1050 1850 procumbunt
1071 1804 1118 1841 ad
1140 1803 1284 1841 Dianae
1308 1804 1575 1842 simulacrum:
1608 1808 1747 1852 quanto
1770 1805 1828 1842 iu—

323 1873 425 1910 stius
447 1884 510 1911 eos
533 1884 771 1919 execramur,
814 1874 878 1921 qui
900 1876 979 1912 toto
1001 1875 1151 1920 pectore
1184 1874 1357 1911 seruiunt
1387 1885 1642 1920 mammonae,
1676 1875 1739 1921 qui
1771 1874 1829 1911 illi

320 1942 488 1990 quotidie
509 1942 751 1980 sacrificant?
785 1944 822 1980 et
862 1943 895 1980 si
933 1955 1070 1980 auarus
1101 1944 1160 1980 est
1190 1943 1390 1980 idololatra
1411 1943 1477 1990 qui
1498 1942 1678 1991 pecuniae
1702 1943 1826 1980 studio

317 2012 482 2058 tenetur,
521 2012 584 2059 qui
608 2012 707 2059 quod
728 2012 938 2050 hereditate
961 2012 1114 2049 obuenit
1137 2013 1203 2049 aut
1224 2011 1412 2049 industria
1443 2009 1593 2059 partum
1615 2013 1672 2049 est
1694 2023 1824 2050 recon-
1841 2026 1872 2051 25

317 2079 374 2117 dit
394 2092 462 2118 nec
484 2082 617 2128 erogat
639 2080 677 2117 in
700 2092 858 2128 egenos:
901 2080 992 2128 quid
1014 2082 1241 2118 censendum
1280 2083 1337 2119 est
1374 2082 1418 2118 de
1441 2081 1502 2118 his
1539 2081 1602 2128 qui
1624 2081 1821 2126 lenocinio,

316 2148 381 2196 qui
402 2149 544 2196 fenore,
567 2150 631 2197 qui
647 2151 767 2197 rapto,
790 2150 854 2197 qui
875 2149 1018 2196 fraude,
1044 2149 1107 2197 qui
1129 2150 1341 2195 calumniis,
1365 2150 1428 2198 qui
1451 2150 1708 2197 opprimendis
1730 2161 1824 2197 pau-

315 2217 470 2264 peribus
492 2230 569 2256 rem
590 2219 856 2256 accumulant?
880 2220 993 2266 atque
1015 2219 1106 2256 haec
1130 2218 1314 2256 idolorum
1337 2219 1501 2257 seruitus
1532 2230 1606 2256 non
1628 2219 1749 2256 solum
1771 2219 1825 2255 in-

316 2287 468 2324 uenitur
489 2287 589 2325 inter
610 2288 860 2334 Christianos,
882 2299 1015 2326 uerum
1036 2288 1148 2326 etiam
1172 2289 1271 2336 quod
1287 2289 1512 2337 gemendum
1529 2291 1588 2326 est
1614 2290 1711 2326 inter
1744 2289 1823 2335 epi-

317 2367 464 2402 scopos.
482 2367 592 2403 porro
615 2357 837 2395 temulentia
858 2358 948 2395 adeo
970 2357 1178 2395 communis
1201 2360 1258 2395 est
1280 2358 1432 2396 Africae
1454 2359 1617 2403 nostrae,
1655 2360 1696 2395 ut
1732 2369 1819 2405 pro·
1837 2372 1870 2398 30

315 2425 515 2471 pemodum
537 2437 611 2462 non
633 2426 797 2463 habeant
819 2437 884 2472 pro
907 2426 1074 2464 crimine.
1109 2438 1231 2464 annon
1255 2427 1424 2464 uidemus
1447 2427 1493 2464 ad
1516 2428 1722 2474 martyrum
1745 2438 1822 2464 me-

317 2492 455 2531 morias
478 2493 734 2532 Christianum
747 2507 778 2532 .a
801 2494 1015 2532 Christiano
1039 2494 1122 2542 cogi
1144 2495 1190 2532 ad
1220 2495 1471 2533 ebrietatem?
1516 2506 1563 2532 an
1596 2496 1665 2532 hoc
1696 2478 1821 2531 leuius

317 2561 459 2599 crimen
481 2573 563 2600 esse
585 2563 775 2609 ducimus,
814 2575 927 2611 quam
949 2563 1096 2601 hircum
1118 2563 1311 2602 immolare
1334 2564 1511 2601 Baccho?
1554 2563 1648 2600 mihi
1670 2563 1820 2600 uidetur

315 2630 433 2669 multo
456 2631 633 2678 grauius,
656 2632 691 2669 si
712 2644 787 2670 rem
810 2635 913 2671 recta
934 2632 1079 2670 ratione
1103 2633 1264 2670 uelimus
1285 2633 1504 2680 expendere.
1530 2643 1614 2669 cum
1636 2634 1820 2680 tyrannus

403 2811 423 2844 6
449 2811 519 2846 Tit.
549 2812 578 2854 1,
606 2812 658 2847 16.
940 2815 961 2847 ὅ
989 2813 1000 2846 1
1029 2813 1118 2847 Tim.
1146 2814 1177 2854 5,
1203 2814 1233 2848 8.
1519 2814 1561 2847 13
1588 2812 1681 2847 Phil.
1708 2814 1739 2852 3,
1767 2813 1820 2847 19.

315 2867 357 2901 15
383 2867 482 2901 Rom.
511 2868 564 2909 16,
590 2869 642 2903 18.
855 2871 898 2904 18
924 2869 999 2904 Col.
1024 2871 1056 2906 3.
1083 2871 1113 2903 5.
