2032 3248
4 3225 6 3242 -„
0 2393 7 3175 „ww

491 248 546 281 De
572 247 907 291 singularitate
941 247 1205 281 clericorum
1243 257 1269 280 c.
1299 245 1444 279 17—19.
1639 246 1718 288 193

215 357 254 393 et
274 355 402 402 palma
423 354 602 401 perfecta,
648 356 689 391 ut
711 365 755 391 ex
778 353 877 390 omni
898 354 1004 400 parte
1038 363 1161 390 secum
1184 364 1257 389 non
1279 352 1418 389 habeat
1439 352 1537 398 quod
1559 353 1717 397 recuset,

215 435 260 461 ne
282 423 379 471 quod
402 422 602 470 profitetur
624 422 748 460 odisse
770 423 929 459 tenendo
952 422 1126 459 uideatur
1149 432 1287 459 amare.

272 492 377 536 Quod
394 491 426 528 si
443 490 582 537 aliquis
600 491 691 528 dicit
715 483 923 538 ‘captiuum
946 491 1054 528 teneo
1076 489 1337 527 aduersarium
1355 500 1478 527 meum
1496 489 1555 526 cui
1572 500 1718 537 semper
1736 488 1786 525 18

216 549 422 604 insultem',
461 559 588 596 uideat
609 571 654 596 ne
676 559 772 596 forte
794 560 974 597 aduersus
996 570 1079 596 eum
1112 559 1286 606 captiuus
1309 557 1466 605 incipiat
1486 558 1716 606 praeualere.

186 641 200 665 5
215 639 418 675 numquam
440 639 595 665 securus
618 640 701 666 cum
724 628 903 666 thesauro
925 627 1023 665 latro
1046 629 1196 665 tenetur
1217 627 1386 664 inclusus
1403 638 1471 664 nec
1488 626 1589 663 intra
1609 638 1719 664 unam

215 709 369 736 caueam
399 696 577 734 habitans
601 707 684 733 cum
706 697 795 744 lupo
816 698 923 733 tutus
945 698 1003 734 est
1025 708 1160 744 agnus.
1199 696 1280 742 ipse
1317 706 1355 733 se
1385 695 1507 733 uoluit
1530 694 1719 742 penetrari

215 766 279 813 qui
302 766 449 803 hostem
481 765 672 812 proprium
702 765 742 802 in
763 776 850 802 suas
882 767 1012 811 portas
1033 765 1194 810 induxit,
1226 766 1264 801 et
1294 764 1518 801 intestinum
1550 764 1720 811 gladium

216 834 289 872 sibi
312 834 391 882 ipse
414 834 613 881 supposuit
635 834 699 882 qui
721 834 843 872 locum
865 834 1115 871 habitationis
1140 844 1229 871 suae
1252 833 1460 871 aduersarii
1483 831 1720 880 ingressibus

215 905 413 951 reserauit,
457 906 494 941 et
535 904 598 951 qui
641 903 761 941 fretus
797 906 854 941 est
885 904 1099 942 conuersari
1141 915 1223 941 cum
1266 902 1440 941 scandalo
1484 902 1563 940 sine
1605 913 1721 939 causa

170 986 203 1010 10
216 974 307 1010 dicit
346 965 518 1021 ‘pacatus
551 973 634 1010 uolo
666 984 747 1010 esse
779 984 863 1010 cum
894 965 1049 1010 diabolo'
1090 974 1221 1010 contra
1261 972 1473 1020 apostolum
1510 972 1717 1009 dicentem:

215 1042 379 1080 nolite
410 1042 569 1080 locum
602 1043 716 1079 dare
748 1041 958 1080 diabolo.
989 1041 1089 1079 omni
1127 1053 1214 1089 ergo
1251 1042 1360 1079 modo
1396 1040 1620 1078 muniendus
1660 1042 1719 1077 est

215 1111 333 1157 locus,
357 1111 420 1148 ubi
442 1111 559 1149 fuerit
579 1111 781 1148 thesaurus
803 1110 1061 1156 absconditus,
1087 1122 1131 1148 ne
1156 1121 1222 1157 per
1244 1122 1357 1147 unam
1380 1121 1576 1147 cauernam
1599 1111 1719 1146 totum

214 1180 397 1227 parietem
423 1180 523 1217 latro
548 1179 737 1217 suffodiat.
770 1190 855 1216 nam
877 1179 911 1216 si
933 1179 1073 1216 deforis
1095 1189 1318 1226 expugnans
1339 1179 1401 1216 uix
1424 1179 1541 1216 muris
1562 1177 1720 1225 expelli-

215 1251 289 1295 tur,
329 1250 510 1295 quantum
533 1248 677 1286 ualebit
699 1247 731 1285 si
754 1248 854 1285 intra
875 1259 1002 1285 muros
1025 1247 1215 1294 acceperit
1237 1247 1495 1285 habitaculum
1507 1250 1524 1284 ⁶?
1548 1249 1585 1284 et
1607 1246 1640 1284 si
1662 1247 1719 1283 illi

171 1331 201 1355 15
216 1317 282 1365 qui
303 1319 434 1355 contra
456 1328 540 1354 eum
563 1318 745 1355 claudunt
767 1317 995 1364 aliquotiens
1019 1317 1065 1354 ab
1089 1317 1217 1354 eodem
1240 1317 1452 1364 capiuntur,
1475 1318 1614 1363 quanto
1637 1327 1718 1353 ma-

216 1387 276 1434 gis
297 1386 363 1424 ille
394 1386 458 1433 qui
479 1386 677 1424 ultroneus
701 1385 759 1422 illi
792 1385 973 1434 patefecit
995 1385 1228 1433 ingressum,
1265 1397 1350 1423 cum
1387 1385 1487 1422 dicat
1522 1384 1717 1422 Salomon:

217 1455 257 1493 si
299 1455 462 1492 iustus
494 1455 573 1492 uix
605 1454 774 1492 saluus
807 1454 888 1500 fit,
928 1456 1158 1501 peccator
1188 1457 1235 1491 et
1265 1453 1445 1502 impius
1476 1452 1555 1490 ubi
1585 1464 1717 1501 pare-

215 1523 288 1562 bit
303 1527 321 1561 ?
355 1535 482 1561 omnes
506 1534 593 1570 ergo
615 1523 731 1560 rimae
748 1553 756 1568 ‚
792 1534 867 1561 11011
889 1523 1011 1560 dicam
1032 1526 1162 1569 portae
1185 1523 1414 1560 claudendae
1436 1524 1524 1560 sunt
1540 1552 1548 1568 ,
1586 1534 1631 1559 ne
1654 1533 1719 1569 per

215 1605 329 1630 unum
350 1591 518 1630 foramen
541 1593 665 1629 castra
686 1591 811 1629 omnia
832 1593 1092 1639 penetrentur,
1116 1593 1153 1629 et
1176 1592 1355 1629 uniuersa
1371 1591 1613 1638 conponenda
1630 1593 1718 1628 sunt

169 1671 201 1696 20
215 1661 468 1707 munimenta,
510 1673 556 1698 ne
576 1672 643 1708 per
664 1661 849 1699 modicum
880 1672 955 1698 non
985 1660 1171 1698 munitum
1202 1663 1283 1698 tota
1313 1660 1448 1697 ciuitas
1470 1661 1577 1705 ruat,
1620 1659 1718 1697 sicut

213 1731 386 1769 Salomon
407 1730 545 1778 repetit
567 1731 716 1768 dicens:
743 1730 823 1777 qui
854 1730 1046 1777 spernit
1068 1730 1278 1775 modica,
1302 1728 1542 1777 paulatim
1563 1729 1715 1766 cadet.

270 1800 408 1847 Stupeo
445 1801 571 1836 autem
607 1799 871 1846 peruersitatis
897 1799 1009 1836 huius
1032 1799 1203 1844 arbitrio,
1243 1801 1284 1835 ut
1321 1810 1342 1836 a
1378 1798 1525 1835 clericis
1547 1798 1594 1835 ad
1616 1809 1716 1835 com·
1737 1799 1786 1834 19

213 1868 436 1905 munitatem
457 1867 597 1904 femina
619 1868 741 1915 magis
763 1879 873 1915 quam
912 1868 1100 1905 masculus
1137 1867 1312 1915 eligatur.
1351 1867 1533 1914 numquid
1569 1868 1716 1904 tantum

214 1936 348 1974 mulier
369 1936 498 1973 utilior
520 1938 578 1973 est
600 1936 804 1974 commodis
830 1935 970 1982 clerici,
1003 1938 1186 1984 quantum
1207 1937 1361 1983 prodest
1382 1936 1572 1973 masculus
1595 1936 1719 1974 conti-

168 2016 199 2042 25
215 2017 308 2043 110113
331 2004 390 2042 1101
412 2015 505 2052 puer
526 2005 690 2042 masculo
712 2004 948 2042 continenti?
987 2007 1051 2042 aut
1075 2005 1157 2052 ipsa
1178 2005 1251 2042 erit
1271 2005 1405 2042 decens
1428 2004 1577 2041 utilitas
1607 2015 1717 2051 quam

213 2072 387 2109 indecens
410 2071 657 2109 communitas
674 2071 794 2109 facit?
818 2073 854 2109 et
872 2071 935 2108 ubi
958 2072 1031 2108 erit
1053 2072 1151 2118 quod
1169 2071 1343 2109 Salomon
1365 2072 1439 2109 ait:
1462 2074 1564 2109 omn
1579 2082 1598 2109 e
1619 2071 1718 2109 ani-

307 2218 345 2250 11
375 2217 461 2259 Eph.
489 2217 522 2257 4,
547 2216 600 2251 27.
858 2217 898 2250 17
927 2216 1028 2250 Ρ1·011.
1058 2218 1110 2258 11,
1137 2217 1192 2251 31.
1440 2216 1482 2250 21
1511 2216 1577 2250 Sir.
1606 2216 1658 2258 19,
1687 2217 1718 2250 1.

214 2275 257 2308 26
283 2275 348 2307 Sir.
376 2275 428 2315 13,
457 2275 509 2307 15.

308 2406 325 2438 1
353 2407 388 2438 ct
420 2405 448 2439 C
470 2415 496 2438 s.
523 2405 544 2438 l.
663 2405 684 2437 2
710 2404 920 2447 profiteatur
954 2405 994 2439 C¹
1121 2405 1143 2438 5
1168 2405 1276 2448 intra]
1305 2405 1400 2438 infra
1426 2405 1455 2438 C
1569 2405 1590 2437 6
1616 2415 1719 2448 pene-

215 2462 302 2494 trari
329 2462 366 2501 C,
393 2461 547 2505 superari
574 2472 594 2494 v
739 2461 760 2494 8
786 2461 991 2506 aduersarii]
1019 2462 1176 2495 aduersis
1204 2462 1232 2496 C
1369 2462 1390 2495 9
1416 2472 1520 2496 causa
1545 2472 1614 2495 non
1646 2462 1675 2496 C

217 2518 259 2551 10
284 2529 358 2551 esse
384 2518 463 2551 uolo
489 2529 508 2552 v
717 2519 760 2551 14
784 2518 893 2562 intra]
921 2519 1015 2552 infra
1046 2520 1074 2554 C
1282 2520 1324 2553 15
1350 2530 1429 2553 eum
1454 2530 1499 2554 ea:
1524 2530 1620 2552 reum
1647 2519 1675 2553 C

216 2574 426 2608 clauduntur
450 2574 535 2616 fort.
664 2576 708 2610 16
734 2576 943 2619 patefecerit
972 2588 988 2610 υ
1105 2577 1316 2621 ingressum]
1342 2577 1517 2621 decipitur
1542 2577 1626 2611 add.
1651 2587 1673 2610 v

218 2631 257 2664 17
284 2634 444 2675 peccator
469 2634 504 2665 et
530 2632 658 2676 impius
685 2632 723 2673 C,
748 2633 901 2666 iniustus
929 2645 946 2667 v
1043 2635 1083 2667 18
1109 2645 1177 2667 11011
1204 2634 1242 2674 C,
1269 2644 1310 2666 ne
1337 2645 1374 2674 v,-
1401 2634 1447 2675 cf.
1470 2646 1508 2678 p.
1530 2637 1609 2674 186,
1630 2637 1673 2668 13

218 2688 259 2722 19
286 2689 448 2722 uniuersa
473 2699 553 2732 ergo
579 2700 599 2723 v
767 2690 813 2724 20
838 2691 1015 2724 minutum
1044 2692 1086 2725 0¹
1257 2691 1302 2724 22
1327 2694 1450 2736 stupeo
1477 2693 1513 2732 C,
1541 2692 1658 2725 studio
1685 2704 1715 2731 v,

217 2745 258 2778 fit
283 2745 400 2779 studio
434 2746 549 2779 Oxou.
706 2747 811 2780 huius
837 2748 1082 2789 peruersitatis
1109 2759 1127 2781 1)
1290 2748 1438 2782 arbitrio
1464 2748 1501 2789 C,
1527 2748 1715 2782 arbitrium

217 2801 275 2834 uel
299 2802 452 2835 arbitror
477 2814 497 2836 v
727 2804 772 2837 25
797 2803 940 2836 utilitas
967 2815 999 2846 q.
1027 2804 1190 2839 indecens
1216 2805 1298 2839 add.
1327 2806 1354 2839 C
1378 2816 1421 2838 m.
1447 2808 1470 2839 2
1497 2806 1534 2839 in
1558 2817 1669 2849 marg).

217 2858 260 2890 26
287 2859 399 2891 01111113
431 2859 457 2893 C

358 2928 409 2957 111
433 2929 458 2956 Α
1391 2924 1440 2959 13
