2032 3248
395 250 545 280 XLVIII

397 355 443 384 ex
463 342 689 384 uetustiore
719 341 855 384 codice
884 353 964 383 non
994 342 1185 384 omnibus
1207 341 1391 384 isdemue
1423 342 1583 384 mendis
1605 344 1727 396 atque
1751 342 1783 384 Τ
1805 343 1922 385 labo-

395 417 504 459 ranti
541 418 705 459 seruata
742 429 827 459 esse
863 416 1096 471 putandum
1133 416 1200 459 sit.
1244 417 1543 459 emendationis
1582 418 1721 459 autem
1754 419 1922 460 conatus

397 505 420 534 a
449 492 694 547 Reginensis
731 492 976 546 corruptelis
1013 491 1341 546 proficiscuntur,
1377 492 1458 534 nisi
1495 492 1602 546 quod
1639 493 1767 535 etiam
1801 505 1923 535 uerae

398 567 626 621 scripturae
667 566 911 610 coniecturis
951 567 1184 609 temerariis
1224 568 1410 610 tentatae
1453 568 1560 610 sunt.
1613 581 1692 622 qua
1727 568 1771 610 in
1806 581 1850 610 re
1886 567 1922 609 si

398 642 547 684 menda
581 642 780 684 nonnulla
816 654 944 695 parua
980 642 1140 684 scilicet
1171 642 1212 684 et
1243 641 1384 684 facilia
1414 643 1523 684 recte
1560 643 1777 686 emendata
1810 645 1920 698 sunt,

397 717 473 760 hoc
495 717 601 759 nihil
621 717 747 759 habet
768 717 983 760 momenti.
1016 717 1164 759 horum
1195 717 1381 759 codicum
1405 717 1733 760 coniunctionem
1755 718 1920 772 stirpis-

399 805 475 846 que
511 792 848 847 propagationem
886 792 1077 846 quamuis
1113 792 1348 834 accuratius
1384 792 1576 848 intellegi
1607 792 1714 835 nihil
1745 793 1925 844 intersit,

397 869 473 911 hoc
494 867 668 910 artificio
690 867 913 921 explicaui:

1064 943 1096 984 T

660 1005 1492 1077 ῶῂῄᾑψῖγ)

695 1076 698 1175 l
1246 1097 1275 1139 Ζ
1603 1111 1664 1151 ur

656 1228 733 1271 gpw

209 1321 361 1354 Epistulae
400 1303 508 1345 inter
538 1302 738 1357 epistulas
760 1315 856 1346 uero
879 1303 975 1347 illas
997 1304 1179 1358 quinque
1200 1307 1298 1348 sunt
1319 1305 1357 1348 8.
1381 1306 1449 1348 21.
1473 1305 1541 1347 22.
1565 1305 1633 1347 23.
1657 1305 1726 1353 24,
1758 1305 1807 1347 de
1830 1305 1923 1359 qui-

180 1367 478 1448 ἓζζξξξξιζζέθὺυε
507 1378 576 1420 hic
604 1378 746 1432 paucis
775 1379 983 1434 agendum
1014 1381 1089 1431 est,
1124 1380 1222 1433 quia
1243 1393 1310 1422 eas
1330 1392 1411 1422 non
1432 1380 1493 1422 ita
1513 1380 1638 1432 edidi,
1678 1382 1725 1422 ut
1746 1380 1921 1422 edendas

190 1460 378 1494 conscriptae·
403 1465 489 1495 esse
525 1453 626 1495 bene
665 1453 864 1496 intellexi.
900 1466 979 1496 non
1012 1456 1109 1497 sunt
1130 1454 1325 1510 Cypriani
1356 1468 1430 1498 nec
1451 1469 1475 1498 a
1497 1455 1600 1498 uiris
1633 1455 1806 1498 eruditis
1828 1465 1923 1498 con-'-

404 1528 596 1581 scriptae,
619 1529 689 1570 sed
706 1529 757 1571 ab
775 1528 1016 1572 hominibus
1037 1529 1108 1584 qui
1124 1530 1314 1585 linguam
1334 1531 1512 1573 latinam
1527 1543 1611 1572 non
1626 1531 1744 1572 illam
1765 1531 1922 1573 litteris

402 1605 644 1657 usurpatam
668 1605 709 1647 et
728 1604 991 1658 perpolitam,
1017 1604 1089 1647 sed
1111 1618 1192 1658 qua
1212 1605 1367 1660 uulgus
1389 1606 1481 1647 tum
1501 1606 1545 1647 in
1560 1604 1706 1647 Africa
1726 1605 1923 1647 utebatur

400 1679 625 1722 nouissent.
661 1680 784 1733 atque
808 1680 1010 1722 sermonis
1033 1680 1223 1735 uulgaris
1243 1681 1333 1723 tota
1355 1680 1594 1722 deformitas
1616 1681 1787 1734 apparet
1807 1680 1851 1722 in
1874 1680 1920 1731 T,

397 1754 441 1796 in
478 1755 623 1798 ceteris
663 1742 792 1797 uariis
834 1755 1079 1798 coniecturis
1121 1756 1342 1798 obscurata
1382 1756 1456 1797 est.
1500 1755 1559 1798 sic
1600 1755 1757 1810 legitur
1797 1755 1841 1796 in
1877 1766 1922 1797 eo

398 1842 437 1883 p.
459 1829 617 1882 488‚12
645 1830 817 1872 excubat
838 1843 923 1882 pro
951 1842 1091 1872 omues
1122 1829 1331 1886 (omuibus
1359 1829 1496 1887 φννμ),
1528 1830 1685 1882 530,19
1703 1843 1783 1883 pro
1802 1830 1923 1873 euius

396 1905 516 1958 faeta
549 1905 678 1960 (facto
707 1919 791 1963 φνεῖ,
830 1905 986 1948 rectius
1015 1906 1146 1959 factis
1167 1905 1224 1961 v),
1259 1906 1388 1957 531‚2
1402 1919 1485 1958 pro
1505 1918 1688 1958 quarum
1702 1908 1922 1958 peceatum

401 1979 584 2035 (peceato
605 1980 710 2037 gow),
741 1981 901 2031 531,10
924 1993 1007 2034 pro
1034 1994 1185 2023 nomeu
1214 1981 1333 2023 itlius
1355 1980 1544 2037 (nomine
1565 1979 1669 2037 fpw),
1698 1981 1823 2031 5329
1843 1993 1922 2033 pro

400 2069 470 2098 eas
487 2055 565 2112 (eis
582 2055 686 2113 cpw),
710 2055 868 2111 530,22
882 2070 963 2109 per
981 2059 1018 2098 te
1038 2056 1106 2099 uel
1119 2070 1201 2110 per
1220 2056 1279 2098 eis
1299 2056 1485 2098 dominis
1504 2056 1607 2097 meis
1628 2055 1709 2111 (eos
1730 2055 1918 2096 dominos

399 2144 507 2173 meos
528 2132 630 2187 φνεῖ),
659 2131 786 2183 531,1
819 2144 913 2174 cum
943 2143 1084 2174 omues
1110 2130 1319 2189 (omuibus
1339 2130 1410 2187 w),
1439 2130 1599 2182 533‚10
1619 2143 1713 2172 curn
1733 2130 1922 2171 timorem

401 2207 563 2260 (timore
589 2222 670 2264 φμ,
692 2219 832 2249 amore
853 2208 918 2260 w),
949 2207 1107 2259 53:3‚15
1128 2207 1242 2249 iuter
1261 2206 1521 2260 martyribus
1544 2208 1766 2258 (martyres
1786 2207 1921 2263 φνιτμ),

400 2281 528 2333 534,3
549 2281 663 2324 circa
683 2281 803 2324 uobis
825 2282 919 2337 (uos
935 2298 1014 2340 φμ,
1037 2294 1111 2324 uos
1127 2281 1196 2338 w),
1218 2282 1345 2333 5345
1366 2294 1507 2323 coram
1527 2280 1731 2323 christum
1754 2279 1923 2338 (christo

401 2359 536 2413 φννμ),
570 2356 729 2409 534‚10
758 2360 856 2399 aute
884 2356 962 2399 bac
991 2356 1262 2400 tribulatione
1293 2356 1419 2408 (hauc
1447 2356 1765 2399 tribulationem
1786 2360 1920 2412 φννμ),

403 2432 486 2474 487
493 2433 529 2483 ,1
573 2446 601 2473 a
628 2432 779 2485 plures
814 2447 842 2474 a
878 2433 997 2474 uobis
1033 2433 1090 2474 act
1125 2446 1199 2475 uos
1232 2432 1446 2475 uenientes
1480 2430 1695 2487 (pluribus
1729 2445 1832 2486 cpwpc
1869 2455 1921 2460 —-

402 2508 666 2550 uenientibus
687 2521 771 2565 (pw,
803 2508 1074 2550 conueniente
1095 2512 1143 2563 μ)
1172 2507 1463 2550 incertioribus
1483 2506 1527 2548 id
1547 2518 1676 2561 genus
1705 2505 1918 2560 neglectis

403 2582 578 2636 indeque
610 2583 899 2638 corrigendum
935 2583 998 2625 est
1028 2583 1158 2635 486,3
1189 2595 1283 2625 cum
1315 2594 1454 2624 seruos
1483 2593 1577 2622 suos
1609 2579 1747 2636 (seruo
1778 2592 1851 2621 suo
1873 2578 1919 2630 T,

402 2658 537 2699 seruis
568 2659 658 2701 suis
687 2657 826 2715 φννμ),
863 2659 989 2712 531,1
1016 2671 1099 2711 pro
1129 2670 1286 2700 sorores
1315 2660 1481 2699 nostrus
1513 2660 1665 2706 (sorore
1694 2657 1840 2696 nostra
1869 2653 1918 2704 T,

403 2734 612 2775 sororibus
632 2735 790 2777 uostris
811 2739 899 2791 (pw)
922 2747 1027 2786 quas
1048 2736 1084 2775 et
1105 2736 1152 2775 tu
1172 2733 1268 2775 bene
1297 2732 1406 2773 nosti
1423 2731 1678 2773 Numeriam
1699 2733 1735 2772 et
1759 2728 1918 2771 Cuncti-

404 2807 518 2851 dam.
540 2809 612 2850 ubi
634 2809 765 2851 falsus
787 2822 881 2852 sum
904 2822 1000 2851 cum
1023 2809 1278 2862 corruptiora
1300 2820 1346 2850 ea
1367 2808 1569 2861 putarem.
1604 2800 1800 2847 similiter
1822 2803 1918 2845 sunt

405 2882 619 2924 nominum
638 2895 787 2937 genera
805 2883 974 2926 confusa
985 2883 1114 2937 488‚4
1123 2882 1308 2936 yraudz's
1317 2881 1524 2934 perieulis
1540 2880 1730 2921 iuunmet
1743 2876 1920 2933 (yraude
