2032 3248
839 260 968 294 Liber
999 260 1059 293 VI.
1610 265 1687 305 221

207 373 211 424 Ι
248 374 381 414 ullum
414 374 492 414 sibi
516 374 808 415 existimabunt
831 375 1053 415 honorem?
1085 388 1153 428 per
1173 377 1357 417 tramites
1380 389 1471 430 ergo
1494 378 1686 430 quosdam
1702 385 1721 417 f.
1740 385 1802 416 125

204 443 244 482 et
266 454 335 494 per
357 443 555 494 quaedam
578 442 670 483 fidei
693 442 921 492 commissa,
946 444 990 483 ut
1012 444 1174 489 dicitur,
1206 448 1361 485 uestras
1383 451 1550 486 sumunt
1571 449 1690 498 atque

206 510 413 562 accipiunt
445 510 656 560 cultiones5
689 512 729 551 et
759 512 977 563 antequam
1010 512 1037 551 ii
1068 512 1246 553 sentiant
1274 513 1420 565 quibus
1443 514 1546 555 illud
1569 514 1690 555 debe-

203 580 269 620 tur
300 579 550 631 obsequium,
584 579 811 620 simulacris
843 579 974 620 litatis
1006 580 1115 632 prius
1148 582 1187 621 et
1218 581 1331 622 uelut
1354 581 1543 634 reliquias
1568 594 1688 634 quas-

177 647 299 688 sdam
333 647 466 688 aliena
497 647 545 688 ad
579 648 671 689 illos
703 660 748 688 ex
780 647 1023 689 auctoritate
1064 649 1357 690 transmittitis.
1406 652 1445 690 et
1475 650 1571 702 quid
1603 650 1690 691 fieri

204 716 309 768 potis
339 717 398 757 est
430 716 662 757 iniuriosius
692 716 1024 757 contumeliosius
1046 716 1199 766 durius,
1231 729 1350 769 quam
1373 717 1492 759 deum
1515 718 1687 759 alterum

205 784 306 825 scire
330 786 369 825 et
390 784 446 825 rei
468 785 586 826 alteri
609 784 866 837 supplicare?
897 797 1012 838 opem
1035 797 1193 838 sperare
1215 786 1262 826 de
1285 787 1450 826 numine
1473 788 1512 827 et
1534 786 1689 827 nullius

205 864 347 893 sensus
379 853 429 893 ad
461 852 636 906 effigiem
669 852 904 905 deprecari?
934 865 1062 894 nonne
1084 853 1185 894 illud
1217 855 1290 904 est,
1323 866 1481 907 quaes0‚
1516 855 1619 908 quod
1652 855 1691 895 in

207 921 446 974 uulgaribus
478 921 701 974 prouerbiis
726 921 887 969 dicitur,
921 921 1080 962 fabrum
1111 922 1274 963 caedere
1306 935 1396 964 cum
1427 923 1547 964 ferias
1569 923 1690 964 fullo—

161 1002 193 1026 10
207 1001 318 1038 nem,
352 990 393 1030 et
424 1001 515 1030 cum
548 989 724 1029 hominis
756 989 969 1030 consilium
1002 1002 1192 1043 quaeras,
1226 991 1276 1031 ab
1298 991 1432 1032 asellis
1456 994 1495 1032 et
1516 991 1691 1044 porculis

207 1057 452 1112 agendarum
499 1070 633 1098 rerum
680 1059 904 1099 sententias
954 1059 1188 1111 postulare?
1239 1064 1277 1099 et
1324 1059 1427 1100 unde
1472 1060 1688 1101 nouissime
1711 1058 1757 1097 1⁰

210 1126 335 1174 scitis,
369 1138 418 1166 an
450 1125 669 1166 simulacra
702 1126 796 1167 haec
827 1127 962 1167 omnia
993 1139 1092 1179 quae
1125 1127 1186 1167 dis
1218 1128 1520 1168 immortalibus
1544 1128 1695 1169 uicaria

208 1194 499 1235 substitutione
532 1194 716 1236 formatis
749 1195 1064 1236 similitudinem
1096 1194 1270 1237 referant
1301 1196 1553 1249 habeantque
1590 1196 1696 1237 diui-

208 1265 332 1304 nam?
376 1264 510 1315 potest
548 1263 656 1304 enim
696 1262 800 1313 fieri,
841 1266 887 1304 ut
921 1263 1117 1304 barbatus
1149 1264 1190 1304 in
1233 1264 1340 1305 caelo
1373 1265 1427 1305 sit
1458 1264 1526 1317 qui
1557 1277 1642 1306 esse
1675 1278 1696 1306 a

164 1347 193 1370 15
208 1331 323 1373 uobis
345 1331 555 1385 effingitur
575 1330 693 1383 leuis,
718 1333 852 1384 potest
874 1334 919 1372 ut
941 1332 1149 1373 senectute
1170 1332 1398 1384 prouectior
1417 1333 1479 1374 cui
1499 1333 1695 1385 puerilem

209 1399 474 1441 commodatis
506 1401 693 1449 aetatem,
725 1401 859 1452 potest
892 1402 937 1440 ut
969 1400 1034 1440 hic
1055 1400 1184 1441 flauus
1208 1401 1261 1442 sit
1284 1423 1342 1441 >m
1366 1402 1434 1453 qui
1457 1401 1497 1441 in
1521 1401 1694 1443 ueritate

207 1468 353 1509 habeat
410 1469 544 1509 oculos
586 1468 759 1517 caesios,
802 1468 999 1520 displosas
1043 1471 1088 1509 ut
1116 1469 1282 1522 gestitet
1314 1482 1427 1510 nares
1460 1483 1579 1522 quem
1609 1482 1693 1511 esse

209 1549 280 1578 uos
312 1536 448 1578 facitis
480 1536 747 1590 figuratisque
779 1536 970 1578 nasicam.
1010 1549 1137 1589 neque
1170 1537 1276 1577 enim
1306 1541 1461 1578 rectum
1484 1540 1544 1579 est
1566 1538 1697 1579 dicere

209 1607 279 1646 aut
310 1605 511 1658 appellare
543 1605 811 1645 simulacrum
842 1604 948 1657 quod
979 1616 1055 1645 non
1079 1605 1230 1658 pariles
1262 1604 1389 1646 lineas
1412 1605 1625 1659 principali
1648 1606 1696 1646 ab

164 1685 196 1710 20
210 1685 274 1715 ore
305 1673 510 1714 traducat:
557 1673 662 1725 quod
694 1685 779 1713 esse
820 1673 987 1725 planum
1020 1674 1060 1713 et
1092 1675 1247 1714 certum
1289 1673 1518 1714 manifestis
1549 1674 1698 1726 poterit

211 1742 260 1784 ab
292 1743 409 1784 rebus
441 1742 617 1795 agnosci.
664 1754 758 1782 nam
791 1754 883 1782 cum
907 1753 1045 1782 omnes
1068 1741 1250 1782 homines
1273 1743 1441 1783 teretem
1465 1755 1549 1783 esse
1572 1743 1695 1783 solem

211 1809 475 1851 indubitabili
522 1809 725 1850 luminum
771 1809 1112 1862 contemplatione
1158 1809 1388 1856 uideamus,
1438 1822 1480 1850 os
1525 1810 1588 1851 illi
1628 1822 1697 1851 uos

210 1878 386 1919 hominis
431 1881 470 1918 et
514 1878 749 1918 mortalium
799 1890 1011 1930 corporum
1064 1878 1303 1919 liniamenta
1358 1878 1550 1919 donastis.
1601 1879 1697 1920 luna

212 1959 370 1999 semper
402 1946 441 1987 in
475 1947 588 1987 motu
621 1948 681 1987 est
712 1947 752 1987 et
782 1948 844 1987 ter
875 1947 996 1987 denas
1029 1946 1148 1987 facies
1173 1946 1178 2001 Ι
1204 1946 1245 1987 in
1267 1947 1525 1988 restitutione
1546 1947 1694 1999 accipit
1707 1955 1728 1987 f.
1750 1955 1830 1987 12²5b

166 2030 197 2055 25
212 2018 442 2056 menstrua:
475 2014 591 2055 uobis
624 2014 793 2055 ducibus
825 2016 864 2055 et
896 2014 1182 2068 figuratoribus
1215 2014 1367 2055 femina
1395 2016 1467 2059 est.
1501 2015 1697 2067 uultuque

213 2086 273 2125 est
301 2095 378 2124 uno
409 2095 510 2136 quae
540 2095 609 2135 per
631 2082 793 2124 habitus
815 2083 929 2124 mille
952 2083 1175 2124 cottidiana
1204 2083 1478 2124 instabilitate
1500 2084 1695 2124 mutatur.

213 2152 493 2205 intellegimus
525 2163 663 2192 omnes
696 2152 835 2192 uentos
866 2151 968 2192 aeris
992 2164 1077 2192 esse
1100 2151 1268 2192 fluorem
1291 2152 1395 2203 pulsi
1420 2152 1459 2192 et
1480 2151 1698 2192 mundanis

213 2220 440 2262 rationibus
472 2220 681 2261 concitati:
715 2233 785 2272 per
816 2232 886 2261 uos
918 2220 1129 2260 hominum
1162 2219 1315 2260 formae
1345 2221 1438 2260 sunt
1461 2219 1697 2261 bucinarum

214 2290 442 2330 animantes
482 2290 614 2330 tortus
652 2289 860 2330 intestinis
900 2290 940 2329 et
979 2288 1211 2329 domesticis
1249 2287 1426 2329 flatibus.
1472 2288 1575 2328 inter
1606 2287 1698 2328 deos

169 2371 200 2396 30
214 2357 399 2398 uidemus
434 2359 590 2399 uestros
621 2357 747 2399 leonis
780 2357 1054 2398 toruissimam
1082 2357 1225 2397 faciem
1249 2368 1359 2397 mero
1385 2355 1554 2396 oblitam
1576 2356 1699 2396 minio

258 2526 279 2559 3
303 2526 353 2560 hii
380 2527 414 2561 P
438 2526 474 2560 hi
501 2527 572 2561 Sab
716 2527 736 2560 6
761 2530 840 2570 pote
860 2526 929 2560 Sal)
1073 2526 1094 2559 S
1119 2525 1314 2568 depraecari
1344 2525 1377 2558 P
1514 2524 1534 2557 9
1560 2523 1699 2557 caedere

216 2584 285 2618 δαὶ)
310 2585 349 2618 in
375 2595 451 2618 err:
476 2583 594 2618 cadere
620 2584 654 2617 P
838 2584 874 2616 11
903 2582 1087 2616 nobissimo:
1113 2583 1147 2615 P
1170 2592 1248 2614 corr
1433 2582 1474 2613 12
1499 2579 1565 2614 (1113
1591 2591 1607 2614 c

216 2641 257 2674 14
283 2641 452 2675 barbatus
479 2641 569 2674 Sub:
603 2639 769 2673 barbarus
796 2640 829 2672 P
998 2640 1039 2671 15
1063 2639 1246 2681 effingitur
1274 2637 1364 2671 Sub.-
1390 2636 1549 2679 effigitur
1576 2637 1612 2670 P

216 2698 258 2731 16
284 2699 452 2732 lacunam
476 2698 626 2742 siymmi
777 2697 818 2729 21
845 2706 863 2729 a
890 2695 962 2729 Sub
1116 2696 1259 2727 teretem
1286 2694 1376 2727 Sal).-
1403 2695 1550 2726 teretum
1577 2693 1611 2726 P

216 2755 258 2788 23
284 2754 424 2788 donatis
452 2755 522 2789 δαὶ)
672 2753 713 2786 27
740 2753 856 2796 pulsos
885 2753 954 2786 Sub
1103 2751 1146 2784 ‘28
1172 2751 1361 2784 concitatos
1390 2749 1460 2784 διώ
1610 2749 1699 2782 b¹¹ci-

216 2821 338 2845 narum
365 2812 400 2845 P
553 2812 597 2844 29
621 2812 730 2843 tortos
756 2820 774 2842 rr
925 2809 969 2842 30
993 2810 1126 2842 uestros
1149 2819 1199 2841 om
1230 2807 1297 2841 διώ
1447 2806 1554 2839 leonis
1582 2806 1698 2840 δαίνυ

215 2869 329 2902 leones
349 2869 383 2903 P
507 2868 709 2902 toruissima
734 2868 820 2901 facie
838 2867 907 2900 δοῖ)
1030 2866 1174 2899 oblitam
1195 2865 1311 2898 Scdm:
1339 2864 1450 2897 oblita
1468 2864 1500 2895 P
