2032 3248
290 353 340 389 21

357 248 441 289 234
996 244 1237 287 Appendix.

417 353 488 390 Sed
510 362 604 399 quae
625 362 745 398 poena
768 352 895 388 manet
917 349 1018 397 illos,
1056 350 1119 398 qui
1155 353 1242 398 post
1277 353 1424 389 tantam
1460 350 1650 398 euangelii
1686 351 1808 389 lucem
1830 353 1868 389 et

358 422 533 469 gratiam,
555 422 688 468 postea
704 430 817 467 quam
834 419 951 457 semel
972 419 1177 457 illuminati
1196 422 1297 465 sunt,
1322 422 1574 467 gustauerunt
1596 420 1709 457 etiam
1732 420 1869 457 donum

357 489 539 535 caeleste,
572 491 609 526 et
637 488 843 537 participes
872 488 964 526 facti
993 491 1083 526 sunt
1113 488 1273 536 spiritus
1304 489 1450 534 sancti,
1481 490 1732 536 gustauerunt
1753 500 1869 536 aeque

356 560 495 597 bonum
519 558 588 596 Dei
624 559 782 596 uerbum
803 558 1041 606 uirtutesque
1076 558 1217 596 saeculi
1239 558 1404 605 uenturi,
1442 558 1480 595 in
1510 558 1630 596 multa
1660 560 1774 605 atque
1797 558 1867 595 im-

355 628 481 666 mania
522 628 679 665 crimina
714 626 951 674 relabuntur,
988 627 1254 675 crucifigentes
1292 627 1539 675 sibimetipsis
1575 627 1694 665 filium
1725 628 1793 664 Dei
1830 629 1868 665 et
1882 644 1896 665 5

355 698 522 735 ostentui
544 697 754 735 habentes?
779 697 844 745 qui
865 697 935 735 hoc
957 698 1046 734 sunt
1068 697 1182 735 etiam
1203 695 1511 743 miserabiliores,
1545 697 1643 744 quod
1665 708 1748 734 cum
1770 696 1867 734 tales

355 767 444 811 sint,
468 773 721 814 aspernantur
741 768 867 809 tamen
889 766 1144 814 poenitentiae
1166 765 1344 803 salutaris
1367 766 1588 812 remedium,
1621 767 1867 803 contemnunt

355 836 553 874 ecclesiam
573 837 787 873 maternum
808 835 995 883 gremium
1023 835 1243 873 offerentem
1272 837 1311 873 et
1339 836 1387 873 ad
1417 834 1595 873 sanitatis
1616 834 1866 872 instauratio-

354 916 439 943 nem
494 905 732 943 inuitantem.
784 904 967 942 eiusmodi
1014 904 1173 942 defectio
1224 905 1405 952 quantam
1455 906 1569 953 putas
1620 903 1865 952 ignominiam

353 975 473 1013 inurit
530 974 741 1013 ecclesiae?
796 985 866 1012 nec
916 985 961 1012 ea
1015 973 1223 1022 ignominia
1270 986 1345 1012 non
1400 975 1526 1021 potest
1575 974 1763 1021 pertinere
1818 975 1865 1012 ad
1881 987 1912 1010 ιο

354 1043 547 1082 Christum
587 1043 650 1091 qui
689 1045 748 1081 est
784 1044 898 1090 caput
928 1042 1110 1082 ecclesiae
1146 1045 1184 1081 et
1218 1054 1285 1090 per
1322 1043 1448 1081 omnia
1483 1054 1592 1080 suum
1628 1054 1710 1081 esse
1747 1042 1864 1090 ducit,

353 1114 451 1161 quod
487 1115 544 1151 est
580 1112 747 1160 corporis
783 1124 826 1150 ao
858 1113 1111 1151 membrorum
1146 1112 1280 1159 ipsius.
1323 1123 1343 1149 e
1378 1111 1541 1158 diuerso,
1574 1113 1716 1159 quanta
1745 1111 1864 1149 totius

351 1182 532 1221 ecclesiae
567 1182 784 1228 exsultatio,
831 1194 914 1220 cum
956 1182 1022 1230 qui
1057 1182 1189 1230 lapsus
1225 1183 1284 1220 est
1317 1193 1385 1229 per
1429 1181 1701 1229 poenitentiam
1742 1180 1862 1219 eccle—

352 1252 429 1290 siae
451 1251 745 1290 reconciliatur?
768 1263 812 1289 ac
834 1262 880 1289 ne
901 1253 1077 1299 putemus
1098 1252 1170 1289 hoc
1190 1250 1371 1299 gaudium
1392 1250 1493 1298 apud
1513 1261 1582 1288 uos
1598 1251 1747 1287 tantum
1763 1260 1862 1296 esse,

350 1320 552 1359 Dominum
588 1320 787 1358 audiamus
817 1320 856 1358 in
886 1319 1083 1368 euangelio
1106 1313 1218 1359 κατὰ
1239 1320 1380 1358 Lucam
1395 1320 1633 1368 loquentem:
1655 1319 1726 1356 ita
1757 1319 1861 1357 dico
1876 1334 1907 1358 15

349 1390 514 1437 uobis,
547 1391 670 1438 quod
701 1390 930 1438 gaudium
961 1390 1059 1428 erit
1090 1389 1136 1427 in
1167 1390 1301 1428 caelo
1324 1400 1468 1436 super
1489 1400 1578 1427 uno
1600 1390 1862 1435 peccatore

349 1459 711 1508 poenitentiam
751 1460 948 1507 agente,
995 1471 1130 1507 quam
1188 1471 1332 1507 super
1381 1458 1654 1506 nonaginta
1696 1470 1861 1497 nouem

349 1529 523 1575 iustis,
570 1528 650 1576 qui
681 1539 772 1567 non
803 1528 1038 1577 indigent
1067 1528 1391 1576 poenitentia.
1434 1539 1522 1565 nam
1560 1528 1652 1565 haec
1688 1527 1860 1566 clausula

347 1597 433 1635 finit
452 1595 675 1645 parabolam
696 1598 741 1635 de
762 1600 929 1645 pastore,
953 1598 1018 1646 qui
1039 1597 1185 1636 relictis
1206 1597 1415 1645 nonaginta
1435 1608 1570 1636 nouem
1591 1597 1724 1635 ouibus
1746 1608 1859 1635 unam

349 1679 460 1715 quam
482 1679 505 1705 a
525 1678 641 1715 grege
663 1668 907 1705 aberrauerat
920 1666 1040 1705 multo
1057 1666 1185 1706 labore
1207 1667 1418 1715 quaesitam
1434 1678 1478 1705 ac
1492 1668 1646 1706 tandem
1660 1667 1856 1704 inuentam
1873 1682 1907 1706 ρο

351 1736 533 1784 imposuit
554 1736 723 1774 humeris
746 1736 827 1774 suis
848 1738 887 1774 et
908 1736 1037 1775 caulae
1058 1736 1238 1775 restituit.
1262 1736 1378 1774 simili
1400 1736 1589 1775 sententia
1619 1738 1761 1776 claudit
1790 1750 1858 1785 pa—

348 1806 519 1844 rabolam
541 1806 587 1843 de
607 1805 788 1853 muliere,
810 1817 905 1853 quae
926 1807 1144 1845 drachmam
1174 1806 1360 1854 perditam
1391 1807 1601 1845 inuenerat.
1644 1806 1714 1844 ita
1754 1807 1859 1845 dico

347 1873 490 1912 uobis
522 1874 749 1922 gaudium
780 1875 881 1913 erit
911 1886 1074 1913 coram
1120 1876 1314 1924 angelis
1344 1876 1431 1914 Dei
1461 1886 1606 1924 super
1636 1888 1725 1915 uno
1756 1887 1857 1923 pec-

347 1945 513 1981 catore
544 1944 902 1990 poenitentiam
933 1946 1120 1993 agente.
1168 1955 1237 1982 nec
1272 1946 1400 1983 tamen
1421 1945 1492 1982 hoc
1514 1944 1568 1983 sic
1599 1944 1858 1992 accipiendum

347 2012 550 2060 ests-quasi
566 2012 644 2051 Deo
662 2015 699 2051 et
716 2013 797 2051 eius
815 2013 963 2062 angelis
981 2014 1128 2062 gratius
1151 2015 1202 2052 sit
1223 2017 1310 2062 post
1330 2015 1479 2062 lapsum
1500 2014 1623 2053 redire
1653 2014 1700 2051 ad
1733 2014 1855 2061 pieta·
1872 2030 1904 2055 25

345 2084 435 2128 tem,
468 2094 581 2130 quam
602 2082 700 2120 citra
719 2082 869 2130 lapsum
890 2094 1133 2130 perseuerare
1155 2084 1195 2121 in
1215 2083 1452 2121 innocentia:
1499 2084 1566 2122 sed
1588 2083 1776 2130 scriptura
1793 2094 1859 2120 suo

347 2162 448 2189 more
486 2151 653 2199 loquitur
701 2152 906 2190 secundum
957 2152 1115 2190 affectus
1159 2153 1366 2199 humanos,
1408 2152 1503 2190 illud
1553 2153 1734 2191 testatum
1776 2162 1858 2190 esse

346 2220 477 2258 uolens
513 2220 591 2258 Deo
627 2221 887 2268 gratissimam
909 2232 992 2259 esse
1022 2223 1259 2269 peccatorum
1278 2222 1573 2260 conuersionem.
1615 2233 1706 2259 non
1738 2221 1858 2258 enim

345 2289 543 2334 quaerit
574 2291 773 2328 mortem
803 2289 1104 2337 peccatoris,
1158 2290 1239 2328 sed
1268 2291 1424 2339 magis
1455 2293 1507 2328 ut
1537 2292 1859 2329 conuertatur

345 2358 391 2395 et
422 2358 573 2396 uiuat.
1871 2373 1904 2397 30

278 2433 331 2470 22
404 2426 531 2474 Atque
553 2427 744 2466 interdum
764 2428 911 2476 piorum
933 2429 1127 2467 hominum
1155 2430 1285 2478 lapsus
1315 2430 1489 2477 quamuis
1524 2441 1695 2469 enormes
1727 2430 1857 2468 diuina

345 2494 628 2542 dispensatione
651 2498 853 2535 uertuntur
886 2498 925 2535 in
963 2510 1149 2536 summum
1180 2498 1362 2537 ecclesiae
1381 2498 1605 2547 profectum.
1647 2499 1701 2537 sic
1721 2498 1852 2546 lapsus

345 2564 405 2600 est
426 2564 680 2611 apostolorum
701 2565 892 2614 princeps,
916 2566 970 2605 sic
991 2567 1136 2605 Paulus
1157 2568 1329 2616 gentium
1350 2569 1490 2614 doctor,
1527 2568 1582 2606 sic
1601 2568 1724 2606 Maria
1742 2568 1855 2615 Mag-

345 2631 491 2678 dalene,
513 2633 650 2680 quibus
671 2646 773 2673 nunc
795 2635 955 2673 ecclesia
974 2636 1177 2684 praecipue
1198 2637 1406 2685 gloriatur,
1429 2648 1586 2684 quorum
1616 2637 1748 2685 lapsus
1769 2648 1851 2676 ces-

345 2703 476 2738 serunt
497 2701 536 2738 in
558 2702 858 2741 stabilimentum
880 2715 923 2742 ac
945 2704 1121 2743 solatium
1143 2706 1275 2744 domus
1292 2706 1373 2743 Dei.
1397 2707 1594 2752 praeterea
1615 2718 1689 2744 non
1711 2706 1773 2744 hic
1794 2706 1851 2743 lo—
1867 2719 1899 2744 35

437 2868 478 2901 15
504 2868 585 2903 Luc.
614 2870 666 2910 15,
694 2871 723 2904 7.
865 2872 909 2906 28
936 2873 992 2906 ΕΖ.
1020 2874 1074 2915 18,
1100 2873 1154 2908 32.
