2032 3248
394 156 470 197 130
1021 150 1264 196 Appendix.

385 262 496 300 titulo
518 260 674 308 reliquit
696 260 904 308 coniungas
925 259 1069 308 pariter
1090 260 1129 296 et
1150 259 1353 306 adsciscas,
1379 259 1593 306 exspectem
1616 270 1699 296 cum
1717 259 1902 297 fratribus

383 331 527 379 pariter
563 331 601 367 in
638 330 833 377 apertione
870 329 948 367 oris
983 328 1042 367 tui
1078 328 1319 376 splendorem
1359 327 1508 376 gratiae
1543 327 1701 365 luminis
1743 327 1899 376 Christi,

385 412 521 448 sequar
542 400 582 437 in
603 399 834 437 tractatibus
869 399 947 437 tuis
970 399 1221 445 lumen'quod
1242 397 1428 436 Dominus
1449 397 1629 444 ostendit,
1667 397 1767 445 quod
1789 397 1900 436 Chri-

383 472 465 508 stus
486 469 693 507 adueniens
715 470 910 506 aeternam
931 469 1051 506 uitam
1073 479 1156 505 esse
1178 467 1420 505 monstrauit.

440 538 548 577 Certe
570 550 682 586 quam
704 538 798 576 mihi
819 538 920 576 laeta
941 537 1023 584 illa,
1046 549 1159 585 quam
1182 536 1410 584 exoptabilis
1433 536 1514 574 dies
1535 537 1607 582 est,
1631 548 1715 575 cum
1745 537 1897 575 miseri·
1915 551 1929 574 ε»

383 607 531 646 cordiae
553 607 704 645 Domini
740 607 870 646 fauore
903 606 1150 645 arcessitione
1172 606 1295 644 dilata
1318 607 1510 644 senectam
1532 606 1645 643 istam
1666 617 1788 644 meam
1809 618 1898 655 pro-

381 676 480 714 ferre
517 676 736 724 contigerit,
778 677 822 714 ut
861 678 898 714 et
936 675 1171 714 orationibus
1214 677 1433 714 sanctorum
1472 675 1640 723 impense
1679 677 1717 713 et
1758 675 1899 723 iugiter

379 746 664 794 deprecantium
704 746 907 783 Dominum
950 745 1095 783 Christi
1148 746 1352 794 martyrem
1404 745 1554 782 uideam
1569 775 1578 792 ,
1630 746 1672 782 ut
1723 756 1898 783 coronam

378 815 549 854 iustitiae
581 827 677 863 quae
710 815 783 853 tibi
814 826 930 863 penes
962 815 1164 853 Dominum
1199 815 1372 863 deposita
1393 816 1453 852 est
1479 816 1631 862 portare
1655 814 1895 862 conspiciam.

377 896 447 922 nec
467 885 664 932 putaueris
685 886 812 923 autem
834 885 1008 933 martyrii
1030 884 1101 922 tibi
1123 885 1330 923 secundum
1360 894 1542 931 praesens
1562 885 1693 922 uotum
1716 884 1896 923 desiderii
1911 895 1943 920 10

377 954 500 992 nostri
521 954 683 1002 gloriam
704 953 836 992 tribui.
870 956 961 992 tunc
982 955 1068 991 inde
1090 953 1290 992 felicitatis
1311 954 1426 992 huius
1448 954 1598 991 conlata
1629 953 1800 1001 dignatio
1822 957 1894 1001 est,

377 1025 470 1061 tunc
498 1023 636 1061 iudicio
670 1035 737 1062 suo
770 1023 869 1062 iusto
891 1023 1076 1062 Dominus
1099 1023 1217 1071 elegit
1239 1023 1471 1061 destinatum
1492 1024 1710 1072 martyrem,
1752 1036 1836 1062 cum
1858 1026 1894 1062 te

377 1094 592 1140 exemptum
613 1094 657 1131 de
674 1093 860 1132 iustorum
883 1104 998 1141 grege
1020 1094 1135 1140 atque
1157 1093 1401 1141 adsumptum
1422 1093 1495 1131 sibi
1517 1094 1562 1130 de
1585 1093 1780 1141 inopinato
1803 1105 1892 1132 con-

377 1162 506 1200 stituit
538 1161 675 1201 altario
709 1164 955 1201 sacerdotem.
998 1163 1197 1211 praeclara
1225 1174 1383 1211 prorsus
1413 1164 1450 1200 et
1483 1163 1650 1211 gloriosa
1681 1163 1893 1201 uocationis

377 1232 513 1271 electio
535 1233 574 1270 et
596 1232 640 1270 de
662 1232 813 1270 Domini
835 1232 1056 1280 dignatione
1078 1244 1178 1270 noua
1199 1234 1312 1280 atque
1343 1232 1517 1271 inaudita
1539 1234 1576 1271 et
1598 1232 1693 1270 mira
1727 1232 1892 1272 felicitas
1909 1245 1938 1270 15

374 1302 654 1340 transmarinae
685 1302 1007 1350 peregrinationis
1028 1301 1324 1340 necessitatibus
1346 1304 1569 1350 occupatum
1591 1303 1639 1340 ad
1661 1303 1892 1341 destinatum

374 1371 446 1410 tibi
479 1384 618 1410 munus
648 1372 826 1419 ignarum
856 1383 900 1410 ac
933 1371 1102 1410 nescium
1129 1372 1285 1418 repente
1308 1372 1458 1410 uenisse
1481 1373 1596 1419 atque
1619 1372 1673 1410 ita
1694 1384 1891 1421 regressus

373 1441 432 1479 tui
464 1442 615 1489 tempus
645 1442 694 1478 ad
723 1442 794 1479 hoc
827 1452 910 1479 esse
941 1440 1144 1486 libratum,
1187 1442 1230 1478 ut
1260 1440 1456 1487 insperata
1486 1440 1681 1479 celeritate
1713 1441 1891 1480 ueniendi

374 1510 620 1558 intellegeres
671 1512 783 1558 atque
836 1510 1050 1548 dinosceres
1100 1510 1280 1547 honorem
1334 1510 1534 1548 sacerdotii
1576 1511 1751 1549 caelestis
1791 1511 1891 1549 inter

374 1582 520 1619 ceteros
553 1580 625 1617 tibi
659 1579 899 1627 potissimum
935 1579 1167 1617 destinatum
1190 1581 1228 1617 et
1250 1580 1348 1626 quod
1371 1579 1537 1618 iussione
1559 1580 1711 1619 Domini
1733 1591 1888 1629 exspec-
1904 1594 1936 1620 20

373 1650 478 1687 tatus
515 1649 667 1687 uenires
704 1650 818 1697 atque
855 1659 1073 1687 occurreres
1094 1649 1344 1687 reseruatum.
1378 1650 1421 1687 ut
1442 1649 1623 1687 ecclesiae
1645 1661 1734 1688 suae
1757 1650 1888 1688 Domi-

467 1808 485 1841 1
512 1807 730 1851 derelinquit
754 1808 785 1841 Z
956 1806 1126 1852 coniugas
1158 1808 1190 1841 T
1192 1812 1205 1842 t
1378 1808 1553 1842 adscissas
1581 1808 1619 1849 T,
1647 1809 1736 1842 assis
1763 1819 1821 1843 eos
1846 1808 1888 1849 Ζ,

371 1865 549 1900 adsciscas
574 1867 614 1899 ut
640 1866 725 1899 Bal.
753 1876 799 1899 ex
824 1876 843 1899 ·r
983 1866 1194 1910 exspectem]
1224 1867 1408 1910 expertum
1435 1878 1454 1900 v
1595 1866 1618 1902 2
1644 1866 1781 1911 pariter
1806 1877 1885 1900 cum

370 1923 545 1958 fratribus
571 1935 591 1958 v
746 1924 930 1968 apersione
956 1924 989 1958 Z
1142 1924 1291 1958 luminis
1317 1925 1372 1958 tui
1398 1925 1573 1958 christum
1600 1926 1632 1959 Z
1786 1925 1808 1959 3
1834 1935 1887 1959 se·

370 1982 492 2027 quaris
518 1983 560 2023 Z,
586 1984 627 2016 tu
652 1982 745 2016 enim
773 1982 931 2026 sequeris
958 1983 1043 2016 Bal.
1072 1993 1116 2016 ex
1142 1993 1161 2016 r
1347 1983 1467 2017 lumen
1497 1984 1535 2024 T,
1563 1983 1661 2017 uitae
1687 1984 1806 2017 lumen
1833 1988 1884 2028 ΐμ,

368 2040 488 2074 lumen
513 2040 611 2074 uitae
638 2040 692 2075 Zv
869 2041 892 2075 4
917 2051 991 2074 esse
1017 2041 1132 2074 uitam
1159 2041 1200 2082 Z,
1228 2052 1263 2074 sc
1288 2051 1363 2074 esse
1389 2041 1505 2075 uitam
1532 2042 1615 2076 Bal.
1786 2042 1808 2076 5
1834 2045 1887 2075 est

369 2108 436 2132 om.
463 2098 499 2132 Z
674 2098 918 2132 misericordia
944 2098 1081 2132 domini
1107 2109 1147 2132 ac
1174 2098 1260 2132 Bal.
1287 2109 1331 2132 err
1356 2109 1375 2132 r
1554 2100 1575 2133 6
1600 2099 1830 2134 accersitione
1855 2110 1886 2142 v,

368 2156 564 2190 accersione
590 2170 625 2200 μ,
653 2156 850 2191 arcessione
874 2157 905 2191 Z
1098 2156 1208 2190 istam
1235 2167 1300 2191 om.
1328 2157 1363 2190 Z
1545 2158 1737 2202 proferrem
1765 2158 1797 2192 Τ

369 2214 388 2247 7
415 2214 634 2259 contingerit
659 2215 736 2259 Ζμ1
901 2216 941 2248 ut
967 2215 1014 2259 et]
1042 2216 1083 2248 ut
1109 2227 1130 2258 μ
1305 2216 1507 2249 sanctorum
1534 2236 1576 2241 —-
1603 2216 1882 2261 deprecantium]

366 2272 608 2317 praecismum
632 2283 708 2307 non
740 2272 952 2318 intelleyens
978 2273 1164 2307 Balneius
1190 2284 1234 2307 ea}
1259 2283 1279 2306 ἰ’
1303 2273 1410 2308 add.:
1446 2273 1612 2318 coniungi
1637 2285 1772 2308 merear
1796 2276 1838 2308 ut

365 2330 387 2363 8
413 2329 589 2364 christum
615 2331 651 2364 Z
757 2330 809 2374 ut]
837 2331 874 2364 et
898 2330 956 2375 Ζμ
1064 2330 1109 2364 10
1132 2341 1204 2365 non
1231 2333 1351 2365 autem
1378 2331 1562 2376 putaueris
1590 2331 1672 2366 Bal.
1783 2342 1882 2375 prae-

367 2397 447 2420 sens
472 2389 598 2421 uotum
624 2399 690 2422 om.
717 2388 750 2422 Z
994 2387 1147 2422 desideri
1171 2380 1227 2422 nri
1253 2392 1304 2432 ta,
1331 2389 1476 2423 defideri
1501 2381 1559 2423 nri
1585 2389 1625 2431 T,
1652 2389 1734 2424 fidei
1759 2391 1883 2424 notrae

365 2444 429 2487 Zv,
454 2444 536 2479 fidei
554 2445 639 2480 Bal.
782 2446 824 2480 11
851 2445 946 2491 inde]
973 2446 1050 2480 inte
1069 2459 1093 2490 μ
1238 2447 1280 2481 12
1306 2458 1367 2481 suo
1386 2458 1452 2482 om.
1471 2447 1557 2481 Bal.
1699 2447 1743 2481 13
1769 2458 1881 2481 exem-

365 2502 464 2546 plum
491 2502 559 2536 TZ
695 2503 848 2538 istorum
875 2517 900 2548 μ
1050 2503 1193 2548 opinato
1221 2505 1330 2546 T²Zt‚
1354 2505 1540 2549 opinatum
1567 2505 1614 2539 Τι
1764 2506 1807 2539 14
1831 2505 1882 2539 al-

365 2560 454 2594 terio
482 2560 522 2603 T,
548 2560 656 2595 altari
680 2565 705 2604 t,
732 2561 840 2595 altari
865 2572 928 2596 suo
953 2572 974 2596 υ
1136 2562 1349 2607 uocationis]
1375 2553 1555 2606 §cassionis
1581 2563 1615 2597 Z
1756 2563 1797 2597 16
1822 2562 1881 2607 ad]

365 2629 406 2653 ac
430 2618 465 2652 Z
665 2620 707 2654 17
732 2619 803 2654 tibi
828 2619 969 2665 munus]
997 2620 1173 2654 terminus
1199 2621 1234 2655 Z
1440 2620 1484 2654 18
1511 2620 1732 2654 liberandum
1759 2620 1792 2654 Z

365 2676 540 2720 inspirata
566 2677 650 2711 Bal.
678 2688 723 2712 eae
748 2688 777 2719 r,
804 2677 981 2721 inspirate
1005 2677 1045 2719 Z,
1072 2678 1275 2722 inseparata
1300 2691 1325 2723 μ
1544 2678 1730 2712 alacritate
1756 2678 1792 2711 Z

365 2733 411 2768 20
435 2735 552 2768 cetera
577 2734 612 2768 Z
717 2735 855 2770 uisione
880 2748 904 2779 μ
1009 2735 1053 2769 21
1080 2737 1261 2770 seruatum
1287 2736 1326 2778 Z,
1352 2736 1555 2769 reseruatus
1579 2746 1601 2770 v
1708 2735 1759 2779 ut]
1786 2735 1879 2769 enim

363 2790 448 2826 add.
474 2791 557 2827 Bal.
585 2803 631 2826 ex
655 2803 675 2826 r
815 2803 899 2827 suae
924 2803 990 2827 om,
1017 2793 1053 2827 Z

1973 2793 1990 3248 mmmmm-‚cwm
1982 2781 1988 2787 ς
1982 2755 1989 2773 -.
