2032 3248
455 251 511 285 De
538 251 878 295 singularitate
904 250 1170 284 elericorum
1197 260 1224 283 c.
1250 249 1397 284 38—40.
1592 254 1672 293 215

175 357 383 403 brositatis,
407 356 655 404 corruptionis
678 356 848 402 exitium,
872 368 999 393 murus
1020 355 1157 403 rigoris
1175 358 1212 392 et
1235 356 1440 393 destructio
1464 355 1673 403 uulgarita-

174 425 239 471 tis,
263 425 482 463 seueritatis
505 425 665 472 gladius,
690 425 945 471 triumphator
966 426 1003 461 et
1025 423 1167 462 occisor
1189 424 1460 470 dissolutionis,
1484 426 1675 461 armatura

173 493 309 531 uirium
331 496 369 532 et
391 494 594 531 exarmatio
617 494 859 539 fluxurarum,
893 492 1127 540 integritatis
1159 491 1326 539 dignitas
1356 494 1392 530 et
1414 492 1673 529 fornicationis

174 562 359 608 addictio,
384 562 569 599 claritatis
592 562 786 609 fastigium
809 563 846 599 et
869 561 1058 599 dedecoris
1080 560 1366 608 praecipitium,
1400 561 1575 598 uoluntas
1605 561 1672 597 bo-

145 643 159 668 5
175 642 306 668 norum
328 642 480 678 operum
503 634 540 668 et
562 630 716 668 afflictio
740 629 932 675 uitiorum,
970 629 1207 676 refrigerium
1244 628 1447 676 pudicitiae
1485 631 1522 666 et
1553 640 1673 676 poena

174 700 426 746 petulantiae,
463 698 667 746 adquisitio
689 699 966 745 triumphorum
988 700 1039 736 ''et
1059 698 1267 736 facinorum
1290 698 1576 747 detrimentum,
1614 709 1672 735 re-

174 768 279 815 quies
304 767 438 805 salutis
462 770 499 804 et
521 767 748 815 perditionis
772 766 946 813 exilium,
981 767 1060 804 uita
1092 767 1251 814 spiritus
1274 768 1311 803 et
1333 765 1457 804 carnis
1480 766 1672 812 interitus,

173 837 298 874 status
320 835 517 884 qualitatis
539 835 745 882 angelicae,
769 835 882 872 funus
904 836 1089 882 humanae
1113 835 1361 874 substantiae.
1396 834 1507 872 huius
1530 833 1671 871 retina-

172 905 266 942 culis
289 905 409 942 omnis
445 904 680 941 obscoenitas
719 904 888 941 frenatur
927 906 965 941 et
1001 904 1241 951 compedibus
1264 904 1344 941 eius
1368 904 1488 941 calces
1511 902 1673 940 furentis

126 985 159 1010 10
174 973 344 1010 libidinis
366 975 597 1011 statuuntur.
620 973 658 1010 in
681 974 751 1010 hac
774 973 878 1011 uelut
899 973 937 1009 in
961 972 1114 1020 scopulo
1137 972 1369 1019 franguntur
1393 972 1556 1019 impetus
1579 982 1671 1018 qua-

171 1041 387 1088 lescumque
424 1041 620 1089 sanguinis
657 1041 876 1079 inundantis
899 1043 936 1079 et
964 1042 1002 1078 in
1024 1042 1092 1079 illa
1129 1042 1282 1079 sedatur
1313 1053 1490 1089 spumans
1513 1040 1674 1077 tumoris

171 1110 318 1148 insania
340 1110 559 1156 corporalis.
603 1122 698 1158 quae
730 1111 816 1147 dum
840 1110 912 1147 sibi
935 1110 1126 1148 subtrahit
1148 1110 1375 1148 adminicula
1404 1110 1672 1156 concupiscen-

171 1179 260 1225 tiae,
282 1181 430 1217 mortua
461 1179 628 1217 membra
665 1191 732 1217 sua
754 1179 993 1226 cognoscitur
1014 1180 1206 1217 baiulare:
1239 1180 1283 1216 de
1315 1179 1450 1226 quibus
1481 1178 1672 1225 apostolus

171 1248 316 1285 Paulus
338 1251 555 1295 praemonet
576 1248 725 1285 diceus:
768 1248 1077 1285 mortificate
1109 1259 1220 1295 ergo
1253 1248 1461 1285 membra
1492 1248 1673 1292 uestra,

127 1328 291 1364 15quae
324 1319 436 1353 sunt
468 1327 611 1363 super
650 1318 846 1362 terram,
892 1317 1274 1354 fornicationem
1314 1315 1675 1353 immunditiam

171 1384 431 1422 libidinem
462 1385 914 1432 concupiscentiam
945 1386 1114 1423 malam
1146 1387 1192 1423 et
1222 1384 1508 1430 auaritiam,
1557 1394 1674 1431 quae

172 1457 246 1491 est
276 1453 519 1490 idolorum
552 1453 796 1499 seruitus,
840 1455 1045 1501 propter
1076 1465 1193 1501 quae
1224 1453 1364 1490 uenit
1395 1453 1466 1490 ira
1497 1452 1597 1490 Dei.

228 1522 288 1559 Ab
312 1522 370 1559 his
393 1522 565 1560 omnibus
587 1522 737 1560 nonnisi
774 1522 971 1569 splendido
1009 1521 1290 1569 singularitatis
1326 1521 1447 1558 cultro
1486 1522 1674 1558 castratur
1688 1521 1743 1559 40

173 1591 337 1628 humana
386 1592 541 1637 natura,
598 1593 639 1628 ut
696 1591 875 1629 inlibatos
931 1591 1116 1638 spadones
1170 1593 1217 1629 ad
1266 1590 1481 1629 conuiuium
1531 1589 1672 1627 sancti-

129 1670 162 1698 ιο
175 1660 268 1697 tatis
309 1660 560 1706 desponsante
602 1659 882 1697 circumcisione
925 1660 1149 1698 introducat.
1193 1660 1252 1698 cui
1285 1659 1470 1697 sanctitas
1494 1658 1548 1696 ita
1584 1669 1671 1705 pro-

172 1728 275 1765 misit
332 1728 434 1765 anuli
502 1728 561 1765 sui
626 1728 795 1776 nuptiale
853 1729 1110 1776 signaculum,
1176 1730 1218 1766 ut
1281 1728 1361 1766 sine
1422 1728 1505 1775 ipsa
1552 1725 1671 1774 uirgi-

171 1796 271 1833 nitas
310 1795 538 1843 resignetur,
585 1808 678 1843 quae
730 1808 768 1834 se
809 1797 889 1834 sola
930 1798 1107 1835 contenta
1149 1797 1360 1844 cupidinem
1400 1797 1528 1834 domat
1567 1807 1671 1833 men-

169 1866 318 1911 temque
354 1865 552 1910 castificat,
595 1865 936 1912 concupiscentiam
971 1865 1126 1914 subigit,
1164 1865 1349 1904 desideria
1372 1865 1516 1903 ardoris
1547 1864 1671 1902 extin-

169 1933 264 1981 guit,
288 1935 393 1971 artus
429 1933 616 1979 debilitat,
655 1945 787 1981 corpus
823 1935 991 1980 ancillat,
1031 1936 1069 1972 et
1110 1935 1164 1972 ita
1204 1934 1371 1972 carnalia
1400 1933 1599 1981 crucifigit,
1631 1934 1674 1970 ut

126 2012 157 2038 25
171 2003 250 2039 tam
271 2002 459 2039 masculus
496 2014 607 2049 quam
644 2002 783 2039 femina
822 2003 995 2040 uideatur
1016 2003 1054 2040 in
1077 2003 1360 2041 conuersatione
1382 2002 1552 2047 mentiri,
1585 2001 1670 2038 dum

171 2069 256 2108 illos
279 2070 493 2116 operatione
518 2070 713 2117 utriusque
736 2082 846 2108 sexus
868 2071 1050 2109 abscidit:
1074 2073 1138 2109 aut
1159 2073 1333 2109 neutrum
1354 2070 1494 2108 faciens
1517 2071 1562 2107 de
1579 2071 1671 2107 duo-

169 2137 239 2175 bus
256 2138 408 2176 tertiam
423 2138 581 2176 formam
600 2139 769 2177 conferre
787 2139 973 2186 gloriatur
987 2140 1181 2185 ambobus,
1202 2142 1242 2176 ut
1259 2141 1345 2176 ante
1359 2138 1668 2176 resurrectionem

170 2207 454 2244 resurrectionis
478 2207 679 2254 imaginem
704 2209 751 2245 ad
773 2208 892 2246 instar
914 2209 1131 2256 angelorum
1155 2208 1330 2246 meditari
1352 2209 1537 2245 noscatur.
1573 2206 1670 2253 quod

261 2363 303 2397 14
329 2364 400 2398 Col.
429 2364 460 2400 3,
486 2365 518 2399 5.

261 2512 279 2544 1
306 2511 579 2554 incorruptionis
606 2511 635 2546 C
785 2513 806 2546 2
831 2512 1075 2547 dissolutionis
1101 2514 1231 2547 occisor
1257 2513 1286 2548 C
1431 2514 1452 2546 3
1478 2512 1670 2546 exarinatio

170 2567 383 2601 fluxuraruin
410 2568 446 2603 C.
474 2570 699 2602 exarmatum
724 2569 895 2602 fluxorum
923 2581 942 2604 v
1157 2571 1179 2603 ἵ)
1204 2572 1239 2603 ct
1265 2580 1375 2613 poena
1406 2571 1443 2609 C,
1469 2581 1579 2614 poena
1605 2580 1623 2603 v

170 2625 191 2657 9
217 2624 369 2658 furentes
402 2625 431 2659 C
652 2627 696 2659 lo
721 2626 810 2659 hanc
839 2637 855 2659 v
1079 2627 1221 2670 scopulo
1248 2637 1292 2660 ea:
1318 2627 1480 2670 copulum
1513 2629 1541 2662 ζ’
1566 2638 1609 2661 m.
1635 2631 1667 2667 xl,

171 2682 330 2725 scopulos
359 2694 376 2717 υ
597 2683 637 2717 11
666 2684 885 2717 inmundatis
917 2685 960 2719 (3Ι
1181 2686 1329 2719 tumoris
1357 2686 1394 2727 G,
1421 2686 1578 2719 humoris
1607 2696 1623 2719 v

171 2739 214 2772 14
239 2742 356 2772 uestra
381 2751 445 2773 om.
472 2752 492 2774 υ
608 2741 653 2774 20
678 2741 908 2785 desponsante
938 2743 975 2782 Cy
1001 2742 1226 2786 dispensante
1254 2755 1271 2777 υ
1387 2744 1429 2777 ‘21
1457 2743 1577 2776 annuli
1606 2754 1623 2777 v

170 2795 214 2828 ‘23
240 2797 412 2830 castificat
443 2797 488 2836 C,
522 2798 694 2832 rectificat
719 2810 739 2833 v
969 2801 1013 2832 263
1040 2800 1221 2843 utriusque
1247 2811 1346 2833 sexus
1376 2800 1579 2843 operatione
1604 2810 1624 2833 v

170 2854 232 2885 aut
258 2863 301 2886 eac
327 2864 370 2886 an
402 2855 431 2887 C
454 2865 497 2887 m.
524 2858 546 2887 2
684 2855 728 2889 ⁶28
754 2856 788 2888 in
816 2856 1078 2890 resurrectionis
1109 2858 1138 2891 (J
1163 2858 1195 2890 in
1224 2868 1302 2900 erp.
1332 2868 1372 2890 m.
1399 2860 1424 2890 2
