2032 3248
345 219 431 262 230
751 215 940 250 Arnobii
978 215 1192 250 aduersus
1228 215 1434 250 nationes

345 332 389 375 in
418 332 584 375 testulis
624 332 682 374 dii
724 332 890 386 petunt,
937 331 984 373 ut
1026 343 1093 373 eas
1138 331 1300 374 sedibus
1347 330 1517 374 sidereis
1563 330 1843 384 anteponant?

347 401 572 457 [uinctione
613 401 648 442 si
687 399 979 454 propemodum
1020 400 1206 455 colligati
1238 399 1542 443 immobilitatis
1590 399 1762 442 testulas
1802 400 1843 442 et

280 472 330 513 18
345 476 481 514 cetera
521 470 669 524 quibus
704 469 823 524 signa
854 468 1048 523 confiunt]
1097 469 1195 522 quid
1237 471 1361 524 ergo?
1400 468 1442 510 in
1473 468 1658 511 materiis
1690 468 1842 511 talibus

344 551 554 593 semperne
593 538 651 580 dii
695 538 926 580 mansitant
965 551 1094 591 neque
1132 538 1286 580 abeunt
1325 538 1508 591 uspiam,
1555 538 1683 580 etiam
1713 538 1748 579 si
1779 550 1842 580 res

343 607 620 664 postulauerit
650 608 850 659 maxima,
882 619 932 648 an
961 607 1114 649 habent
1134 606 1218 649 itus
1240 606 1403 658 liberos,
1427 619 1520 648 cum
1538 606 1709 648 libuerit
1730 606 1841 649 abire
1874 621 1887 647 s

344 689 599 731 quocumque
630 676 670 718 et
700 676 750 718 ab
781 676 864 718 suis
896 676 1062 718 sedibus
1094 675 1406 729 simulacrisque
1429 676 1664 718 discedere?
1695 675 1729 716 si
1750 687 1842 728 per-

343 745 535 788 manendi
575 745 865 787 necessitatem
904 744 1141 798 patiuntur,
1189 744 1287 798 quid
1326 745 1516 787 miserius
1556 744 1621 786 his
1653 757 1739 787 esse
1769 746 1842 786 aut

344 814 443 869 quid
465 814 669 856 infelicius
690 814 851 867 poterit,
887 813 1044 869 [quam]
1069 814 1103 855 si
1124 825 1190 855 eos
1213 814 1256 855 in
1277 814 1443 856 basibus
1464 814 1525 856 ita
1546 813 1641 855 unci
1662 813 1865 860 retinent.

343 884 385 927 et
413 883 629 937 plumbeae
667 883 925 925 uinctiones?
970 883 1040 925 sed
1078 883 1358 934 concedamus,
1391 883 1450 934 ut,
1482 908 1542 928 *uk*
1571 883 1681 925 caelo
1713 883 1754 924 et
1783 882 1839 924 si-

343 952 472 995 dereis
504 953 667 994 sedibus
708 952 979 1006 anteponant,
1021 951 1256 994 diuinitatis
1295 964 1391 994 suae
1421 952 1674 1005 perdiderint
1704 952 1886 1006 potes-10

342 1022 494 1064 tatem:
541 1021 604 1063 sin
648 1021 786 1063 autem
832 1034 926 1063 cum
969 1020 1176 1063 uoluerint
1218 1021 1384 1063 euolant
1423 1022 1465 1063 et
1507 1007 1744 1063 absolutum
1774 1021 1839 1062 ius

341 1090 491 1132 habent
511 1089 651 1132 inania
669 1090 898 1143 relinquere
919 1089 1150 1141 simulacra,
1172 1101 1266 1144 ergo
1288 1089 1425 1143 aliquo
1448 1090 1629 1143 tempore
1651 1089 1839 1131 desinent

341 1172 427 1202 esse
458 1159 515 1201 dii
547 1159 663 1213 signa
693 1160 733 1200 et
763 1160 805 1200 in
837 1159 960 1201 dubio
991 1158 1138 1210 stabit,
1171 1160 1328 1212 quando
1359 1171 1473 1201 sacra
1508 1159 1680 1201 debeant
1708 1157 1836 1209 reddi,

341 1228 501 1282 quando
542 1227 606 1269 his
649 1227 864 1269 conueniat
904 1229 1026 1281 atque
1067 1228 1249 1280 oporteat
1281 1228 1494 1270 abstinere.
1548 1238 1837 1280 saepenumero

340 1297 529 1338 uidemus
559 1295 609 1337 ab
642 1295 871 1338 artificibus
912 1296 1013 1338 haec
1053 1296 1170 1350 signa
1205 1296 1324 1337 modo
1355 1297 1527 1349 paruula
1558 1296 1645 1337 fieri
1676 1296 1716 1337 et
1746 1295 1836 1350 pal·
1851 1312 1882 1336 15

203 1373 227 1408 f.
244 1373 326 1406 130b
340 1377 497 1407 marem
527 1364 570 1406 111
599 1365 821 1406 minutiem
861 1365 1066 1416 contrahi,
1107 1364 1226 1406 modo
1262 1363 1267 1420 Ι
1302 1365 1344 1406 111
1384 1365 1632 1407 immensum
1671 1365 1765 1407 tolli
1797 1366 1837 1407 et

339 1432 629 1476 admirabilem
659 1433 700 1475 in
733 1432 1053 1486 amplitudinem
1084 1433 1303 1475 subleuari.
1350 1434 1509 1476 ratione
1539 1434 1615 1476 hac
1647 1446 1741 1489 ergo
1773 1446 1836 1476 se·
1887 1468 1889 1471 s

339 1502 480 1556 quitur
510 1502 557 1543 ut
587 1502 824 1556 intellegere
858 1502 1075 1544 debeamus
1105 1502 1146 1544 in
1167 1502 1376 1556 sigilliolis
1397 1503 1580 1557 paruulis
1602 1503 1838 1546 contrahere

338 1584 381 1614 se
412 1571 506 1613 deos
537 1571 578 1612 et
609 1571 732 1612 alieni
763 1572 814 1613 ad
853 1571 1029 1624 corporis
1070 1571 1391 1613 similitudinem
1432 1572 1625 1623 coartari,
1668 1573 1711 1614 at
1742 1585 1836 1614 uero

336 1640 381 1682 in
410 1639 541 1682 uastis
571 1640 777 1694 porrigere
808 1651 848 1681 se
878 1640 1043 1694 longius
1074 1640 1195 1693 atque
1217 1640 1259 1680 in
1281 1640 1580 1682 maximitatem
1601 1641 1834 1693 producere.
1851 1658 1883 1683 20

337 1721 431 1764 ergo
464 1709 498 1750 si
529 1709 604 1750 hoc
632 1709 694 1751 ita
727 1710 800 1760 est,
834 1712 873 1751 et
903 1709 947 1751 in
978 1709 1215 1751 sedentibus
1238 1709 1368 1763 signis
1391 1710 1514 1751 deum
1536 1710 1674 1751 sedere
1697 1710 1836 1751 dicen-

337 1779 437 1821 dum
468 1779 529 1820 est
550 1778 590 1820 et
611 1779 653 1819 in
674 1777 880 1819 stantibus
902 1778 1023 1828 stare,
1054 1777 1097 1819 in
1126 1778 1455 1830 procurrentibus
1479 1790 1651 1829 currere,
1684 1778 1837 1821 iacula-

335 1848 416 1890 rier
445 1848 488 1889 in
517 1847 765 1889 iacientibus
805 1847 907 1898 tela,
950 1847 1002 1888 ad
1041 1847 1209 1888 illorum
1249 1847 1424 1889 formare
1465 1849 1587 1901 atque
1625 1849 1765 1901 aptare
1795 1860 1836 1890 se

335 1916 478 1959 uultus
509 1917 550 1958 et
581 1916 632 1958 ad
653 1916 830 1969 reliquos
851 1915 1017 1958 habitus
1041 1916 1209 1970 figurati
1230 1917 1407 1970 corporis
1431 1917 1495 1958 sui
1517 1916 1836 1959 similitudinem

277 1988 325 2028 19
340 1985 611 2028 commodare.
657 1985 700 2026 in
739 1985 972 2027 simulacris
1011 1985 1069 2026 dii
1099 1985 1301 2027 habitant.
1350 1985 1557 2040 singuline
1587 1985 1630 2027 111
1661 1986 1836 2041 singulis
1850 2000 1881 2024 25

380 2110 401 2144 2
426 2110 605 2145 uinctione
629 2110 660 2144 si
676 2110 830 2154 scripsi.-
855 2110 1053 2144 uinctiones
1080 2111 1122 2144 ut
1139 2110 1175 2145 P
1199 2110 1313 2144 uincti
1338 2121 1458 2144 omnes
1483 2112 1518 2145 et
1542 2111 1615 2145 Sub
1641 2110 1835 2145 uinctionis

335 2167 372 2202 111
410 2167 512 2202 Salon
702 2166 970 2201 immobilitatis
1007 2167 1154 2212 scripsi:
1198 2167 1412 2202 mobilitatis
1450 2168 1485 2202 P
1524 2167 1726 2202 nobilitatis
1765 2167 1837 2203 Sab

333 2224 530 2259 nobilitent
561 2224 628 2259 Gel
653 2224 886 2259 nobilitantes
912 2224 1012 2259 Salm
1181 2225 1378 2261 uinctiones
1404 2226 1439 2259 et
1464 2226 1713 2270 propemodum
1737 2225 1836 2260 colli-

333 2282 495 2327 gationes
520 2281 717 2316 mobilitati
742 2282 813 2323 (uel
838 2281 1116 2325 mobilitatibus)
1143 2282 1295 2317 Zinkius
1448 2283 1469 2316 2
1494 2294 1541 2327 sq.
1567 2282 1770 2317 uinctione.
1792 2308 1800 2317 .
1821 2310 1829 2316 .

333 2340 492 2375 confiunt
514 2341 663 2376 seclusi.-
698 2340 786 2375 uide
811 2341 914 2383 iufra
1069 2341 1088 2375 7
1115 2351 1220 2385 quam
1244 2341 1375 2375 seclusi
1528 2342 1549 2375 9
1575 2341 1646 2386 sed]
1673 2342 1703 2375 si
1735 2341 1836 2375 Salm

332 2398 363 2433 si
387 2399 424 2432 id
450 2398 604 2433 Zinkius
743 2399 764 2433 9
780 2409 850 2443 sqq.
877 2399 988 2433 uerba
1013 2398 1072 2433 sed
1098 2399 1142 2442 (si
1161 2399 1274 2443 δαίτῃ)
1300 2399 1550 2433 concedamus.
1573 2426 1579 2432 .
1602 2400 1835 2443 .potestaten1

334 2455 435 2491 Salm
470 2457 511 2490 iu
542 2457 615 2499 flue
646 2455 892 2490 antecedentis
924 2456 1054 2500 capitis
1081 2457 1219 2500 posuit,
1251 2457 1441 2491 Meursc'us
1469 2460 1551 2500 post
1583 2456 1695 2491 uerba
1726 2456 1836 2491 huius

331 2513 460 2556 capitis
483 2524 519 2548 u.
547 2516 591 2547 14
623 2515 728 2557 atque
761 2515 922 2557 oporteat
956 2513 1152 2547 abstinere:
1188 2513 1411 2556 interpolata
1442 2514 1548 2548 habet
1587 2513 1744 2548 Orellius

330 2570 502 2604 lacunam
539 2571 701 2616 siquam:
737 2570 932 2614 suppletur
966 2571 1088 2604 uerbis
1123 2571 1163 2604 in
1191 2570 1266 2613 fine
1302 2571 1541 2605 antecedentis
1573 2571 1703 2614 capitis
1734 2581 1757 2604 α
1781 2580 1835 2605 me

329 2628 477 2662 seclusis
614 2627 727 2661 uerba
759 2628 874 2662 caelo.
897 2653 905 2661 .
928 2628 1166 2672 .anteponant
1198 2627 1418 2671 interpolata
1450 2628 1556 2662 habet
1588 2627 1743 2662 Ziukius

331 2683 375 2718 14
400 2694 500 2728 saepe
516 2684 611 2718 enim
628 2695 772 2718 numero
792 2685 982 2719 Meursz'us
1120 2685 1163 2720 15
1188 2684 1261 2718 fieri
1280 2684 1361 2727 Sab,
1386 2695 1426 2719 r.-
1450 2684 1512 2719 fier
1528 2685 1565 2719 P
1699 2684 1741 2719 16
1766 2683 1832 2717 mi-

330 2741 467 2775 nutiem
493 2741 584 2775 Sab:
608 2741 827 2776 ininutitiem
854 2742 890 2776 P
1027 2741 1070 2775 19
1095 2743 1133 2775 at
1157 2741 1366 2776 Meursius:
1397 2743 1460 2776 aut
1485 2742 1519 2774 P
1654 2741 1698 2775 20
1723 2741 1832 2775 maxi-

330 2798 493 2832 mitatem
519 2798 606 2833 Urs:
632 2799 853 2833 maximitate
870 2799 907 2834 P
1028 2799 1072 2832 22
1089 2798 1126 2832 111
1144 2798 1362 2833 instantibus
1382 2799 1455 2834 Sab
1577 2799 1621 2833 23
1638 2798 1832 2833 iacentibus

331 2855 404 2891 Sab
559 2856 604 2891 24
628 2857 683 2890 sui
708 2856 840 2891 addidi
993 2856 1038 2891 25
1062 2855 1112 2890 dii
1138 2856 1231 2891 Sab:
1266 2856 1317 2890 hii
1342 2857 1378 2890 P
1530 2856 1709 2899 singuline
1738 2856 1831 2890 Sab:

329 2912 527 2957 singulisne
554 2913 588 2946 P
