2032 3248
397 234 482 276 260
811 229 999 265 Arnobii
1029 229 1243 265 aduersus
1272 229 1480 264 nationes

395 360 491 390 nam
522 360 651 401 neque
681 345 957 399 temporibus,
989 344 1336 398 quemadmodum
1367 345 1546 387 creditur
1575 347 1616 387 et
1645 345 1895 399 perhibetur,

395 417 568 459 heroicis
600 415 797 470 quidnam
828 415 936 457 esset
955 413 1052 456 thus
1075 414 1227 456 scitum
1250 415 1325 466 est,
1357 414 1622 468 scriptoribus
1643 416 1690 456 ut
1710 427 1896 470 compro-

394 486 516 528 batur
556 499 579 529 a
619 485 776 540 priscis,
819 496 993 538 quorum
1033 484 1075 526 in
1115 483 1237 526 libris
1270 484 1407 537 posita
1446 483 1564 525 nulla
1611 484 1698 526 eius
1741 485 1895 526 mentio

392 555 608 610 reperitur,
639 567 770 608 neque
799 553 983 609 genetrix
1004 553 1045 595 et
1064 554 1199 596 mater
1220 552 1524 608 superstitionis
1544 553 1710 596 Etruria
1737 554 1894 607 opinio-

391 638 486 667 nem
516 625 603 666 eius
632 624 750 666 nouit
780 625 852 666 aut
882 623 1057 676 famam,
1090 623 1335 665 sacellorum
1365 624 1414 665 ut
1443 622 1628 665 indicant
1661 622 1789 675 ritus,
1822 635 1894 665 116-
1925 639 1939 661 ⁵

390 707 469 748 que
509 693 823 748 quadringentis
864 693 982 735 annis
1022 691 1171 746 quibus
1201 692 1369 735 Albana
1408 704 1472 734 res
1511 691 1648 747 uiguit
1687 691 1731 733 in
1771 704 1894 734 usum

390 763 580 817 cuiquam
610 763 747 814 uenit,
778 774 892 804 sacra
922 774 1017 804 cum
1048 774 1112 804 res
1141 761 1279 813 fieret,
1312 774 1442 816 neque
1472 760 1560 815 ipse
1589 761 1790 803 Romulus
1821 762 1893 803 aut

388 831 658 887 religionibus
698 830 845 873 artifex
881 830 927 872 in
968 829 1325 873 comminiscendis
1362 829 1501 872 Numa
1539 830 1612 872 aut
1654 842 1740 873 esse
1770 830 1894 872 sciuit

387 901 461 943 aut
492 902 623 953 nasci,
666 901 714 942 ut
743 899 860 954 pium
891 898 954 941 far
983 899 1207 951 monstrat,
1249 910 1328 952 quo
1358 899 1497 954 peragi
1535 910 1624 941 mos
1653 899 1736 941 fuit
1767 899 1892 942 sacri-

270 979 293 1014 f.
308 980 372 1013 148
387 969 574 1012 ficiorum
605 968 871 1012 sollemnium
901 968 1056 1010 munia.
1103 967 1211 1010 unde
1243 968 1374 1022 igitur
1405 970 1548 1022 coepta
1579 968 1642 1011 est
1661 966 1891 1025 usurlpatio
1907 986 1937 1009 ιο

389 1039 476 1082 61113
507 1039 685 1090 6113111111,
714 1039 789 1080 aut
818 1037 864 1079 in
895 1037 1110 1091 antiquam
1141 1038 1182 1079 et
1202 1038 1387 1079 ueterem
1408 1038 1745 1080 consuetudinem
1766 1050 1890 1091 quae-

388 1121 485 1151 nam
514 1108 645 1150 inruit
674 1108 861 1158 nouitas,
893 1108 941 1149 ut
971 1107 1080 1161 quod
1110 1106 1428 1161 tempestatibus
1458 1107 1587 1149 tantis
1617 1107 1890 1150 necessarium

389 1190 468 1220 non
506 1178 588 1220 fuit
624 1179 761 1220 locum
791 1178 972 1219 sumeret
1001 1176 1044 1218 in
1074 1176 1334 1219 caerimoniis
1364 1176 1577 1231 primum?
1612 1189 1708 1219 nam
1738 1176 1773 1218 si
1804 1176 1890 1218 sine

386 1248 505 1290 thure
545 1246 757 1302 religionis
797 1246 982 1289 officium
1022 1245 1228 1288 claudicat
1267 1246 1574 1300 necessariaque
1615 1246 1679 1288 uis
1709 1246 1796 1288 eius
1828 1248 1890 1288 est

385 1330 490 1371 quae
529 1316 728 1371 propitios
769 1315 897 1358 faciat
937 1315 1141 1369 mitesque
1181 1315 1418 1357 hominibus
1450 1315 1636 1367 caelites,
1677 1317 1933 1369 peccatumff,

385 1389 448 1428 est
478 1386 528 1428 ab
560 1384 763 1438 antiquis,
804 1384 1034 1438 quinimmo
1074 1384 1249 1437 piaculis
1285 1384 1409 1439 plena
1437 1384 1527 1426 uita
1556 1384 1690 1426 omnis
1720 1384 1888 1426 illorum

385 1455 485 1507 fuit,
526 1455 598 1508 qui
638 1454 746 1507 quod
786 1453 965 1495 maxime
1006 1453 1254 1496 conueniens
1296 1452 1465 1495 deorum
1506 1453 1640 1495 fuerat
1679 1453 1887 1507 uoluptati

384 1536 454 1577 per
493 1522 695 1566 incuriam
735 1522 943 1565 neclexere
982 1522 1127 1564 libare.
1175 1523 1238 1565 sin
1280 1524 1420 1565 autem
1455 1522 1709 1578 temporibus
1739 1523 1888 1577 priscis

383 1607 514 1648 neque
558 1592 746 1636 homines
790 1604 921 1645 neque
951 1591 1009 1633 dii
1048 1591 1172 1634 huius
1212 1592 1348 1635 thuris
1385 1592 1613 1646 expetiuere
1653 1592 1885 1642 materiam,

382 1661 654 1716 conprobatur
691 1662 733 1704 et
768 1660 889 1703 hodie
926 1660 1080 1703 frustra
1111 1660 1216 1703 illud
1246 1661 1505 1715 inaniterque
1533 1662 1746 1715 praestari,
1779 1662 1886 1715 quod
1900 1676 1914 1701 ρ

381 1744 511 1785 11611116
557 1730 788 1785 antiquitas
833 1730 1110 1772 necessarium
1156 1730 1331 1773 credidit
1372 1730 1414 1773 et
1452 1729 1540 1773 sine
1577 1730 1679 1773 ullis
1720 1731 1885 1773 nouitas

314 1804 366 1845 27
382 1800 611 1842 rationibus
643 1799 859 1853 appetiuit.
906 1798 1081 1853 denique
1111 1802 1158 1841 ut
1188 1799 1308 1842 illam
1339 1812 1499 1854 semper
1527 1800 1716 1855 regulam
1737 1800 1884 1843 defini-

381 1870 616 1923 tionemque
644 1869 874 1919 teneamus,
904 1881 986 1922 qua
1016 1869 1346 1911 demonstratum
1377 1870 1418 1912 et
1438 1869 1563 1912 fixum
1584 1870 1658 1922 est,
1690 1870 1882 1923 quicquid

380 1938 453 1980 fiat
483 1940 534 1981 ab
564 1937 742 1988 homine,
775 1937 925 1980 habere
956 1938 1140 1992 oportere
1170 1950 1265 1980 suas
1297 1950 1453 1990 6611363,
1486 1939 1527 1980 et
1557 1938 1600 1980 in
1621 1938 1703 1981 ista
1723 1950 1882 1993 quoque

380 2008 649 2051 retinebimus
679 2007 811 2061 parte,
842 2008 891 2049 ut
919 2007 1177 2060 requiramus
1203 2019 1251 2049 ex
1272 2007 1390 2049 uobis
1413 2020 1516 2061 quae
1536 2007 1592 2049 sit
1613 2020 1748 2059 causa,
1779 2020 1927 2062 11116625

379 2077 506 2132 ratio,
548 2079 596 2119 ut
627 2078 723 2118 ante
756 2076 848 2131 ipsa
877 2076 1095 2119 numinum
1127 2076 1245 2131 signa
1275 2077 1398 2119 thura
1427 2078 1649 2121 iniciantur
1679 2077 1880 2120 altaribus

378 2148 420 2188 et
460 2159 507 2188 ex
547 2158 686 2188 eorum
727 2145 916 2188 incendio
957 2145 1180 2188 familiaria
1219 2145 1307 2188 fieri
1348 2146 1635 2189 existimentur
1675 2148 1715 2189 et
1746 2147 1877 2189 mitia.

377 2214 479 2268 quid
510 2228 557 2256 ex
586 2214 824 2256 huiusmodi
855 2213 965 2257 facto
996 2214 1230 2268 adquiritur
1259 2214 1325 2257 his
1357 2216 1415 2257 rei
1446 2217 1518 2258 aut
1548 2228 1686 2258 eorum
1717 2217 1769 2258 ad
1790 2216 1878 2258 ani-

377 2296 466 2326 mos
498 2284 596 2338 quid
627 2284 803 2335 accedit,
845 2284 893 2326 ut
922 2285 1070 2327 merito
1110 2285 1341 2327 iudicemus
1381 2286 1491 2327 recte
1521 2285 1603 2328 ista
1632 2285 1806 2339 dependi
1838 2289 1877 2327 et

377 2364 455 2395 non
496 2352 651 2395 frustra
689 2353 811 2407 atque
851 2352 1031 2395 inaniter
1071 2354 1350 2396 concremari?
1394 2355 1442 2396 ut
1472 2353 1582 2395 enim
1612 2365 1685 2396 uos
1717 2353 1877 2396 debetis
1891 2368 1923 2393 30

376 2422 602 2476 ostendere,
635 2434 706 2464 cur
736 2421 859 2463 thura
889 2421 969 2463 diis
999 2421 1118 2473 detis,
1151 2422 1209 2464 sic
1239 2423 1280 2464 et
1302 2422 1396 2464 deos
1421 2422 1606 2476 sequitur
1626 2425 1672 2464 ut
1694 2422 1875 2465 debeatis

376 2503 609 2545 expromere
639 2490 788 2533 habere
819 2490 999 2545 aliquam
1032 2503 1211 2542 causam,
1244 2504 1316 2533 cur
1346 2503 1392 2533 ea
1416 2503 1495 2533 non
1517 2494 1723 2546 respuant,
1755 2492 1874 2546 quin-

1917 1677 1933 1701 0

420 2684 444 2718 4
467 2684 620 2718 etruriae
637 2684 673 2719 P
684 2694 766 2720 corr
882 2684 905 2719 5
921 2694 1100 2719 sacrorum
1120 2685 1138 2719 ἓ
1254 2685 1297 2720 12
1314 2685 1411 2719 antis
1428 2685 1464 2720 Ρ
1479 2694 1560 2719 corr
1676 2685 1718 2719 13
1743 2685 1774 2719 si
1799 2685 1873 2719 sine

375 2739 470 2775 Sab:
503 2742 577 2776 sine
602 2741 638 2777 P
790 2741 834 2776 14
857 2741 983 2776 thurae
1009 2741 1045 2776 P
1068 2752 1149 2776 corr
1303 2742 1346 2776 19
1374 2742 1570 2787 expetiuere
1600 2741 1685 2777 Gel:
1717 2742 1873 2786 expedi*-

373 2808 455 2833 uere
480 2798 517 2833 P
650 2798 695 2834 29
720 2799 849 2834 accidit
874 2798 946 2834 Sab
1083 2799 1128 2833 30
1152 2798 1288 2834 debetis
1314 2799 1407 2835 Sab:
1431 2798 1587 2835 debeatis
1612 2799 1646 2834 P
