2032 3248
379 217 459 260 182
786 216 973 250 Arnobii
1006 216 1223 250 aduersus
1256 217 1468 251 nationes

373 332 464 374 tum
503 332 708 387 genetrix,
753 331 946 385 obrepere
984 331 1306 385 conquiescentis
1337 331 1482 385 pudori
1513 331 1646 383 filius,
1686 332 1875 387 inquitis,

373 400 592 443 insidiator
637 401 774 443 enisus
820 400 894 443 est.
945 401 1039 455 post
1084 400 1322 442 innumeras
1366 401 1550 455 uirgines
1593 402 1634 443 et
1680 402 1877 457 spoliatas

373 470 564 512 castitate
606 471 815 513 matronas
862 469 1041 511 etiamne
1083 469 1127 511 in
1172 471 1350 511 matrem
1397 469 1637 522 cupiditatis
1683 470 1876 513 infandae

373 552 487 595 spem
518 539 704 594 Iuppiter
743 539 871 593 cepit,
905 552 978 582 nec
1009 539 1060 581 ab
1100 538 1214 580 illius
1256 538 1522 592 adpetitionis
1561 539 1703 581 ardore
1733 539 1876 582 horror

372 622 467 651 eum
497 609 633 663 quiuit
655 609 850 660 auertere,
883 621 1005 662 quem
1025 620 1106 649 non
1138 607 1373 650 hominibus
1403 608 1500 649 solis
1532 609 1604 650 sed
1625 607 1874 650 animalibus
1905 626 1920 649 ⁵

372 690 531 732 quoque
561 678 771 721 nonnullis
802 678 950 720 natura
980 678 1070 731 ipsa
1101 677 1288 726 subiecit,
1319 680 1359 719 et
1380 678 1645 732 ingeneratus
1666 677 1740 718 ille
1763 688 1875 719 com-

369 747 553 790 muniter
583 750 756 790 sensus?
796 761 846 790 an
877 748 1086 801 respectus
1117 747 1283 800 pletatis
1315 748 1356 789 et
1385 746 1544 789 honesti
1576 745 1874 800 Capitoliorum

369 816 503 860 defuit
540 818 737 871 praesidi,
779 830 853 859 nec
893 817 992 870 quid
1023 817 1187 859 sceleris
1227 817 1393 870 cuperet
1424 816 1679 858 conturbatis
1711 829 1781 869 per
1810 816 1874 857 in-

369 886 529 928 saniam
561 886 768 928 mentibus
801 886 873 927 aut
903 886 1125 928 retractare
1155 886 1315 939 poterat
1346 886 1417 927 aut
1438 885 1684 938 peruidere‘?
1716 888 1783 928 sed
1805 887 1872 927 ut-

369 956 417 997 ut
447 968 511 997 res
543 957 618 1009 est,
650 955 842 1009 ponderis
874 956 915 997 et
935 954 1165 997 maiestatis
1188 954 1343 996 oblitus
1365 955 1416 996 ad
1444 954 1553 995 furta
1573 954 1648 996 illa
1668 953 1874 1009 flagitiosa
1888 972 1920 997 ιο

370 1037 584 1079 correpens
615 1024 723 1073 ibat,
755 1036 909 1078 pauens
941 1037 989 1066 ac
1018 1024 1228 1077 trepidus,
1261 1024 1448 1065 anhelitu
1480 1024 1561 1065 oris
1591 1036 1750 1077 presso,
1782 1036 1874 1065 sus-

368 1094 503 1148 pensis
542 1106 612 1147 per
657 1093 922 1136 formidinem
967 1093 1177 1148 gressibus
1216 1094 1258 1135 et
1296 1093 1405 1135 inter
1443 1093 1580 1135 media
1621 1093 1873 1135 constitutus

248 1172 271 1204 f.
290 1173 352 1205 103
367 1162 679 1219 solllicitudinis
701 1163 867 1217 speique
890 1162 1064 1205 confinia
1084 1163 1282 1216 palpabat
1303 1174 1367 1204 res
1390 1162 1573 1213 intimas,
1607 1162 1871 1204 altitudinem

368 1232 626 1275 dormitionis
667 1234 708 1274 et
745 1231 892 1274 matris
931 1232 1180 1285 patientiam
1216 1233 1439 1285 temptans.
1488 1244 1510 1274 o
1549 1244 1684 1273 rerum
1724 1231 1873 1285 imagi-

368 1302 480 1344 natio
519 1301 729 1344 indecora!
773 1313 795 1342 o
826 1301 994 1343 habitus
1032 1301 1174 1343 foedus
1205 1301 1317 1344 Iouis
1356 1301 1407 1342 ad
1438 1301 1600 1343 obsceni
1632 1300 1871 1343 certaminis
1886 1315 1917 1340 15

368 1370 667 1424 expeditionem
706 1370 860 1424 parati!
909 1383 1055 1425 ergone
1093 1370 1166 1412 ille
1197 1383 1264 1412 rex
1293 1370 1451 1421 mundi,
1484 1383 1578 1412 cum
1609 1370 1800 1411 incautus
1831 1371 1871 1411 et

365 1452 559 1494 properus
591 1439 844 1493 obreptionis
876 1441 983 1481 esset
1014 1439 1190 1482 reiectus
1223 1452 1247 1481 a
1277 1439 1399 1490 furto,
1434 1439 1476 1480 in
1501 1439 1691 1494 inpetum
1714 1451 1755 1481 se
1776 1451 1870 1482 uer-

365 1509 420 1550 tit
451 1511 492 1551 et
523 1509 720 1563 quoniam
749 1521 891 1562 rapere
923 1508 1182 1562 uoluptatem
1213 1508 1413 1550 insidiosa
1444 1508 1588 1550 fraude
1617 1519 1697 1549 non
1720 1508 1868 1561 quiuit‚

365 1577 408 1619 ui
447 1580 622 1620 matrem
669 1579 887 1632 adgressus
926 1578 988 1619 est
1026 1578 1066 1619 et
1104 1577 1365 1631 apertissime
1410 1577 1545 1632 coepit
1591 1577 1870 1619 uenerabilem

365 1647 558 1690 subruere
599 1647 870 1689 castitatem?
918 1647 1177 1689 conluctatus
1218 1658 1313 1701 ergo
1345 1646 1581 1689 diutissime
1612 1659 1706 1689 cum
1737 1647 1870 1689 inuita
1884 1661 1917 1686 20

365 1716 440 1767 est,
471 1715 621 1766 uictus,
655 1715 812 1758 fractus
844 1716 1140 1770 superatusque
1171 1715 1331 1766 defecit,
1372 1717 1413 1757 et
1444 1728 1566 1770 quem
1595 1716 1729 1770 pietas
1761 1716 1869 1757 diiu-

365 1797 463 1839 gare
495 1785 545 1827 ab
579 1785 745 1827 infando
767 1785 913 1827 matris
936 1797 1015 1827 non
1037 1785 1172 1827 ualuit
1200 1785 1402 1838 adpetitu,
1434 1786 1560 1827 effusa
1581 1785 1710 1827 libido
1732 1785 1869 1828 diiun-

302 1858 351 1898 10
364 1853 454 1896 xit?
500 1854 581 1896 nisi
616 1853 719 1896 forte
757 1854 915 1905 dicetiS,
938 1854 1226 1910 ‚conuentionis
1254 1854 1489 1897 huiusmodi
1519 1855 1710 1909 coeptum
1738 1867 1867 1909 genus

363 1922 474 1965 uitat
504 1924 626 1976 atque
657 1923 869 1965 execratur
898 1923 1145 1974 humanum,
1178 1923 1286 1977 apud
1317 1924 1412 1965 deos
1444 1923 1600 1965 incesta
1622 1924 1718 1965 sunt
1739 1923 1865 1965 nulla.

363 1994 404 2034 et
434 2005 506 2034 cur
543 1993 678 2034 mater
717 1992 912 2034 acerrime
950 1992 1163 2048 pugnabat
1200 1993 1393 2034 inferenti
1433 1993 1520 2035 uim
1553 1992 1666 2035 filio?
1712 2005 1785 2035 cur
1815 1992 1866 2034 ab
1881 2007 1911 2033 25

362 2060 477 2102 illius
512 2061 769 2115 amplexibus
805 2064 1019 2115 tamquam
1054 2062 1236 2105 inlicitos
1276 2062 1413 2104 uitans
1453 2062 1684 2117 refugiebat
1725 2062 1867 2104 adtac-

362 2130 460 2171 tus?
498 2143 594 2172 nam
626 2130 661 2172 si
698 2130 805 2172 nihil
844 2132 950 2173 esset
981 2131 1024 2172 in
1054 2144 1097 2173 re
1127 2131 1248 2183 mali,
1295 2132 1384 2173 tam
1422 2144 1560 2186 gerere
1600 2131 1674 2173 illa
1712 2142 1867 2172 morem

361 2196 447 2241 sine
485 2199 572 2240 ulla
610 2199 855 2242 retractione
902 2200 1096 2242 debuerat
1145 2213 1267 2254 quam
1307 2201 1473 2243 uolebat
1510 2201 1577 2243 hic
1617 2200 1762 2254 cupide
1795 2198 1867 2241 ad-

406 2335 426 2368 1
451 2336 625 2379 genetrix,
650 2338 728 2370 tum
747 2336 937 2371 Meursius
1076 2337 1239 2382 obrepere
1257 2337 1350 2372 81111.-
1376 2337 1553 2381 obripcret
1571 2338 1607 2372 P
1745 2338 1767 2371 2
1791 2336 1865 2371 6111-

361 2403 423 2426 xus
451 2392 522 2427 Sab
662 2393 683 2427 8
707 2392 823 2427 defuit
848 2392 967 2428 Salm:
1005 2393 1129 2438 depuit
1152 2394 1188 2429 P
1218 2395 1360 2439 despuit
1387 2395 1458 2430 Sab
1596 2394 1747 2439 praesidi
1780 2394 1865 2429 661.-

359 2448 525 2493 praesidii
550 2449 586 2483 P
719 2460 781 2484 nec
802 2449 888 2485 Gel:
913 2461 957 2484 ne
982 2450 1017 2485 P
1155 2451 1176 2486 9
1201 2453 1287 2486 utut
1311 2451 1399 2487 Urs.-
1424 2454 1465 2487 ut
1482 2453 1518 2487 P
1655 2452 1697 2486 11
1723 2452 1865 2496 tepidus

360 2505 434 2541 Sab
580 2507 623 2541 13
647 2507 818 2552 palpabat
843 2507 935 2543 Sab:
973 2508 1132 2553 pellabat
1157 2508 1193 2543 P
1224 2509 1385 2553 pallabat
1410 2520 1427 2545 c
1575 2511 1617 2544 14
1642 2509 1865 2544 dormitionis

359 2564 506 2608 scripsi:
542 2564 751 2599 dormientis
785 2565 819 2599 P
1012 2566 1136 2600 matris
1171 2567 1207 2600 ct
1246 2566 1315 2601 Urs
1500 2568 1542 2602 15
1575 2567 1669 2601 foedi
1703 2566 1774 2601 sab

360 2621 402 2656 17
420 2621 637 2666 obreptionis
661 2622 747 2658 Urs:
763 2622 973 2659 obiectionis
991 2624 1026 2658 P
1043 2623 1291 2659 oblectationis
1308 2624 1498 2660 Meursius
1639 2625 1681 2659 18
1698 2625 1863 2669 quoniam

365 2678 454 2713 Urs.-
480 2689 585 2723 quarn
611 2679 647 2714 P
800 2680 844 2714 22
869 2680 1047 2715 diiuncxit
1071 2681 1106 2715 P
1130 2681 1290 2715 deuinxit
1316 2681 1388 2717 Sab
1542 2682 1586 2717 23
1612 2681 1862 2716 conuentiones

363 2735 435 2771 Urs
617 2739 753 2772 coetum
789 2738 861 2773 ‘sed
889 2739 1060 2785 qlossema
1093 2739 1242 2774 uidetur
1276 2740 1375 2775 uocis
1407 2740 1668 2776 conuentiones’
1705 2741 1773 2776 Urs

357 2793 402 2827 24
418 2793 513 2827 uitat
531 2793 623 2828 Sao:
648 2795 759 2829 uitam
780 2795 815 2829 P
947 2796 990 2830 25
1008 2796 1231 2840 repugnabat
1249 2796 1322 2831 Sab
1456 2798 1500 2832 28
1517 2797 1641 2842 cupide
1659 2798 1862 2833 Meursius:

356 2850 482 2895 cupide
510 2851 544 2884 P
567 2851 705 2895 cupitae
735 2852 805 2887 Urs
