2032 3248
781 239 910 274 Liber
947 239 983 273 V.
1544 243 1622 282 173

498 842 788 914 LIBER
837 843 1261 919 QVINTVS

192 960 324 1023 Esto:
358 981 407 1022 ab
439 981 673 1022 ludentibus
704 982 833 1034 poetis
866 984 1011 1024 cuncta
1042 983 1112 1025 illa
1145 983 1227 1024 sint
1253 983 1413 1036 prodita
1434 986 1475 1023 et
1497 1009 1512 1025 *
1540 982 1656 1023 im—l

135 1049 374 1090 mortalibus
420 1049 497 1091 diis
541 1051 697 1103 probra.
750 1051 878 1103 quid?
913 1051 996 1097 11111,
1043 1064 1143 1104 quae
1178 1051 1371 1093 historiae
1414 1051 1624 1093 continent

133 1130 276 1173 graues
324 1118 450 1159 seriae
496 1119 675 1159 curiosae
722 1132 902 1172 quaeque
941 1120 981 1161 in
1013 1120 1168 1161 arcanis
1201 1120 1411 1174 mysteriis
1443 1118 1622 1168 traditis,

106 1189 341 1240 spoetarum
383 1188 477 1227 sunt
515 1186 747 1240 excogitata
785 1188 983 1229 lasciuia?
1032 1201 1132 1241 quae
1171 1189 1205 1230 si
1238 1188 1351 1229 uobis
1383 1188 1622 1228 uiderentur

133 1255 379 1308 ineptiarum
417 1255 563 1296 talium
594 1255 777 1307 fabulae,
817 1270 944 1309 neque
974 1258 1017 1297 in
1049 1270 1124 1298 usu
1156 1257 1387 1298 retineretis
1419 1256 1617 1309 quaedam

133 1325 159 1373 †
193 1335 263 1364 suo
295 1336 421 1376 neque
452 1337 523 1376 per
553 1336 693 1365 cursus
734 1337 886 1366 annuos
926 1325 1105 1367 laetitias
1146 1325 1384 1367 exerceretis
1416 1326 1462 1365 ut
1494 1324 1622 1365 festas

134 1404 260 1444 neque
291 1395 336 1433 ut
367 1405 501 1433 rerum
534 1393 751 1434 simulacra
782 1394 988 1447 gestarum
1021 1406 1226 1435 sacrorum
1257 1393 1547 1435 conseruaretis
1580 1392 1622 1432 in

132 1460 291 1501 ritibus.
338 1474 383 1502 ex
422 1461 569 1514 quibus
607 1463 692 1502 tam
724 1463 868 1503 multis
902 1476 1027 1504 unum
1059 1463 1225 1504 interim
1258 1475 1403 1515 ponam
1436 1461 1621 1502 modera-

90 1550 119 1573 10
133 1529 255 1571 minis
294 1531 659 1582 temperamentum
698 1534 878 1581 secutus,
926 1531 967 1572 in
1006 1545 1082 1584 quo
1120 1532 1294 1573 stolidus
1328 1533 1367 1572 et
1398 1529 1622 1584 inprudens

132 1598 218 1651 ipse
248 1598 319 1638 ille
350 1597 557 1639 inducitur
579 1598 775 1652 Iuppiter,
808 1600 1023 1641 uerborum
1055 1600 1395 1653 an'lbiguitatibus
1418 1600 1543 1640 lusus
1580 1599 1621 1638 in

132 1666 305 1708 secundo
327 1666 507 1708 Antiatis
528 1667 633 1708 libro
655 1692 709 1696 ——
730 1681 778 1708 116
801 1669 890 1721 quis
922 1668 1025 1709 forte
1057 1680 1126 1710 nos
1159 1669 1349 1710 aestimet
1380 1667 1623 1709 concinnare

130 1748 201 1788 per
232 1735 456 1777 calumnias
488 1735 657 1777 crimina
677 1762 731 1766 ——
753 1736 849 1778 talis
880 1737 1103 1789 perscripta
1133 1738 1194 1778 est
1236 1737 1395 1778 fabula:
1436 1735 1619 1776 Numam

131 1803 251 1844 illum
282 1817 437 1858 regem,
480 1816 572 1844 cum
602 1805 840 1857 procurandi
872 1805 1056 1846 fulminis
1087 1805 1299 1847 scientiam
1341 1817 1417 1846 non
1451 1803 1621 1845 haberet

88 1891 117 1913 15
132 1873 313 1924 essetque
344 1872 407 1912 illi
441 1872 585 1924 cupido
616 1872 817 1923 noscendi,
850 1873 1021 1926 Egeriae
1052 1875 1208 1914 monitu
1242 1876 1373 1915 castos
1407 1871 1618 1914 duodecim

132 1941 296 1982 iuuenes
336 1941 442 1994 apud
483 1954 631 1994 aquam
673 1941 823 1982 celasse
864 1954 955 1982 cum
996 1942 1190 1991 uinculis,
1242 1945 1285 1983 nt
1328 1955 1417 1982 611111
1459 1942 1621 1982 Faunus

132 2011 172 2050 et
209 2008 383 2050 Martius
423 2010 543 2050 Picus
583 2011 632 2050 ad
675 2011 715 2051 id
756 2010 936 2051 locorum
978 2011 1183 2051 uenissent-
1219 2011 1411 2051 haustum
1443 2034 1497 2038 -—
1528 2021 1621 2049 nam

131 2077 216 2119 illis
247 2078 420 2130 aquandi
447 2077 452 2132 Ι
478 2078 674 2119 sollemne
704 2079 782 2120 iter
811 2079 889 2120 huc
920 2079 998 2120 fuit
1028 2104 1078 2109 —
1101 2079 1338 2120 inuaderent
1369 2078 1621 2131 constringe·
1637 2091 1658 2122 f.
1674 2093 1715 2122 os

132 2147 220 2187 rent
261 2146 526 2200 conligarent.
578 2149 644 2188 sed
686 2160 763 2199 quo
804 2160 865 2188 res
899 2147 983 2187 fieri
1020 2148 1245 2200 expeditius
1285 2148 1439 2200 posset7
1482 2159 1620 2199 regem

88 2215 274 2267 20pocula
312 2228 388 2256 non
429 2215 543 2267 parui
586 2215 743 2256 numeri
784 2216 878 2256 uino
921 2216 1128 2268 mulsoque
1170 2216 1394 2268 complesse
1436 2216 1622 2266 circaque

177 2395 198 2428 2
222 2397 332 2439 poctis
359 2396 450 2430 sab.-
476 2395 621 2438 poeticis
649 2396 683 2429 P
841 2396 887 2438 ct]
913 2396 954 2429 dc
984 2395 1047 2429 Gel
1196 2396 1364 2428 lacunam
1389 2396 1530 2439 siynaui

132 2452 153 2485 3
171 2463 272 2495 prora
291 2454 325 2486 P
341 2464 421 2487 corr
439 2464 455 2486 6
576 2453 598 2485 4
615 2452 784 2486 misteriis
803 2453 837 2485 P
951 2454 971 2485 ἴ)
990 2453 1189 2486 uiderentur
1208 2453 1298 2486 Sub:
1319 2452 1479 2485 uidentur
1500 2453 1534 2485 P

132 2511 152 2544 6
177 2510 346 2554 quaedam
373 2511 446 2554 suo]
466 2510 671 2553 quotidiano
695 2510 763 2543 Urs
874 2510 891 2542 7
918 2520 1012 2543 sacro
1038 2510 1055 2543 ἓ
1162 2516 1223 2543 aut
1250 2521 1267 2543 6
1377 2511 1419 2542 12
1444 2509 1622 2542 existimet

135 2567 205 2601 Sal)
306 2568 345 2601 13
360 2567 553 2610 perscripta
568 2567 639 2600 Sub
650 2580 660 2598 .·
678 2566 874 2609 proscripta
888 2567 922 2600 P
1018 2567 1059 2599 15
1076 2566 1218 2607 Egeriae
1232 2566 1322 2600 ὑπὸ.-
1340 2566 1480 2608 egregie
1495 2566 1530 2598 P

135 2625 340 2658 1616613556
375 2625 409 2657 P
584 2634 661 2657 cum
695 2624 784 2657 Sab:
818 2634 895 2656 cum
931 2623 965 2656 P
1138 2634 1216 2656 cum
1252 2623 1402 2656 uinculis
1436 2624 1472 2656 in
1506 2624 1621 2656 Auen-

132 2681 208 2714 tino
242 2682 260 2715 12
398 2682 437 2715 17
466 2682 609 2715 martius
634 2681 669 2714 P
805 2680 834 2713 it
859 2681 894 2714 P
917 2691 997 2714 corr
1133 2681 1311 2714 uenissent
1337 2681 1417 2721 δαὶ),
1443 2691 1481 2714 ν.-
1508 2679 1621 2714 uenis-

133 2740 186 2772 set
211 2739 245 2771 P
423 2739 465 2772 18
497 2737 652 2782 aquandi
682 2738 715 2770 P
897 2737 1037 2771 solenne
1069 2737 1137 2771 iter
1169 2737 1236 2770 huc
1271 2737 1363 2771 Sab:
1403 2737 1621 2771 sollemniter

132 2795 216 2829 haec
241 2795 276 2829 P
414 2796 456 2829 19
481 2796 674 2839 coligarent
701 2796 735 2829 P
752 2805 832 2829 corr
850 2805 869 2827 r
1005 2794 1049 2827 ‘20
1074 2804 1183 2837 parua
1215 2794 1282 2828 Urs
1420 2805 1512 2828 mero
1537 2795 1620 2828 uino

140 2852 208 2886 Urs
