2032 3248
343 178 491 209 CXVIII

1795 277 1815 300 a

428 333 466 375 V
496 333 558 375 De
578 331 874 386 rebaptismate
910 362 1705 374 ............
1770 277 1851 374 p(igi)

406 408 464 450 VI
495 408 557 449 De
578 406 827 449 aleatoribus
839 438 1706 448 .............
1796 405 1850 448 92

382 483 464 525 VII
495 483 556 525 De
578 482 735 524 duobus
757 481 969 523 montibus
992 481 1072 535 (De
1093 480 1303 522 montibus
1326 479 1422 522 Sina
1443 481 1484 522 et
1506 479 1616 532 Sion)
1696 513 1704 520 .
1768 480 1852 522 104

358 558 464 601 VIII
495 557 563 600 Ad
584 557 792 612 Vigilium
813 556 1048 610 episcopum
1070 556 1119 597 de
1140 556 1309 598 Iudaica
1329 555 1621 597 incredulitate
1698 588 1705 595 .
1768 556 1850 597 119

403 632 463 674 IX
494 632 707 674 Aduersus
717 631 889 673 Iudaeos
901 630 991 686 (qui
1004 630 1180 672 insecuti
1191 631 1287 672 sunt
1297 629 1511 672 dominum
1521 630 1707 673 nostrum

534 706 673 749 Iesum
693 704 920 758 Christum)
983 737 1704 748 ...........
1769 706 1851 748 133
1918 745 1922 748 .

425 781 465 822 X
495 779 638 823 Oratio
660 780 702 822 I:
724 780 881 836 Hagios
910 812 1705 823 ............
1769 780 1851 821 144

400 855 462 897 XI
493 855 633 897 Oratio
654 855 717 897 II:
739 855 915 897 Domine
937 857 1076 897 sancte
1117 890 1124 897 .
1168 902 1179 912 ‚
1189 888 1704 898 ........
1769 855 1851 898 146

380 930 464 973 XII
493 931 555 972 De
577 930 793 972 duodecim
816 930 1002 972 abusiuis
1025 930 1178 972 saeculi
1264 963 1704 973 .......
1769 931 1850 973 152

356 1005 461 1046 XIII
491 1006 553 1047 De
575 1005 866 1060 singularitate
888 1005 1126 1048 clericorum
1193 1038 1702 1048 ........
1766 1006 1847 1047 173

365 1079 462 1120 XIV
491 1080 554 1120 De
576 1079 731 1132 duplici
752 1080 951 1134 martyrio
974 1080 1026 1122 ad
1046 1080 1322 1123 Fortunatum
1334 1113 1701 1123 ......
1763 1079 1849 1122 220

384 1153 462 1194 XV
492 1154 554 1196 De
574 1153 734 1196 Pascha
756 1154 972 1208 computus
1047 1187 1703 1198 ..........
1765 1155 1848 1197 248

355 1227 456 1269 XVI
487 1228 702 1281 Epistulae

533 1303 553 1343 1
587 1303 772 1345 Donatus
794 1302 1012 1357 Cypriano:
1037 1302 1163 1346 Credo
1184 1305 1224 1346 te
1265 1337 1701 1348 .......
1764 1305 1849 1348 272

528 1378 554 1419 2
585 1376 796 1419 Cornelius
816 1376 1030 1431 Cypriane:
1052 1378 1297 1421 Dilectionis
1336 1412 1701 1422 ......
1764 1381 1848 1422 272

528 1452 554 1493 3
586 1450 812 1506 Cyprianus
833 1453 944 1506 plebi
967 1452 1226 1509 Carthagini:
1250 1454 1416 1497 Gratias
1477 1489 1485 1497 .
1550 1488 1557 1496 .
1620 1487 1629 1497 .
1693 1490 1699 1496 .
1762 1456 1847 1498 273

526 1527 555 1568 4
586 1525 811 1581 Cyprianus
835 1527 1023 1570 Turasio:
1047 1526 1242 1570 Caritatis
1261 1561 1698 1572 .......
1760 1530 1845 1571 274

331 1599 456 1642 XVII
488 1599 679 1642 Carmina

529 1675 551 1716 1
585 1674 772 1717 Genesis:
794 1675 1004 1730 Principio
1027 1676 1217 1718 dominus
1264 1710 1700 1720 .......
1760 1679 1845 1721 283

521 1750 548 1791 2
580 1749 775 1792 Sodoma:
798 1751 890 1792 Iam
912 1750 1010 1792 deus
1032 1752 1288 1805 omnipotens
1329 1786 1696 1795 ......
1759 1754 1843 1797 289

526 1824 552 1866 3
582 1825 645 1866 De
665 1825 785 1867 Iona:
807 1825 909 1867 Post
930 1825 1153 1868 Sodomum
1174 1827 1215 1868 et
1237 1826 1461 1870 Gomorum
1475 1861 1484 1870 .
1548 1860 1557 1870 .
1618 1860 1627 1870 .
1689 1862 1697 1870 .
1759 1829 1842 1871 297

525 1900 554 1942 4
584 1899 652 1941 Ad
680 1901 912 1943 senatorem
943 1914 990 1943 ex
1013 1900 1246 1944 Christiana
1276 1902 1477 1957 religione
1498 1903 1549 1945 ad
1570 1903 1699 1945 idolo-

583 1987 676 2016 rum
699 1975 944 2017 seruitutem
966 1987 1229 2018 conuersum:
1253 1975 1356 2018 Cum
1377 1978 1418 2019 te
1475 2010 1483 2017 .
1547 2010 1555 2019 .
1619 2010 1627 2019 .
1691 2010 1698 2018 .
1759 1978 1843 2020 302

523 2050 550 2091 5
580 2049 642 2090 De
663 2049 844 2091 Pascha:
867 2050 943 2091 Est
963 2050 1076 2092 locus
1115 2083 1695 2093 .........
1758 2052 1844 2095 305

527 2123 553 2165 6
584 2123 652 2165 Ad
679 2124 875 2166 Flauium
903 2124 1083 2166 Felicem
1113 2125 1163 2167 de
1194 2126 1488 2168 resurrectione
1518 2127 1700 2168 mortuo-

581 2211 695 2240 rum:
720 2196 799 2249 Qui
821 2198 927 2241 mihi
947 2199 1145 2242 ruricolas
1189 2233 1696 2242 ........
1759 2201 1841 2242 308

329 2268 492 2312 Indices
535 2304 1696 2317 .................
1757 2275 1840 2317 327

944 2537 1217 2551 Η
