2032 3248
325 203 404 245 188
734 198 921 233 Arnobii
952 198 1167 233 aduersus
1200 198 1405 233 nationes

319 317 476 371 perlegi
507 317 548 358 et
577 314 709 357 futuri
741 315 936 368 temporis
967 327 1038 367 pro
1068 314 1339 356 instructione
1369 327 1440 367 per
1461 314 1648 357 ordinem
1679 328 1818 358 succe-

319 386 507 427 dentium
536 383 656 426 tradi.
703 396 806 437 quae
837 383 872 425 si
903 383 1046 437 utique
1076 396 1176 425 uera
1206 385 1280 437 est,
1311 384 1471 425 nullam
1503 384 1691 426 uidemus
1723 385 1819 426 sub-

319 467 405 496 esse
435 454 655 503 rationem‚
688 464 759 494 cur
789 452 907 494 nobis
937 452 1059 494 irasci
1090 451 1379 505 perhibeantur
1409 452 1472 505 dii
1507 452 1693 504 caelites,
1726 465 1820 496 cum

317 522 596 577 turpitudines
633 521 801 563 illorum
839 521 975 562 tantas
1015 533 1145 574 neque
1182 533 1254 563 nos
1284 521 1584 574 prodiderimus
1616 535 1745 576 neque
1774 524 1819 565 in

318 592 476 633 litteras
521 590 813 633 contulerimus
852 590 960 632 ullas
999 603 1128 644 neque
1166 590 1208 631 in
1248 590 1458 644 publicam
1488 590 1819 633 testificationem
1852 605 1865 627 ⁵

319 672 524 702 sacrorum
569 659 878 702 celebritatibus
919 659 1223 701 inseruerimus.
1264 659 1327 701 sin
1369 661 1527 711 autem,
1573 661 1621 702 ut
1658 661 1817 711 remini,

317 729 421 771 falsa
452 730 514 771 est
544 730 585 771 et
616 728 841 770 mendaciis
881 728 1128 782 interpolata
1162 728 1397 778 fallacibus,
1440 729 1646 784 ambigere
1685 729 1819 771 homi-

317 811 417 839 num
461 798 599 840 nullus
646 797 798 851 potest,
844 796 943 850 quin
987 809 1107 839 causa
1150 810 1222 839 uos
1269 798 1361 839 sitis
1406 797 1602 849 offensae,
1641 798 1712 851 qui
1751 799 1820 840 uel

318 867 419 909 talia
467 867 663 920 quosdam
713 866 963 908 conscribere
1023 866 1203 908 siueritis
1261 868 1333 909 aut
1393 866 1623 921 conscripta
1673 868 1818 910 durare

256 935 303 975 16
319 936 572 978 saeculorum
611 935 655 976 in
694 935 936 977 memoriam
976 934 1067 976 sitis
1104 935 1226 989 passi.
1274 936 1316 976 et
1357 936 1496 977 tamen
1538 936 1608 988 qui
1648 937 1819 990 potestis
1835 947 1865 971 ιι)

186 1009 210 1043 f.
223 1003 329 1060 1061’}
364 1004 560 1046 falsitatis
591 1016 758 1058 arguere
789 1003 1127 1058 conscriptionem
1158 1004 1304 1055 istam,
1343 1017 1436 1046 cum
1466 1004 1555 1058 ipsa
1585 1017 1697 1046 sacra
1735 1005 1817 1047 sint

313 1073 573 1124 testimonio,
626 1085 727 1126 quae
771 1085 844 1126 per
889 1085 1030 1115 cursus
1082 1085 1237 1115 annuos
1284 1073 1505 1126 factitatis,
1554 1076 1595 1116 et
1640 1074 1749 1116 credi
1794 1088 1817 1117 a

315 1142 429 1184 uobis
461 1154 547 1184 esse
584 1155 726 1183 ueram
756 1144 796 1183 et
829 1142 1057 1194 exploratae
1095 1141 1189 1184 fidei
1220 1142 1423 1185 iudicari?
1469 1143 1567 1197 quid
1598 1143 1707 1185 enim
1738 1143 1816 1185 sibi

312 1212 405 1253 uult
433 1212 508 1253 illa
530 1212 661 1264 pinus,
694 1223 817 1264 quam
841 1223 1001 1264 semper
1021 1212 1192 1253 statutis
1215 1211 1358 1253 diebus
1379 1213 1420 1254 in
1443 1214 1565 1255 deum
1585 1213 1730 1255 matris
1752 1213 1815 1255 in-

312 1281 546 1323 tromittitis
577 1281 840 1322 sanctuario?
872 1293 1000 1323 nonne
1030 1281 1144 1322 illius
1176 1281 1405 1323 similitudo
1437 1282 1498 1323 est
1529 1282 1707 1334 arboris,
1740 1282 1815 1324 sub
1831 1295 1863 1319 17»

313 1362 392 1403 qua
422 1349 501 1392 sibi
531 1349 667 1391 furens
699 1362 843 1391 manus
866 1351 908 1391 et
935 1349 1078 1391 infelix
1108 1350 1439 1392 adulescentulus
1460 1350 1606 1392 intulit
1628 1352 1668 1392 et
1691 1363 1815 1404 quam

313 1418 494 1472 genetrix
540 1419 683 1460 diuum
722 1418 764 1459 in
805 1418 1002 1460 solatium
1043 1418 1107 1460 sui
1154 1419 1335 1461 uulneris
1381 1419 1669 1461 consecrauit?
1714 1420 1813 1473 quid

313 1487 500 1529 lanarum
538 1487 712 1537 uellera,
759 1487 908 1540 quibus
951 1487 1108 1529 arboris
1148 1488 1366 1542 conligatis
1408 1490 1448 1530 et
1487 1488 1814 1530 circumuoluitis

313 1555 524 1608 stipitem?
554 1568 686 1597 nonne
718 1556 887 1598 illarum
919 1557 1109 1609 repetitio
1141 1557 1328 1598 lanarum
1361 1559 1435 1608 est,
1468 1557 1616 1611 quibus
1638 1558 1683 1599 Ia
1713 1557 1811 1599 defi-

313 1624 487 1666 cientem
518 1625 698 1667 contexit
728 1627 768 1667 et
798 1626 950 1679 teporis
993 1626 1149 1679 aliquid
1180 1628 1269 1668 rata
1299 1627 1361 1668 est
1392 1638 1434 1667 se
1464 1638 1582 1681 posse
1615 1626 1859 1668 membrisw

313 1693 526 1735 conciliare
556 1694 833 1749 frigentibus?
864 1695 963 1748 quid
996 1695 1148 1749 compti
1170 1694 1364 1736 uiolaceis
1387 1695 1544 1737 coronis
1566 1696 1607 1736 et
1628 1694 1811 1737 redimiti

313 1762 467 1805 arboris
505 1763 684 1805 ramuli?
728 1776 860 1805 nonne
900 1764 1006 1806 illud
1044 1764 1248 1815 indicant,
1287 1764 1350 1805 uti
1392 1766 1524 1805 mater
1555 1763 1812 1818 primigeniis

312 1831 479 1874 floribus
502 1833 763 1874 adornauerit
784 1833 940 1886 pinum,
972 1833 1225 1875 miserabilis
1247 1832 1427 1875 indicem
1448 1832 1812 1885 testimoniumque

313 1900 527 1943 fortunae?
558 1902 656 1954 quid
678 1902 911 1955 pectoribus
941 1902 1209 1956 adplodentes
1231 1902 1391 1955 palmas
1413 1902 1548 1955 passis
1573 1915 1666 1944 cum
1689 1901 1812 1943 crini-

312 1969 389 2011 bus
420 1970 562 2014 Galli?
605 1982 735 2012 nonne
774 1971 869 2013 illos
899 1970 1083 2012 referunt
1114 1971 1157 2012 in
1190 1971 1432 2012 memoriam
1471 1971 1628 2021 luctus,
1662 1970 1811 2023 quibus
1826 1983 1857 2007 2³

312 2039 444 2080 mater
482 2039 635 2081 turrita
674 2052 767 2082 cum
799 2040 976 2094 Agdesti
1014 2039 1264 2082 lacrimabili
1302 2052 1475 2093 puerum
1505 2041 1720 2094 prosecuta
1751 2040 1813 2080 est

312 2108 525 2149 heiulatu?
557 2108 654 2161 quid
685 2110 940 2162 temperatus
971 2108 1021 2150 ab
1053 2108 1250 2150 alimonio
1280 2109 1420 2163 panis,
1454 2108 1519 2150 cui
1550 2108 1608 2149 rei
1640 2108 1811 2150 dedistis

358 2316 376 2348 1
402 2325 465 2359 pro
490 2313 727 2348 instructione
753 2313 875 2348 Salm:
907 2324 967 2358 per
992 2313 1222 2348 structionem
1248 2314 1282 2346 P
1428 2313 1450 2347 2
1476 2312 1525 2346 si*
1544 2313 1579 2347 P
1722 2314 1811 2347 umi-

312 2382 377 2415 que
402 2371 438 2405 P
588 2371 610 2405 4
634 2382 697 2404 nos
723 2381 779 2405 om
805 2370 876 2405 Sab
1033 2371 1054 2405 6
1079 2369 1347 2414 celebritatibus
1373 2371 1409 2405 P
1561 2370 1811 2404 inseruerimus

320 2429 405 2464 Urs.-
431 2429 630 2463 miserimus
656 2429 692 2462 P
827 2428 869 2462 10
893 2438 1099 2462 memoriam
1123 2428 1272 2471 scrz'psi:
1303 2429 1471 2462 memoria
1496 2429 1530 2461 P
1666 2429 1708 2462 11
1733 2438 1809 2462 cum

313 2488 351 2520 ιή
373 2496 435 2520 ras
459 2486 495 2521 P
633 2486 675 2520 12
700 2496 818 2520 cursos
844 2486 880 2520 P
897 2496 980 2520 corr
997 2488 1025 2520 θ’
1164 2495 1275 2519 anuos
1301 2485 1336 2519 P
1352 2496 1434 2520 corr
1452 2488 1480 2519 ε’
1622 2485 1663 2519 13
1689 2495 1811 2519 ueram

313 2543 517 2578 Meursius:
541 2554 621 2577 uera
639 2543 673 2577 P
811 2543 1002 2587 explicatae
1020 2542 1092 2577 Sab
1233 2543 1276 2577 14
1299 2554 1365 2577 nus
1391 2543 1425 2576 P
1440 2553 1522 2578 corr
1538 2554 1557 2577 c
1695 2545 1811 2577 statu-

312 2600 359 2634 tis
384 2611 429 2634 ea:
452 2600 558 2634 statis
583 2611 664 2635 corr
689 2600 724 2634 P
748 2599 855 2634 statis
882 2600 954 2635 Sab
1125 2600 1371 2634 intermittitis
1398 2600 1469 2635 Sab
1639 2600 1682 2634 16
1706 2610 1810 2644 quam

310 2657 439 2692 addidi
544 2659 587 2693 18
604 2657 885 2692 circumuolbitis
903 2659 936 2691 P
951 2668 1034 2692 corr
1140 2659 1184 2692 19
1201 2658 1364 2692 lanarum
1384 2657 1475 2692 Sab:
1494 2668 1667 2691 uanarum
1686 2658 1722 2692 P

312 2715 350 2749 Ia
367 2715 575 2750 Meursius:
600 2716 670 2750 iam
689 2716 722 2748 P
834 2715 880 2749 20
897 2715 1071 2750 *contexit
1090 2715 1126 2750 P
1238 2715 1371 2759 teporis
1388 2715 1480 2750 Sab:
1505 2714 1673 2758 temporis
1690 2714 1726 2748 P

311 2773 354 2806 21
380 2772 546 2807 uiolaceis
572 2773 608 2807 P
782 2773 826 2806 24
851 2772 1008 2807 crinibus
1033 2773 1069 2807 P
1236 2772 1281 2807 25
1305 2771 1402 2807 Galli
1429 2772 1522 2806 Sab:
1559 2771 1661 2815 gallii
1688 2771 1722 2805 P

310 2829 354 2864 26
380 2829 511 2864 acdesti
532 2829 566 2863 P
703 2830 746 2864 27
771 2830 948 2865 theiulatu
974 2830 1010 2865 P
1025 2840 1106 2865 corr
