2032 3248
798 221 925 255 Liber
958 222 1039 255 1111.
1585 225 1661 265 143

172 336 249 389 pii,
290 336 526 377 memoriam
572 336 782 385 memoris,
824 335 1002 377 feliciter
1034 348 1126 377 uero
1158 336 1337 378 uiuentis
1369 350 1414 379 ac
1446 338 1531 378 sine
1564 337 1660 378 ullis

171 404 459 445 offensionibus
491 404 746 445 felicitatem.
799 405 904 456 quod
937 417 960 445 a
992 405 1105 445 nobis
1138 406 1347 447 uerissime
1378 406 1458 447 dici
1490 419 1535 446 ex
1567 418 1658 447 con-

172 472 308 514 trariis
348 475 582 525 promptum
625 475 685 513 est
717 474 757 513 et
797 473 1119 526 oppositionibus
1160 474 1381 523 noscitare,
1420 474 1662 515 infelicitate

171 541 371 583 discordia
417 542 619 582 obliuione
665 541 881 594 iniquitate
927 542 1136 594 impietate
1184 543 1352 596 ignauia
1400 543 1574 596 pectoris
1621 549 1656 584 et

144 611 405 651 sualetudine
446 610 620 663 corporis
659 610 795 650 minus
826 610 974 651 fausta.
1022 613 1068 651 ut
1101 611 1208 652 enim
1240 612 1335 652 haec
1368 610 1558 652 accidunt
1588 611 1660 651 ho-

171 678 349 720 minibus
381 679 670 731 hominumque
700 680 795 719 sunt
816 678 949 731 posita
978 678 1019 719 in
1049 679 1290 729 actionibus,
1323 679 1548 721 adfectibus
1580 679 1661 720 for-

172 747 309 797 tuitis,
356 748 413 788 ita
445 748 551 800 quod
582 747 666 788 illis
699 747 915 788 aduersum
958 749 1018 788 est
1050 750 1089 788 et
1121 761 1166 789 ex
1207 748 1474 800 qualitatibus
1519 748 1659 802 benig-

170 815 350 857 nioribus
394 815 648 865 nominatur,
694 816 734 856 in
774 816 865 856 aliis
906 828 1065 857 necesse
1105 818 1167 857 est
1206 817 1392 867 haereat,
1436 829 1480 857 ex
1512 816 1657 868 quibus

171 884 227 925 ita
261 884 448 925 formatis
490 884 679 938 figuratio
721 883 801 925 ista
839 887 1031 937 concepta
1062 886 1124 925 est
1155 885 1378 925 nominum.
1426 897 1518 925 nam
1552 884 1697 937 quodss

127 952 286 993 ionobis
319 953 504 993 cateruas
547 953 779 1006 ignotorum
812 952 914 993 alias
958 953 1152 994 inducitis
1194 954 1381 1002 deorum,
1426 953 1659 994 existimare

170 1032 247 1061 non
290 1032 522 1073 possumus,
565 1022 754 1061 utrumne
794 1021 906 1061 istud
948 1021 1050 1061 serio
1092 1023 1212 1074 atque
1253 1033 1297 1062 ex
1330 1021 1385 1062 rei
1430 1023 1659 1074 compertae

170 1089 332 1130 faciatis
377 1088 455 1129 fide
496 1101 546 1130 an
596 1088 826 1130 fictionibus
875 1089 1060 1130 ludentes
1098 1090 1102 1143 1
1139 1089 1261 1130 cassis
1303 1090 1558 1143 ingeniorum
1600 1090 1751 1130 la-f.81

171 1157 352 1198 sciuiatis
384 1170 454 1209 per
486 1157 638 1198 luxum.
681 1157 786 1209 quod
818 1157 989 1198 abiectis
1014 1158 1239 1199 infantibus
1262 1159 1443 1211 pepercit
1465 1159 1560 1210 lupa
1582 1170 1658 1199 non

171 1226 295 1275 mitis,
328 1226 520 1278 Luperca,
563 1226 707 1278 inquit,
752 1226 824 1266 dea
855 1228 917 1267 est
948 1227 1109 1268 auctore
1141 1227 1347 1279 appellata
1381 1227 1568 1268 Varrone.
1615 1241 1659 1268 ex

127 1307 304 1335 15ΥΘΓ11Π]
336 1306 429 1348 ergo
462 1296 672 1348 prouentu,
705 1306 784 1335 non
817 1307 861 1335 ex
891 1294 932 1335 ui
965 1296 1131 1336 naturae
1164 1297 1238 1336 dea
1268 1296 1347 1336 ista
1378 1297 1440 1336 est
1471 1295 1660 1348 prodita?

171 1368 209 1404 et
251 1364 466 1416 postquam
510 1362 614 1403 feros
656 1374 814 1403 morsus
854 1362 1048 1403 immanis
1080 1363 1290 1416 prohibuit
1322 1363 1459 1411 belua,
1503 1364 1542 1404 et
1573 1364 1658 1417 ipsa

171 1444 255 1473 esse
286 1432 440 1485 occepit
472 1434 513 1472 et
545 1432 672 1484 ipsius
705 1431 879 1472 nominis
902 1431 1224 1484 significantiam
1247 1432 1401 1473 traxit?
1433 1434 1503 1473 aut
1525 1433 1558 1472 si
1581 1431 1659 1473 fuit

169 1500 406 1541 iamdudum
439 1501 523 1551 dea,
556 1500 793 1553 prinsquam
826 1500 1024 1540 Romulus
1053 1504 1283 1541 nasceretur
1315 1502 1354 1542 et
1377 1501 1514 1554 frater,
1548 1501 1659 1542 cuius

169 1569 292 1610 fuerit
331 1569 509 1610 nominis
550 1572 671 1620 atque
719 1567 1004 1621 appellationis
1048 1569 1281 1620 expromite.
1334 1569 1554 1610 Praestana
1585 1573 1658 1612 est.

125 1654 156 1679 20
169 1640 216 1678 ut
237 1637 470 1690 perhibetis,
505 1637 626 1689 dicta,
658 1637 763 1689 quod
786 1634 980 1686 Quirinus
1002 1636 1043 1676 in
1066 1635 1187 1677 iaculi
1211 1636 1401 1678 missione
1424 1641 1659 1678 cunctorum

168 1705 419 1758 praestiterit
450 1705 628 1746 uiribus:
663 1705 702 1745 et
734 1705 840 1757 quod
872 1704 965 1745 Tito
998 1705 1130 1754 Tatio,
1163 1703 1437 1757 Capitolinum
1459 1706 1505 1746 ut
1526 1705 1659 1758 capiat

168 1774 325 1823 collem,
359 1773 467 1814 uiam
499 1773 672 1826 pandere
704 1774 826 1825 atque
859 1773 1012 1825 aperire
1044 1773 1288 1825 permissum
1321 1775 1394 1822 est,
1426 1774 1499 1814 dea
1521 1773 1658 1815 Panda

170 1843 229 1882 est
269 1842 475 1896 appellata
515 1842 581 1882 uel
612 1841 792 1882 Pantica.
839 1842 934 1882 ante
966 1841 1072 1882 facta
1105 1842 1146 1882 et
1177 1841 1272 1882 haec
1315 1854 1406 1895 ergo
1438 1855 1657 1895 numquam

170 1910 329 1951 fuerant
374 1910 545 1951 numina
590 1911 629 1950 et
677 1909 754 1950 nisi
800 1909 1000 1951 Romulus
1048 1910 1251 1951 tenuisset
1298 1910 1369 1951 teli
1421 1911 1659 1952 traiectione

125 1979 367 2031 25palatium
409 1978 530 2031 nique
562 1978 778 2031 Tarpeiam
820 1991 961 2030 rupem
1004 1990 1069 2019 rex
1102 1978 1276 2020 Sabinus
1315 1979 1512 2031 potuisset
1554 1979 1659 2020 acci-

169 2059 278 2100 pere,
323 2047 436 2088 nulla
478 2048 582 2088 esset
619 2047 810 2098 Pantica‚
854 2047 966 2087 nulla
1004 2047 1224 2088 Praestana
1268 2050 1404 2088 esset?
1452 2048 1484 2088 si
1517 2049 1557 2087 et
1589 2048 1659 2087 has

169 2115 305 2156 dicitis
337 2116 431 2156 ante
462 2115 523 2155 sui
556 2128 719 2156 causam
752 2115 876 2156 fuisse
899 2115 1163 2169 cognominis,
1196 2115 1300 2167 quod
1324 2115 1363 2155 in
1386 2115 1516 2168 priore
1537 2128 1659 2168 quae-

169 2183 293 2225 situm
325 2185 386 2225 est
418 2184 560 2236 capite,
593 2184 708 2225 cuius
741 2186 782 2224 et
814 2183 887 2224 hae
920 2183 1070 2225 fuerint
1093 2183 1320 2225 uocaminis
1343 2183 1530 2224 indicate.
1575 2184 1697 2236 pel-4

215 2332 230 2363 1
260 2331 422 2364 memoris
449 2331 481 2362 P
617 2331 638 2363 2
663 2330 763 2363 nobis
790 2330 881 2363 Sao.-
908 2330 1007 2363 uobis
1034 2331 1065 2362 P
1203 2330 1408 2362 uerbissimc
1434 2331 1466 2362 P
1489 2341 1569 2364 corr

167 2390 187 2422 3
213 2391 266 2422 cst
283 2391 317 2422 et
342 2387 428 2421 Urs:
453 2389 506 2420 cst
526 2387 559 2420 P
696 2389 717 2422 5
742 2387 945 2420 hominibus
964 2387 1091 2421 addidi
1230 2389 1250 2419 ὅ
1269 2386 1518 2430 hominumque
1536 2388 1661 2421 Mem·-

167 2446 261 2479 sius:
279 2445 528 2488 hominumque
544 2445 578 2476 P
595 2445 773 2478 hominum
792 2455 878 2488 quae
898 2445 969 2478 Sao
1078 2444 1258 2478 effectibus
1276 2444 1462 2478 Mearstus
1571 2445 1589 2478 7
1610 2448 1661 2478 est

169 2504 203 2535 et
220 2502 425 2536 Meursius:
443 2503 497 2535 cst
513 2502 546 2534 P
561 2513 613 2535 om
639 2502 704 2535 Gez
834 2503 855 2534 9
880 2501 1063 2535 numinum
1083 2501 1269 2534 Meursius
1402 2501 1443 2535 10
1460 2501 1659 2544 ignotorum

176 2558 259 2592 Gel:
299 2558 520 2601 signatorum
546 2560 578 2590 P
716 2559 756 2592 13
782 2569 840 2601 per
865 2558 983 2592 luxum
1010 2557 1318 2592 Ilildebramlius:
1359 2558 1487 2591 fluxum
1513 2559 1546 2590 P
1580 2558 1659 2592 luxu

172 2616 242 2649 Sab
402 2617 444 2650 14
471 2615 591 2658 inquid
618 2616 651 2647 P
673 2626 752 2649 corr
916 2615 956 2648 16
982 2617 1017 2647 ct
1044 2615 1133 2648 Sub:
1158 2617 1193 2647 te
1218 2615 1251 2646 P
1408 2625 1544 2648 morsus
1571 2614 1660 2648 Sal).-

170 2682 286 2705 morsu
306 2673 341 2706 P
468 2673 508 2706 17
527 2673 591 2706 hoc
610 2673 722 2716 coepit
742 2672 813 2706 Sab
940 2673 982 2705 21
1003 2675 1043 2705 ut
1060 2671 1133 2705 add
1151 2671 1222 2705 Sab
1345 2674 1480 2715 caperet
1504 2671 1570 2705 Urs

169 2728 213 2762 ‘22
231 2730 380 2772 pandere
397 2731 430 2762 P
554 2731 598 2763 23
623 2733 703 2763 ante
729 2729 822 2762 facta
840 2729 1076 2763 Stewechius:
1102 2731 1159 2762 ate
1185 2728 1277 2762 facta
1295 2728 1328 2760 P
1349 2728 1503 2762 arefacta
1522 2739 1541 2761 r
1566 2730 1659 2772 pate-

171 2785 263 2819 facta
281 2787 353 2821 Sab
371 2797 426 2821 om
445 2786 512 2821 Gcl
649 2789 683 2819 ct
709 2797 764 2820 om
780 2785 970 2820 Hei-aldus
1107 2785 1151 2818 25
1175 2785 1279 2829 nique
1303 2785 1387 2819 Gel:
1415 2795 1523 2829 neque
1541 2786 1573 2817 P

169 2842 213 2876 26
239 2842 427 2877 praestana
452 2846 542 2878 esset
569 2843 686 2877 Salm:
724 2833 947 2886 praestana}
973 2843 1006 2875 P
1040 2841 1256 2876 praestana?
1293 2844 1327 2876 et
1354 2842 1424 2876 Sab
