2032 3248
334 165 387 208 58
736 163 929 198 Arnobii
969 165 1178 199 aduersus
1209 164 1415 199 nationes

332 279 547 321 Platonem
576 279 933 333 Pythagoramque
970 279 1204 330 sectamini,
1236 291 1388 333 uosque
1420 280 1593 330 ceteros,
1625 280 1696 334 qui
1726 281 1823 322 estis

333 349 453 390 unius
484 347 634 389 mentis
666 348 706 390 et
735 360 807 401 per
837 348 1001 390 easdam
1038 349 1126 390 uias
1156 349 1402 403 placitorum
1432 349 1621 392 inceditis
1652 349 1820 391 unitate.

333 418 493 460 audetis
522 417 654 459 ridere
677 428 762 467 nos,
794 416 901 470 quod
930 418 1088 470 patrem
1118 430 1255 459 rerum
1286 429 1332 459 ac
1351 417 1562 460 dominum
1582 431 1823 460 ueneramur

332 488 373 530 et
403 486 575 529 colimus
605 487 790 540 quodque
820 486 884 527 illi
921 487 1115 529 dedamus
1147 487 1187 528 et
1213 486 1505 540 permittamus
1527 499 1615 540 spes
1637 488 1821 529 nostras?

332 555 430 610 quid
460 555 579 597 Plato
610 556 745 598 uester
775 555 818 597 in
841 555 1077 607 Theaeteto,
1109 556 1156 597 ut
1187 569 1280 598 eum
1310 556 1574 609 potissimum
1603 556 1822 607 nominem,
1853 571 1868 595 ε»

331 637 461 667 nonne
492 625 627 667 animo
658 625 798 680 fugere
829 625 973 668 suadet
1005 639 1025 667 e
1046 625 1166 667 terris
1189 625 1229 667 et
1250 625 1356 667 circa
1376 625 1498 667 illum
1520 637 1678 678 semper
1699 638 1823 679 quan—

330 695 423 736 tum
452 693 541 736 fieri
569 694 678 749 potis
709 695 772 737 est
802 694 1050 750 cogitatione
1074 708 1122 737 ac
1143 695 1280 737 mente
1302 694 1483 736 uersari?
1513 694 1671 736 audetis
1693 694 1823 736 ridere

330 776 425 815 nos,
458 764 563 818 quod
593 764 848 806 mortuorum
878 764 1064 806 dicamus
1094 763 1433 807 resurrectionem
1463 762 1664 815 futuram,
1700 776 1823 817 quam

331 833 496 887 quidem
525 844 597 875 nos
628 833 761 876 dicere
790 832 1031 876 confitemur
1062 832 1131 875 sed
1159 846 1183 875 a
1211 832 1328 875 uobis
1359 832 1482 875 aliter
1512 845 1637 886 quam
1668 832 1821 874 sentia-

331 915 422 944 mus
460 901 622 944 audiri?
658 902 757 956 quid
786 902 830 943 in
850 902 1025 944 Politico
1055 901 1165 944 idem
1186 902 1339 944 Plato?
1369 913 1501 943 nonne
1532 914 1626 944 cum
1646 902 1824 944 mundus
1839 917 1871 942 ιο

331 971 531 1026 occeperit
563 972 612 1014 ab
651 971 829 1014 occiduis
865 971 1052 1025 partibus
1092 972 1236 1013 exoriri
1274 972 1315 1013 et
1344 971 1389 1012 in
1419 970 1629 1013 cardinem
1660 983 1825 1026 uergere

331 1041 401 1095 qui
431 1041 599 1083 orientis
631 1042 693 1083 est
723 1041 833 1092 solis,
864 1053 1004 1083 rursus
1036 1041 1253 1094 erupturos
1284 1041 1468 1083 homines
1499 1040 1662 1082 telluris
1694 1053 1714 1082 e
1736 1052 1825 1094 gre-

330 1109 413 1151 mio
444 1110 587 1152 scribit
619 1122 732 1152 senes
762 1121 881 1151 canos
918 1109 1144 1163 decrepitos
1166 1111 1207 1152 et
1238 1122 1332 1152 cum
1367 1109 1461 1151 anni
1483 1109 1691 1163 coeperint
1712 1121 1825 1151 acce-

331 1178 424 1222 dere
453 1179 654 1234 longiores
692 1193 764 1234 per
808 1179 971 1221 eosdem
1015 1179 1166 1233 gradus
1204 1179 1353 1232 quibus
1397 1178 1518 1221 hodie
1550 1178 1745 1221 crescitur
1775 1177 1826 1219 ad

329 1247 578 1291 incunabula
614 1249 812 1291 infantiae
851 1248 1084 1291 desituros?
1122 1248 1281 1291 audetis
1312 1248 1444 1290 ridere
1474 1259 1567 1299 nos,
1599 1248 1706 1301 quod
1737 1246 1871 1290 ani-15

329 1331 491 1360 marum
522 1318 755 1360 nostrarum
785 1317 1074 1372 prouideamus
1106 1317 1233 1360 saluti
1263 1317 1306 1359 id
1339 1318 1401 1360 est
1430 1317 1511 1370 ipsi
1542 1317 1688 1359 nobis?
1728 1316 1826 1370 quid

331 1387 439 1429 enim
462 1399 602 1429 sumus
631 1387 815 1429 homines
846 1387 925 1429 nisi
955 1388 1116 1429 animae
1147 1387 1381 1441 corporibus
1404 1387 1593 1429 clausae?
1624 1398 1696 1428 uos
1718 1386 1826 1429 enim

331 1469 411 1498 non
442 1468 581 1498 omnes
613 1469 685 1510 pro
707 1456 874 1497 illarum
894 1456 1038 1511 geritis
1059 1456 1420 1499 incolumitatibus
1442 1458 1588 1498 curas?
1620 1467 1699 1497 non
1722 1455 1828 1509 quod

336 1525 452 1567 uitiis
483 1524 672 1566 omnibus
703 1526 744 1566 et
774 1524 1069 1578 cupiditatibus
1091 1525 1319 1577 abstinetis,
1351 1526 1485 1567 metus
1506 1525 1579 1567 ille
1600 1537 1671 1566 uos
1692 1525 1827 1576 habet,

337 1607 386 1636 ne
424 1593 540 1635 uelut
585 1594 813 1636 trabalibus
860 1593 988 1635 clauis
1027 1593 1148 1635 adfixi
1180 1594 1414 1648 corporibus
1446 1594 1680 1636 haereatis?
1731 1594 1875 1647 quidm

236 1666 258 1699 f.
275 1668 318 1699 34
337 1662 403 1705 illi
424 1662 502 1704 sibi
523 1662 669 1704 uolunt
690 1662 935 1704 secretarum
961 1661 967 1718 Ι
993 1663 1143 1704 artium
1164 1663 1280 1717 ritus,
1307 1663 1454 1716 quibus
1475 1662 1673 1705 adfamini
1695 1663 1829 1705 nescio

336 1742 441 1786 quas*
474 1732 718 1786 potestates,
756 1733 803 1774 ut
833 1732 916 1774 sint
946 1731 1062 1774 uobis
1100 1732 1282 1785 placidae
1312 1745 1442 1786 neque
1473 1732 1524 1773 ad
1554 1731 1669 1774 sedes
1698 1744 1828 1773 reme-

274 1798 322 1839 14
335 1801 500 1843 antibus
530 1801 685 1854 patrias
706 1800 919 1843 obstacula
940 1801 1220 1854 impeditionis
1241 1802 1475 1855 opponant?
1516 1800 1676 1843 audetis
1697 1801 1829 1843 ridere

336 1882 419 1924 nos,
452 1883 545 1912 cum
575 1871 781 1925 gehennas
820 1870 994 1912 dicimus
1025 1871 1066 1912 et
1095 1870 1434 1924 inextinguibiles
1472 1870 1668 1923 quosdam
1699 1870 1826 1924 ignes,

336 1939 379 1981 in
410 1952 508 1992 quos
540 1939 698 1981 animas
734 1939 837 1981 deici
868 1939 918 1981 ab
950 1952 1089 1981 earum
1126 1939 1311 1982 hostibus
1342 1939 1603 1992 inimicisque
1634 1939 1873 1994 cognom-25

338 2008 457 2048 mus?
489 2006 586 2059 quid
617 2005 737 2048 Plato
768 2007 878 2048 idem
908 2008 1044 2049 uester
1064 2007 1107 2048 in
1129 2019 1173 2049 eo
1205 2008 1428 2058 uolumine,
1461 2008 1568 2061 quod
1599 2007 1648 2049 de
1669 2007 1828 2049 animae

337 2075 634 2117 inmortalitate
671 2076 905 2130 conposuit,
951 2087 1032 2117 non
1062 2076 1355 2127 Acherontem,
1402 2088 1481 2118 non
1521 2075 1709 2131 Stygem,
1748 2089 1828 2118 non

335 2143 532 2198 Cocytum
562 2144 709 2187 fluuios
739 2146 780 2186 et
810 2145 1219 2200 Pyriphlegetontem
1250 2145 1454 2197 nominat,
1486 2146 1528 2187 in
1559 2145 1707 2198 quibus
1739 2145 1830 2187 ani-

335 2225 423 2255 mas
462 2214 672 2271 adseuerat
708 2214 822 2256 uolui
869 2213 1001 2268 mergi
1051 2214 1192 2256 exuri?
1238 2214 1279 2256 et
1316 2214 1436 2255 homo
1474 2214 1713 2268 prudentiae
1750 2226 1829 2256 non

469 2362 491 2395 5
514 2372 546 2405 p.
572 2361 638 2395 173
776 2360 820 2395 10
843 2371 876 2405 p.
902 2360 972 2396 270
1108 2360 1151 2394 26
1176 2359 1304 2394 Phaed.
1330 2371 1362 2405 p.
1391 2360 1456 2394 113

380 2511 402 2545 3
426 2510 486 2555 qui
518 2509 590 2544 sab
772 2509 874 2544 deum
902 2509 973 2544 Sab
1156 2509 1178 2544 5
1202 2508 1392 2543 Theaeteto
1426 2508 1519 2543 Sao.-
1556 2508 1678 2544 theato
1704 2510 1740 2544 P

336 2566 357 2600 6
381 2566 469 2601 adde
494 2568 602 2611 (eras)
629 2567 752 2601 suadet
776 2567 813 2602 P
1039 2566 1058 2600 7
1083 2566 1179 2610 potis
1213 2566 1331 2601 Salm:
1371 2567 1470 2610 potes
1495 2566 1531 2600 P
1559 2568 1640 2610 pote
1668 2566 1738 2602 Sab

339 2624 380 2658 10
404 2625 453 2658 im
480 2624 514 2658 P
674 2624 716 2658 11
743 2623 914 2668 occeperit
941 2624 1035 2658 Sab:
1070 2623 1242 2667 acceperit
1267 2624 1302 2658 P
1460 2634 1604 2668 uergere
1629 2624 1721 2659 Sab:
1753 2636 1828 2659 uer·

336 2692 410 2716 cere
427 2682 461 2715 P
600 2683 641 2717 15
665 2681 837 2715 redituros
860 2681 928 2716 Urs
943 2673 1107 2715 ¹exituros
1127 2681 1227 2715 Salm
1368 2681 1409 2715 19
1434 2681 1645 2715 abstineatis
1664 2682 1736 2716 Sab

337 2738 381 2772 20
404 2738 604 2773 traualibus
622 2739 657 2773 P
778 2738 823 2772 24
846 2738 1013 2782 quosdam
1032 2738 1123 2772 Sab:
1146 2738 1315 2782 quasdam
1335 2739 1369 2772 P
1482 2739 1525 2772 28
1551 2738 1716 2783 Cocytum
1741 2740 1826 2775 Gel:

337 2798 491 2839 cocy-tem
519 2796 554 2830 P
700 2795 1002 2840 pyriflegetontem
1029 2795 1064 2829 P
1206 2795 1377 2835 nominat,
1403 2795 1438 2829 in
1466 2795 1555 2830 Sab:
1596 2797 1768 2831 nominati
1794 2798 1828 2832 P
