2032 3248
625 664 1246 737 PRAEFATIO

316 807 502 869 Arnobii
523 826 723 867 aduersus
745 824 930 867 nationes
953 826 1059 876 libri,
1083 837 1182 878 quos
1204 824 1483 878 Hieronymus
1505 826 1548 866 in
1569 824 1672 866 libro

177 900 361 941 uirorum
391 899 634 942 inlustrium
666 912 699 941 c.
733 900 785 942 79
816 913 889 942 sua
921 900 1059 941 aetate
1090 900 1215 953 uulgo
1247 902 1385 941 extare
1408 899 1523 950 dicit,
1555 899 1675 941 hodie

175 969 217 1009 in
256 980 336 1010 uno
378 969 548 1022 antiquo
593 968 733 1011 codice
772 969 989 1022 leguntur,
1030 970 1100 1021 qui
1143 969 1186 1010 in
1215 968 1464 1011 bibliotheca
1494 968 1675 1010 maxima

174 1036 401 1079 Parisiensi
432 1037 676 1079 adseruatur
706 1049 876 1078 numero
908 1038 1096 1091 signatus
1132 1037 1255 1080 1661.
1287 1037 1422 1079 eidem
1453 1037 1532 1079 soli
1555 1037 1676 1079 debe—

174 1119 267 1147 mus
299 1106 474 1148 Minucii
506 1106 657 1148 Felicis
691 1105 930 1157 Octauium,
973 1108 1042 1160 qui
1081 1109 1238 1160 septem
1268 1105 1445 1147 Arnobii
1477 1105 1596 1147 libris
1627 1108 1675 1147 ut

175 1175 345 1217 octauus
377 1175 482 1217 liber
513 1175 677 1217 additus
711 1178 785 1216 est.
820 1175 933 1216 sexto
965 1175 1124 1216 decimo
1163 1175 1327 1216 saeculo
1358 1175 1483 1217 codex
1513 1174 1669 1216 Romae

174 1243 276 1294 fuit,
324 1243 397 1285 ubi
434 1244 612 1286 Faustus
651 1243 832 1286 Sabaeus
870 1244 1090 1285 Brixianus
1127 1243 1405 1286 bibliothecae
1444 1243 1673 1285 Vaticanae

176 1313 313 1354 custos
346 1324 451 1354 anno
487 1312 597 1354 1543
630 1325 675 1354 ex
707 1325 751 1354 eo
783 1313 941 1366 primus
964 1311 1197 1354 Arnobium
1229 1312 1371 1353 edidit.
1403 1324 1535 1365 neque
1568 1312 1675 1353 enim

174 1381 303 1422 alium
341 1381 497 1423 librum
537 1380 741 1423 Sabaeum
780 1381 1037 1433 adhibuisse,
1069 1383 1116 1423 ut
1147 1381 1337 1423 nonnulli
1375 1380 1535 1434 opinati
1565 1382 1675 1429 sunt,

175 1449 297 1491 facile
318 1450 547 1504 intelleget,
580 1451 648 1503 qui
672 1449 895 1492 editionem
918 1463 1012 1492 cum
1034 1450 1172 1492 codice
1195 1449 1505 1502 conparauerit:
1537 1451 1676 1491 tamen

174 1521 221 1559 ut
254 1518 387 1560 cuiuis
419 1531 490 1560 suo
523 1519 674 1560 iudicio
696 1518 759 1560 uti
781 1519 924 1560 liceret
947 1531 1087 1561 omnes
1110 1518 1254 1561 Sabaei
1273 1518 1474 1560 lectiones
1497 1518 1540 1558 in
1562 1529 1675 1559 com-

174 1588 377 1629 mentario
409 1588 551 1629 critico
574 1588 797 1642 diligenter
819 1588 1014 1630 adnotaui
1034 1590 1197 1641 praeter
1218 1586 1537 1641 orthographica
1558 1599 1675 1628 men-

175 1656 328 1709 dasque
368 1656 681 1711 typothetarum
721 1657 1101 1699 manifestissimas.
1142 1656 1372 1710 possedisse
1411 1668 1509 1697 uero
1540 1655 1676 1708 ipsum

175 1724 382 1767 Sabaeum
412 1726 594 1766 codicem
625 1737 700 1766 nec
721 1725 850 1767 fuisse
872 1738 967 1767 eum
989 1726 1031 1767 in
1053 1725 1310 1767 bibliotheca
1330 1724 1539 1766 Vaticana
1558 1724 1672 1765 illius

176 1793 314 1835 uerbis
345 1795 387 1834 in
421 1794 675 1847 praefatione
707 1794 902 1836 docemur
933 1790 1037 1835 ‘iure
1077 1795 1188 1835 enim
1224 1794 1323 1836 belli
1354 1805 1471 1835 meus
1502 1794 1564 1834 est
1594 1792 1676 1833 Ar-

177 1863 345 1913 nobius,
385 1875 506 1915 quem
545 1875 565 1903 e
596 1862 735 1904 media
765 1863 953 1905 barbarie
986 1875 1068 1903 non
1099 1863 1187 1903 sine
1218 1862 1429 1915 dispendio
1462 1862 1503 1903 et
1533 1861 1677 1903 discri-

177 1929 290 1972 mine
334 1923 584 1984 eripuerim'.
619 1943 722 1983 quae
761 1932 794 1972 si
840 1933 951 1973 recte
993 1932 1255 1984 interpretor,
1288 1930 1521 1972 Arnobium
1556 1942 1677 1971 suum

177 2001 216 2040 in
266 1998 522 2040 bibliotheca
562 1999 783 2041 Helvetica
828 2002 900 2041 aut
937 2000 1187 2043 Germaniae
1234 2002 1491 2053 reppererat:
1530 2011 1676 2051 nempe

176 2069 403 2112 cauendum
435 2070 507 2118 est,
541 2080 591 2108 ne
623 2067 824 2109 Sabaeum
856 2067 1099 2120 metaphora
1129 2067 1345 2110 audaciore
1366 2079 1486 2108 usum
1506 2078 1677 2120 magnos

177 2136 422 2178 emendandi
453 2135 616 2177 labores
649 2136 883 2189 significare
903 2137 1109 2189 putemus,
1142 2148 1235 2177 cum
1259 2137 1344 2188 ipse
1366 2135 1471 2177 nihil
1494 2137 1543 2177 ad
1567 2135 1677 2177 dior-

178 2205 314 2246 thosin
345 2204 518 2247 Arnobii
549 2205 770 2247 contulisse
804 2205 1018 2256 uideatur,
1060 2206 1129 2246 sed
1168 2205 1211 2246 in
1242 2205 1388 2245 eadem
1418 2203 1674 2258 praefatione

176 2274 476 2326 Hieronymum
514 2273 749 2316 Ferrarium
793 2276 834 2314 et
873 2274 1143 2316 Franciscum
1181 2273 1535 2323 Priscianensem,
1575 2283 1676 2324 quos

180 2343 289 2383 uiros
313 2343 570 2384 doctissimos
595 2345 636 2383 et
659 2342 814 2396 ingenii
836 2344 877 2383 et
898 2342 1042 2383 iudicii
1062 2342 1406 2395 perspicacissimi
1438 2341 1550 2391 dicit,
1582 2342 1676 2394 post

174 2410 279 2452 alios
320 2411 471 2451 amicos
512 2411 554 2451 in
594 2423 639 2451 eo
680 2422 798 2463 opere
835 2410 1035 2452 tardiores
1074 2411 1320 2453 emendandi
1352 2412 1393 2451 et
1423 2408 1672 2462 inprimendi

177 2477 407 2520 Arnobium
439 2478 697 2530 prouinciam
731 2479 958 2532 suscepisse
992 2481 1183 2520 testetur.
1216 2478 1348 2519 Roma
1370 2478 1493 2518 codex
1514 2478 1555 2518 in
1577 2477 1677 2520 Gal-

177 2547 277 2589 liam
315 2548 541 2589 translatus
583 2547 659 2597 est,
701 2560 783 2588 una
822 2559 914 2588 cum
947 2547 1132 2589 Arnobio
1172 2547 1281 2600 typis
1316 2558 1521 2599 expresso,
1554 2559 1677 2598 quem

181 2615 360 2657 Sabaeus
392 2616 612 2657 Francisoo
636 2615 769 2669 primo
791 2616 1012 2669 dedicauit,
1047 2615 1179 2657 eidem
1199 2615 1298 2668 regi,
1322 2617 1368 2655 ut
1391 2614 1676 2656 coniciendum

180 2696 263 2724 esse
295 2684 472 2735 uidetur,
505 2686 607 2726 dono
631 2685 766 2725 datus.
799 2683 948 2725 saltem
978 2683 1150 2725 Henrici
1181 2683 1350 2724 secundi
1383 2685 1515 2724 aetate
1544 2684 1584 2724 in
1616 2683 1677 2724 bi-

179 2751 392 2793 bliotheca
428 2752 542 2805 regia
580 2752 679 2802 fuit,
721 2754 768 2793 ut
808 2753 1051 2805 tegumenta
1082 2752 1167 2793 eius
1201 2752 1440 2792 etiamnunc
1470 2752 1674 2792 indicant:

179 2831 319 2860 rursus
352 2832 458 2861 anno
493 2821 614 2870 1583,
648 2833 726 2873 quo
757 2820 895 2861 Fuluii
927 2819 1065 2860 Vrsini
1097 2819 1220 2861 editio
1252 2819 1407 2861 Romae
1439 2820 1603 2873 prodiit,
1635 2820 1677 2860 in

179 2886 255 2927 hac
295 2887 395 2929 urbe
437 2887 618 2929 codicem
657 2887 830 2930 Arnobii
872 2886 997 2929 fuisse
1038 2888 1220 2933 nullum,
1261 2900 1362 2940 quae
1402 2890 1449 2930 de
1481 2888 1676 2929 subsidiis
