2032 3248
368 233 465 266 CXII
906 220 1102 256 Caecilii
1127 221 1340 264 Cypriani

365 325 475 367 idem
498 325 690 368 Galerius
711 326 918 368 Maximus
943 326 1161 379 proconsul
1182 326 1225 367 in
1247 326 1374 368 aliam
1394 326 1504 368 diem
1527 325 1778 381 Cyprianum
1800 328 1881 370 sibi

364 395 564 438 reseruari
595 395 814 448 praecepit.
847 396 889 437 et
924 407 969 437 eo
1002 395 1185 449 tempore
1216 395 1361 437 beatus
1390 394 1617 450 Cyprianus
1649 397 1797 438 ductus
1828 397 1881 439 ad

363 464 594 519 principem
616 466 656 507 et
673 465 895 507 stratorem
915 465 1098 507 eiusdem
1120 464 1246 506 officii
1263 464 1419 507 Galerii
1430 465 1602 507 Maximi
1623 466 1880 519 proconsulis

365 534 587 577 clarissimi
618 534 699 576 uiri
733 534 914 586 secessit,
952 535 993 576 et
1021 535 1065 576 in
1092 534 1272 588 hospitio
1310 534 1397 576 eius
1426 547 1520 576 cum
1549 546 1593 576 eo
1623 535 1666 576 in
1689 534 1777 577 uico
1805 535 1879 589 qui

363 604 517 646 dicitur
538 603 704 646 Saturni
732 603 842 646 inter
863 604 1090 646 Veneream
1113 605 1154 645 et
1176 603 1425 646 Salutariam
1455 604 1621 646 mansit.
1649 605 1753 646 illuc
1783 604 1878 646 uni·
1893 617 1908 641 ⁵

362 686 506 716 uersus
533 674 708 727 populus
737 674 914 715 fratrum
943 673 1145 715 conuenit.
1177 673 1218 715 et
1239 685 1331 715 cum
1361 673 1438 715 hoc
1459 675 1626 716 sanctus
1648 673 1878 728 Cyprianus

363 742 641 796 comperisset,
673 742 873 784 custodiri
901 742 1060 796 puellas
1088 742 1308 796 praecepit,
1343 742 1538 796 quoniam
1559 754 1699 785 omnes
1720 742 1764 784 in
1785 743 1877 785 uico

327 803 334 808 ”
362 812 457 855 ante
477 812 646 855 ianuam
665 812 837 866 hospitii
858 811 1057 866 principis
1076 812 1326 854 manserant.

321 878 346 919 3
417 882 473 924 Et
494 882 554 924 ita
575 881 706 924 altera
735 881 802 923 die
831 882 978 923 octaua
1007 881 1167 923 decima
1194 881 1465 923 kalendarum
1486 880 1730 923 Octobrium
1757 895 1878 924 mane

360 951 496 993 multa
535 951 659 993 turba
699 950 893 993 conuenit
928 950 980 992 ad
1016 949 1129 992 Sexti
1170 951 1395 992 secundum
1429 951 1696 1004 praeceptum
1734 950 1876 993 Galeri
1892 965 1926 990 ιο

359 1020 535 1063 Maximi
569 1020 834 1073 proconsulis,
872 1021 912 1062 et
947 1020 1007 1061 ita
1042 1020 1153 1061 idem
1190 1018 1380 1062 Galerius
1415 1020 1623 1062 Maximus
1658 1021 1876 1074 proconsul

360 1090 502 1131 eadem
543 1090 608 1131 die
644 1089 896 1144 Cyprianum
931 1089 1013 1131 sibi
1049 1089 1185 1131 offerri
1219 1089 1428 1144 praecepit
1464 1090 1508 1131 in
1543 1090 1648 1131 atrio
1686 1090 1875 1133 Sauciolo

360 1159 530 1201 sedenti.
568 1171 742 1213 cumque
778 1160 942 1202 oblatus
978 1158 1138 1210 fuisset,
1183 1158 1373 1202 Galerius
1410 1159 1618 1202 Maximus
1654 1160 1875 1213 proconsul

360 1228 562 1283 Cypriano
592 1229 779 1282 episcopo
810 1228 936 1270 dixit:
974 1230 1022 1270 tu
1051 1241 1092 1270 es
1122 1228 1322 1270 Thascius
1352 1227 1608 1283 Cyprianus?
1645 1228 1873 1284 Cyprianus

363 1298 578 1353 episcopus
618 1298 851 1352 respondit:
894 1311 983 1352 ego
1025 1310 1146 1340 sum.
1190 1298 1379 1341 Galerius
1410 1299 1619 1340 Maximus
1654 1298 1873 1352 proconsul
1887 1315 1920 1340 ιε,

359 1368 484 1409 dixit:
526 1369 574 1409 tu
609 1381 760 1421 papam
796 1368 837 1409 te
878 1366 1102 1422 sacrilegae
1143 1368 1295 1409 mentis
1335 1368 1571 1410 hominibus
1612 1368 1872 1422 praebuisti?

359 1436 587 1491 Cyprianus
609 1437 823 1491 episcopus
843 1437 1066 1491 respondit.
1090 1449 1193 1492 ego.
1216 1436 1409 1479 Galerius
1423 1437 1629 1479 Maximus
1650 1437 1870 1491 proconsul

358 1506 464 1549 dixit
477 1506 717 1548 :iusserunt
733 1507 775 1548 te
792 1506 1064 1548 sacratissimi
1084 1507 1353 1560 imperatores
1370 1507 1673 1548 caeremoniari.
1698 1506 1871 1561 Cypria-

356 1589 434 1618 nus
458 1575 671 1630 episcopus
701 1576 825 1617 dixit:
856 1587 951 1617 non
972 1575 1119 1617 facio.
1151 1575 1569 1618 GaleriussMaximus
1591 1576 1670 1617 ait:
1702 1575 1869 1618 consule

355 1645 448 1686 tibi.
481 1644 708 1700 Cyprianus
732 1645 944 1699 episcopus
965 1645 1196 1698 respondit:
1229 1644 1310 1687 fac
1339 1646 1468 1699 quod
1496 1645 1599 1687 tibi
1629 1658 1916 1699 praecep—20

355 1714 462 1755 tum
494 1715 581 1756 est.
616 1714 667 1755 in
697 1727 747 1755 re
777 1715 879 1755 tam
909 1714 1048 1756 iusta
1078 1714 1223 1756 nulla
1254 1715 1330 1756 est
1363 1714 1698 1756 consultatio.

318 1783 341 1823 4
414 1783 603 1826 Galerius
624 1784 829 1826 Maximus
863 1784 1089 1826 collocutus
1121 1796 1215 1825 cum
1248 1783 1422 1826 concilio
1455 1783 1703 1826 sententiam
1735 1784 1805 1824 uix
1827 1783 1869 1825 et

356 1866 475 1908 aegre
517 1853 621 1895 dixit
660 1853 799 1895 uerbis
830 1853 1088 1895 huiusmodi:
1130 1853 1202 1894 diu
1239 1853 1439 1907 sacrilega
1474 1853 1612 1895 mente
1647 1852 1791 1894 uixisti
1827 1852 1869 1894 et

426 2025 442 2058 1
460 2025 667 2069 proconsule
685 2025 735 2059 M
739 2038 747 2067 ;
765 2026 822 2060 uir
839 2025 1056 2059 clarissimus
1074 2025 1158 2060 add.
1179 2025 1267 2060 EM
1399 2026 1470 2060 alia
1487 2025 1543 2059 die
1560 2025 1597 2059 id
1615 2027 1668 2059 est
1684 2026 1792 2070 (idern
1807 2025 1867 2068 M)

355 2082 511 2116 crastina
535 2082 651 2117 afferri
672 2082 742 2117 sibi
759 2083 937 2128 praecepit
956 2083 1142 2128 (praecipit
1158 2083 1219 2128 M)
1236 2084 1272 2117 et
1289 2083 1342 2117 ita
1359 2078 1655 2128 idem‘Ciprianus
1673 2094 1752 2118 cum
1769 2083 1867 2127 prin-

355 2141 430 2185 cipe
447 2142 483 2174 et
500 2142 650 2175 stratore
667 2140 777 2175 officii
793 2141 938 2175 maximi
955 2141 1040 2175 EM
1226 2141 1249 2175 4
1267 2152 1305 2175 eo
1323 2141 1400 2175 uico
1419 2142 1556 2175 saturni
1573 2142 1667 2175 inter
1684 2141 1866 2175 uenariam

355 2198 513 2241 (uenaria
531 2209 577 2232 ex
593 2198 738 2233 ueneria
754 2198 807 2242 E)
826 2199 861 2232 et
880 2198 1054 2232 salutaria
1072 2198 1160 2232 EM
1368 2199 1389 2233 5
1406 2198 1507 2242 illuc]
1526 2198 1604 2233 illic
1622 2200 1704 2232 ante
1722 2198 1866 2232 ianuam

354 2255 440 2290 EM
574 2256 595 2290 6
612 2255 791 2300 conuenit]
810 2255 944 2289 mansit
960 2255 1045 2290 EM
1184 2257 1326 2290 sanctus
1344 2266 1408 2290 om.
1429 2256 1519 2289 EM
1656 2256 1674 2290 7
1693 2255 1866 2289 custodiri

354 2314 510 2359 Auqust.
530 2313 551 2348 l.
570 2324 597 2348 c.
616 2325 650 2348 η.
670 2316 693 2347 4
710 2317 744 2347 et
761 2316 793 2347 F
794 2313 930 2358 ulyent.
948 2323 1051 2348 serm.
1069 2315 1102 2357 6,
1121 2313 1292 2357 castigari
1309 2314 1364 2354 M,
1384 2315 1420 2347 ct
1437 2313 1607 2357 castigari
1624 2313 1665 2346 E
1827 2312 1865 2346 in

353 2371 432 2406 uico
448 2382 569 2405 omnes
588 2373 671 2405 ante
688 2371 814 2405 ianuas
831 2370 991 2415 hospicio
1008 2370 1179 2415 principis
1197 2370 1362 2405 iacebant
1380 2371 1467 2405 EM
1625 2370 1646 2404 9
1663 2370 1733 2414 die]
1753 2369 1809 2404 dic
1827 2369 1865 2404 id

353 2431 409 2463 est
425 2429 512 2463 EM
675 2429 720 2463 10
734 2428 842 2462 turba
859 2429 1025 2463 conuenit
1042 2439 1105 2463 om.
1126 2428 1214 2463 EM
1373 2427 1502 2473 galleri
1519 2428 1568 2462 M
1726 2428 1768 2462 11
1785 2438 1865 2472 pro-

353 2487 508 2521 consulis
526 2486 720 2521 clarissimi
735 2486 808 2520 uiri
825 2486 911 2520 EM
1052 2488 1087 2521 et
1104 2486 1157 2521 ita
1177 2514 1184 2521 .
1200 2512 1209 2521 .
1224 2513 1230 2520 .
1251 2487 1432 2531 praecepit
1449 2497 1512 2520 om.
1534 2486 1619 2520 EM
1766 2486 1809 2520 12
1826 2486 1864 2520 in

353 2543 446 2578 atrio
465 2544 640 2589 Sauciolo]
659 2544 697 2578 in
715 2544 806 2577 atrio
824 2543 990 2579 sedentis.
1010 2544 1178 2578 obuoluto
1193 2544 1400 2586 (obuoluato
1419 2544 1478 2586 M)
1497 2544 1533 2577 ct
1550 2544 1704 2577 sauciolo
1722 2543 1863 2577 oblatus

353 2602 407 2635 est
426 2602 511 2635 EM
517 2615 529 2644 ,·
560 2602 607 2643 cf.
630 2603 732 2636 C'onc.
750 2601 945 2636 Matiscon.
965 2601 1014 2635 ΙΙ
1029 2612 1057 2636 c.
1076 2604 1143 2635 19:
1170 2604 1211 2635 ut
1228 2601 1271 2635 ad
1295 2601 1411 2635 locum
1436 2601 1707 2635 examinationis
1725 2611 1863 2635 reorum

352 2659 473 2693 nullus
498 2659 647 2693 clericus
674 2659 819 2694 accedat
835 2669 947 2703 neque
963 2659 1110 2693 intersit
1125 2659 1218 2694 atrio
1236 2659 1397 2694 Sauciolo
1607 2659 1650 2692 13
1667 2659 1815 2702 cumque
1832 2669 1862 2693 o.

352 2716 494 2760 fuisset]
513 2727 581 2760 quo
597 2716 739 2751 obolato
756 2716 849 2750 idem
866 2717 951 2751 EM
1079 2717 1267 2762 proconsul
1284 2716 1502 2751 clarissimus
1519 2715 1575 2749 uir
1594 2716 1639 2756 E,
1658 2715 1863 2760 proconsule

353 2773 564 2808 durissimus
582 2774 638 2808 uir
650 2774 699 2808 M
787 2774 831 2808 14
847 2776 888 2808 tu
906 2785 941 2808 es
960 2801 970 2811 .
985 2802 993 2810 .
1008 2802 1014 2808 .
1036 2774 1060 2808 l.
1075 2777 1120 2809 16
1138 2774 1229 2808 dixit
1242 2785 1306 2809 om.
1322 2773 1409 2807 EM
1496 2773 1539 2807 16
1553 2775 1719 2817 papatem
1733 2772 1821 2806 EM

352 2831 555 2865 hominibus
573 2831 619 2872 E,
637 2831 800 2865 omnibus
817 2832 867 2866 M
962 2825 964 2834 ¹
978 2832 1020 2866 17
1039 2832 1227 2876 cyprianus
1244 2831 1336 2865 dixit
1352 2841 1415 2874 ego
1433 2830 1521 2864 EM
1624 2829 1780 2874 galerius
1801 2855 1808 2862 .
1823 2856 1831 2863 .
1847 2856 1856 2863 .

353 2889 374 2923 l.
391 2891 435 2923 21
455 2888 669 2922 consultatio
690 2899 755 2923 om.
773 2889 856 2923 EM
1063 2889 1108 2923 22
1125 2889 1311 2933 proconsul
1335 2888 1474 2922 locutus
1489 2888 1534 2929 E,
1559 2887 1765 2932 proconsule
1782 2897 1863 2921 con-

353 2945 492 2980 locutus
508 2945 558 2979 M
693 2946 729 2979 ct
746 2956 809 2980 om
828 2956 849 2980 v
