2032 3248
358 234 441 275 302
983 232 1224 277 Appendix.

430 557 497 597 IV.
538 558 606 595 AD
638 557 940 596 SENATOREM
970 558 1035 595 EX
1067 558 1374 595 CHRISTIANA
1403 557 1674 595 RELIGIONE
1703 557 1773 595 AD

628 636 888 677 IDOLORVM
919 639 1238 677 SERVITVTEM
1268 638 1580 676 CONVERSVM.

608 782 704 835 Cum
726 798 762 835 te
786 798 945 835 diuersis
966 798 1102 836 iterum
1124 797 1307 845 uanisque
1328 798 1493 836 uiderem

606 866 795 904 Inseruire
817 866 934 904 sacris
954 867 1152 915 priscoque
1182 878 1305 904 errore
1326 867 1458 914 teneri,

606 935 778 982 Obstipui
800 937 937 973 motus.
960 936 1048 983 quia
1071 936 1237 973 earmina
1259 947 1403 983 semper
1424 936 1576 982 amasti,

605 1003 775 1041 Carmine
797 1005 1028 1051 respondens
1050 1004 1250 1052 properaui
1272 1004 1434 1042 scribere
1457 1016 1589 1042 uersus

552 1072 575 1110 5
606 1073 658 1111 Vt
677 1075 714 1110 te
736 1073 982 1120 corriperem:
1005 1073 1180 1111 tenebras
1200 1084 1428 1121 praeponere
1450 1073 1524 1111 luci

607 1141 698 1187 Quis
719 1142 889 1189 patiatur
910 1142 1022 1189 enim,
1045 1143 1082 1180 te
1103 1143 1261 1180 matrem
1284 1143 1435 1181 credere
1457 1132 1631 1190 magnam

605 1212 719 1249 Posse
742 1211 847 1249 deam
870 1210 944 1248 diei
965 1222 1170 1259 rursusque
1193 1213 1324 1259 putare
1346 1211 1552 1258 colendam,

607 1280 719 1317 Cuius
740 1280 904 1318 cultoros
925 1280 1081 1318 infamia
1102 1280 1226 1328 turpis
1248 1280 1393 1318 inurit?

607 1349 780 1397 Namque
805 1350 1020 1388 sacerdotes
1042 1348 1182 1387 tunicis
1203 1350 1451 1388 muliebribus
1470 1350 1567 1388 idem

527 1419 579 1456 10
609 1418 775 1456 Interius
797 1418 932 1456 uitium
954 1419 1057 1455 cultu
1079 1417 1262 1456 exteriore
1283 1419 1465 1465 fatentur,

612 1487 728 1534 quue
750 1487 864 1525 licere
885 1488 1022 1535 putant
1044 1488 1141 1534 quod
1161 1499 1235 1525 non
1256 1487 1365 1525 licet:
1389 1488 1486 1525 unde
1508 1498 1573 1535 per
1596 1487 1722 1524 urbem

608 1556 761 1593 Leniter
782 1557 958 1594 incedunt
979 1556 1125 1594 mollita
1147 1568 1235 1594 uoce
1256 1556 1465 1604 loquentes.

607 1625 860 1673 Lassatosque
882 1626 1012 1663 tenent
1034 1627 1185 1663 extenso
1207 1625 1341 1672 pollice
1363 1626 1508 1663 lumbos

610 1694 660 1731 Et
675 1694 868 1742 proprium
889 1695 1038 1732 mutant
1059 1695 1216 1742 uulgato
1239 1694 1393 1732 crimine
1416 1705 1556 1732 sexum.

525 1762 575 1800 15
608 1762 772 1810 Cumque
795 1775 881 1801 suos
903 1764 1096 1801 celebrant
1116 1763 1226 1810 ritus,
1249 1763 1309 1801 his
1331 1775 1411 1801 esse
1433 1763 1563 1801 diebus

610 1832 653 1869 Se
678 1833 801 1870 castos
822 1835 1049 1870 memorant:
1073 1835 1113 1870 at
1135 1833 1166 1870 si
1189 1833 1446 1871 tantummodo
1465 1834 1555 1870 tunc
1577 1834 1664 1870 sunt

609 1900 660 1937 Vt
680 1901 880 1947 perhibent
902 1901 1009 1948 casti,
1032 1901 1177 1949 reliquo
1199 1901 1273 1939 iam
1295 1903 1461 1949 tempore
1480 1901 1570 1949 quid
1592 1903 1706 1938 sunt?

609 1970 680 2007 Sed
702 1970 790 2018 quia
810 1972 996 2018 coguntur
1018 1970 1146 2008 saltim
1167 1971 1283 2008 semel
1307 1982 1389 2008 esse
1410 1970 1551 2018 pudici,

606 2038 731 2076 Mente
753 2038 928 2085 fremunt,
952 2039 1121 2077 lacerant
1143 2051 1276 2087 corpus
1298 2039 1534 2087 funduntque
1556 2051 1737 2078 cruorem.

522 2109 576 2145 20
607 2107 724 2152 Quale
746 2119 892 2147 sacrum
914 2109 971 2146 est
992 2120 1079 2146 uero
1102 2108 1201 2156 quod
1221 2108 1339 2146 fertur
1360 2108 1507 2147 nomine
1529 2108 1715 2157 sanguis?

447 2333 628 2378 Incipiunt
652 2334 733 2378 (om.
760 2334 810 2379 F)
836 2345 958 2368 uersus
983 2334 1098 2369 sancti
1122 2334 1290 2379 Cypriani
1318 2334 1472 2379 episcopi
1497 2336 1533 2368 et
1558 2335 1725 2379 martyris
1744 2335 1849 2377 (chri-

357 2392 404 2424 sti
428 2391 511 2426 add.
537 2393 590 2437 H)
617 2392 661 2426 ad
686 2393 859 2436 quendam
886 2393 1080 2426 senatorem
1106 2403 1145 2425 ex
1174 2392 1376 2427 Christiana
1400 2392 1571 2436 religione
1597 2392 1640 2426 ad
1675 2392 1850 2426 idolorum

357 2448 566 2482 seruitutem
592 2460 798 2484 conuersum
823 2450 908 2484 FH.
935 2470 980 2474 —
1007 2450 1025 2483 1
1050 2450 1222 2493 uanisque
1247 2449 1332 2491 FII,
1358 2449 1537 2492 uariisque
1561 2459 1581 2483 v
1741 2450 1762 2482 3
1789 2449 1849 2482 ob-

355 2506 476 2550 stupui
500 2506 554 2540 F²
667 2509 783 2541 motus
808 2507 892 2548 FH,
919 2507 1075 2542 monitus
1101 2507 1289 2541 Pamelz'us
1397 2508 1418 2541 9
1443 2506 1570 2540 tonicis
1598 2506 1642 2540 H
1744 2507 1848 2540 muli-

357 2562 473 2596 eribus
498 2564 543 2597 H
670 2564 775 2609 idem]
803 2565 840 2599 id.
865 2566 919 2599 est
943 2575 1032 2599 corr.
1061 2564 1100 2598 F
1121 2565 1160 2598 in
1185 2565 1299 2608 ipsum
1324 2565 1365 2599 in
1388 2575 1497 2608 mary.
1631 2564 1675 2598 10
1698 2564 1848 2598 interius

356 2620 486 2654 uitium
511 2621 551 2655 F
570 2622 609 2655 in
633 2634 754 2668 nmo-9„
782 2622 875 2656 inter
899 2622 1081 2657 iusticiam
1108 2623 1148 2657 F
1167 2623 1208 2656 in
1235 2626 1338 2656 textu
1476 2621 1657 2665 exteriore]
1683 2621 1848 2655 interiore

358 2677 545 2712 Pccmelius
761 2681 802 2714 11
828 2680 949 2714 urbem
973 2680 1055 2721 FH,
1083 2680 1201 2714 orbem
1225 2691 1246 2715 v
1469 2679 1511 2712 13
1535 2679 1759 2723 lapsatosque
1783 2690 1803 2713 v

356 2734 483 2778 pollice
507 2746 601 2771 corr.
626 2737 665 2770 in
689 2737 809 2781 podice
833 2737 873 2771 F
893 2749 937 2771 m.
962 2740 986 2773 2
1125 2738 1168 2772 15
1193 2737 1375 2771 delebrant
1391 2736 1434 2769 H
1569 2736 1610 2770 16
1636 2737 1673 2769 at
1698 2746 1787 2770 corr.
1807 2737 1848 2770 in

357 2804 395 2825 uc
420 2791 459 2825 F
480 2803 522 2826 m.
548 2795 571 2827 2
709 2794 752 2828 18
776 2794 836 2828 sed
862 2805 941 2838 exp.
968 2795 1008 2829 F
1028 2798 1061 2830 et
1087 2805 1180 2830 corr.
1206 2795 1245 2829 at
1269 2795 1307 2828 in
1330 2805 1440 2839 marg).
1581 2794 1704 2827 saltem
1736 2805 1762 2833 c,
1789 2792 1847 2827 sed

357 2849 425 2883 tim
449 2849 499 2892 H,
531 2849 589 2884 sed
614 2850 653 2884 F
