2032 3248
336 204 420 247 232
747 203 934 238 Arnobii
966 203 1184 238 aduersus
1217 204 1426 239 nationes

336 320 475 372 aperta
504 320 691 371 delubra,
733 332 780 362 ac
809 320 845 361 si
876 319 974 374 quid
1004 331 1028 360 a
1058 318 1251 374 quopiam
1291 319 1509 362 temeraria
1539 319 1664 362 fuerit
1692 320 1836 362 fraude

335 388 596 443 subreptum,
638 389 725 431 uim
765 389 947 430 numinis
985 389 1214 430 monstrent
1254 389 1294 430 et
1333 389 1409 431 sub
1447 389 1535 442 ipso
1567 388 1671 431 furti
1711 390 1834 442 atque

334 458 466 511 operis
487 479 507 500 a<
532 457 695 500 nomine
726 457 946 511 sacrilegos
967 457 1106 511 poenis
1129 458 1467 500 conuenientibus
1489 458 1631 512 figant.
1664 458 1834 512 indigna

334 526 443 567 enim
473 539 538 568 res
569 527 630 569 est
661 527 701 569 et
730 527 955 581 potentiam
989 526 1203 569 destruens
1234 527 1618 580 auctoritatemque,
1651 539 1835 569 summo-

333 607 425 636 rum
465 596 694 638 custodiam
732 596 951 637 numinum
992 607 1140 637 canum
1177 595 1529 638 sollicitudinibus
1570 596 1752 648 credere,
1795 598 1836 638 et
1866 611 1881 636 ⁵

335 675 427 705 cum
458 665 640 718 aliquam
670 677 838 718 quaeras
868 664 1133 718 prohibendis
1164 664 1426 706 formidinem
1457 664 1639 716 furibus,
1671 676 1751 706 11011
1783 664 1834 707 61)

333 732 435 786 ipsis
474 736 611 786 petere
658 733 727 775 sed
765 733 808 775 in
839 745 1029 775 anserum
1069 746 1217 786 ponere
1248 735 1289 775 et
1329 734 1528 776 collocare
1568 733 1834 788 gingritibus.

266 797 314 838 21
332 801 585 844 Antiochum
615 801 861 857 Cyzicenum
900 802 1037 844 ferunt
1071 804 1212 844 decem
1243 802 1480 844 cubitorum
1510 802 1653 844 Iouem
1684 815 1731 844 ex
1762 802 1833 845 de-

201 872 450 914 f-131blubr0
495 884 664 913 aureum
709 871 927 914 sustulisse
968 872 1009 913 et
1049 884 1097 913 ex
1137 884 1227 913 aere
1268 871 1483 913 bratteolis
1529 871 1534 927 1
1570 871 1834 914 substituisse

333 941 531 983 fucatum.
578 942 613 983 si
643 941 686 983 in
717 941 950 983 simulacris
980 942 1144 995 praesto
1176 942 1273 983 sunt
1295 941 1417 994 atque
1440 940 1631 983 habitant
1653 941 1711 983 dii
1732 941 1830 993 suis,
1848 958 1882 983 10

333 1011 480 1064 quibus
513 1010 689 1064 negotiis
719 1009 925 1064 Iuppiter,
971 1010 1119 1063 quibus
1162 1010 1268 1052 curis
1309 1010 1443 1052 fuerat
1479 1010 1699 1064 inligatus,
1732 1023 1831 1064 quo-

332 1081 470 1122 minus
509 1080 692 1135 priuatas
731 1081 1045 1133 persequeretur
1085 1079 1256 1121 iniurias
1298 1080 1338 1121 et
1378 1079 1637 1132 subpositum
1678 1092 1719 1122 sc
1751 1079 1831 1121 sibi

331 1149 476 1191 uiliore
506 1149 550 1190 in
580 1148 754 1191 materia
784 1149 1044 1190 uindicaret?
1088 1148 1310 1202 Dionysius
1340 1148 1414 1189 ille
1444 1147 1513 1190 sed
1540 1148 1696 1199 iunior,
1737 1161 1830 1190 611111

331 1219 535 1260 116161111116
571 1229 691 1260 611160
730 1218 926 1271 spoliaret
957 1218 1100 1260 Iouem
1131 1220 1171 1260 et
1203 1230 1275 1272 pro
1305 1218 1379 1259 illo
1419 1218 1586 1259 laneum
1622 1217 1826 1269 subderet,

329 1285 578 1329 iocularibus
618 1287 745 1328 etiam
786 1286 947 1329 facetiis
978 1286 1138 1336 ludenS,
1171 1299 1263 1328 cum
1295 1298 1382 1328 esse
1413 1286 1519 1328 illud
1547 1287 1591 1327 in
1622 1286 1827 1341 rigoribus
1844 1305 1875 1330 15

331 1355 531 1410 algidum,
572 1356 646 1397 hoc
676 1367 887 1410 uaporum,
929 1367 1143 1398 onerosum
1183 1355 1288 1397 illud
1319 1356 1362 1397 in
1394 1355 1623 1398 aestatibus
1665 1355 1827 1406 diceret,

328 1424 405 1466 hoc
433 1436 573 1466 rursus
605 1424 679 1466 sub
720 1424 933 1467 ardoribus
974 1424 1136 1467 flabile:
1184 1425 1352 1467 ubinam
1383 1426 1515 1467 fuerat
1545 1438 1614 1467 rex
1644 1424 1749 1479 poli,
1783 1425 1830 1466 ut

328 1495 585 1547 praesentem
623 1506 664 1535 se
703 1506 790 1536 esse
821 1494 1039 1536 formidine
1077 1494 1215 1547 aliqua
1251 1494 1514 1548 conprobaret
1554 1495 1595 1536 et
1624 1494 1829 1536 urbanum

332 1563 558 1604 scurrulam
589 1563 839 1605 cruciatibus
872 1564 1081 1605 reuocaret
1111 1565 1161 1605 ad
1183 1564 1316 1605 seria?
1347 1577 1442 1606 nam
1466 1563 1565 1617 quid
1588 1563 1826 1616 Aesculapii

331 1631 581 1685 grauitatem
613 1632 663 1673 ab
696 1643 741 1673 eo
773 1644 857 1673 esse
889 1643 1204 1674 commemorem
1234 1632 1390 1674 risam?
1422 1646 1543 1686 quem
1574 1645 1667 1674 cum
1698 1632 1827 1675 barba
1841 1646 1873 1672 20

330 1700 523 1752 spoliaret
562 1700 821 1753 amplissima
860 1701 956 1742 boni
997 1701 1187 1755 ponderis
1218 1702 1259 1743 et
1289 1701 1554 1756 philosophae
1593 1701 1824 1752 densitatis,

328 1767 486 1810 facinus
516 1781 600 1810 esse
631 1770 791 1812 dicebat
831 1770 1070 1824 indignum,
1112 1783 1159 1812 ex
1190 1770 1385 1824 Apolline
1419 1771 1679 1825 procreatum
1709 1772 1825 1824 patre

326 1837 411 1879 leui
442 1839 482 1880 et
513 1838 654 1893 glabro
687 1839 981 1892 simillimoque
1011 1840 1197 1892 inpuberi
1227 1840 1288 1881 ita
1318 1841 1534 1882 barbatum
1556 1840 1690 1881 filium
1712 1839 1825 1894 fingi,

328 1907 375 1949 ut
404 1907 447 1949 in
477 1907 647 1960 ancipiti
687 1908 962 1961 relinquatur,
1004 1909 1096 1950 uter
1136 1920 1277 1950 eorum
1307 1910 1422 1962 pater
1454 1909 1529 1959 sit,
1573 1909 1665 1950 uter
1696 1908 1821 1960 filius,

325 1975 453 2017 immo
483 1989 535 2018 an
565 1976 648 2017 sint
678 1976 838 2031 generis
870 1977 910 2018 et
941 1977 1195 2031 cognationis
1226 1978 1381 2019 unius?
1427 1990 1530 2031 quae
1562 1991 1656 2019 cum
1687 1977 1825 2019 omnia
1838 1991 1870 2017 25

326 2045 471 2087 fierent
501 2045 542 2086 et
573 2057 668 2087 cum
698 2045 908 2100 sacrilegis
939 2045 1087 2098 praedo
1117 2046 1381 2088 inrisionibus
1412 2047 1625 2097 iocaretur,
1657 2047 1692 2088 si
1724 2046 1822 2088 sub-

326 2114 413 2156 erat
451 2127 604 2156 numen
641 2114 684 2155 in
723 2114 860 2155 statua
900 2114 1055 2155 nomini
1099 2115 1184 2156 eius
1215 2115 1502 2168 maiestatique
1541 2117 1719 2166 sacrata,
1752 2127 1823 2156 cur

326 2183 406 2224 oris
450 2183 741 2224 contumeliam
780 2182 956 2237 leuigati
987 2184 1027 2224 et
1057 2183 1314 2226 dehonestati
1355 2184 1498 2226 uultus
1532 2196 1612 2226 non
1642 2183 1751 2225 iusta
1782 2183 1823 2225 et

323 2252 470 2293 merita
499 2253 734 2305 persecutus
765 2251 827 2293 est
857 2252 1014 2294 ultione
1044 2252 1424 2306 demonstrauitque
1456 2253 1531 2294 hoc
1552 2253 1673 2303 facte,
1707 2253 1749 2294 et
1779 2265 1821 2294 se

459 2344 480 2379 8
505 2354 580 2388 sqq.
606 2344 629 2379 1.
657 2354 685 2378 c.
709 2343 742 2386 4,
769 2344 812 2378 52

367 2424 387 2458 1
413 2424 443 2458 si
467 2424 552 2468 quid
576 2435 596 2458 a
620 2424 784 2469 quopiam
805 2424 896 2459 Sab:
922 2424 951 2459 si
977 2425 1082 2469 quida
1106 2426 1240 2470 copiam
1259 2426 1294 2460 P
1416 2426 1438 2460 3
1462 2426 1630 2460 lacunam
1653 2426 1819 2471 siynaui:

322 2481 482 2515 scelerosi
505 2481 566 2515 uel
588 2481 702 2515 simile
718 2482 868 2515 uerbum
892 2482 1119 2517 intercidisse
1136 2483 1286 2517 uidetur
1423 2483 1567 2516 crimine
1584 2483 1644 2517 uel
1668 2482 1819 2517 momine

328 2538 396 2573 Urs
550 2538 679 2582 fligant
702 2539 891 2573 Meursius
1045 2539 1063 2573 7
1088 2539 1309 2584 gingritibus
1336 2539 1429 2574 Sab:
1454 2539 1673 2583 ginglitibus
1698 2540 1734 2574 P

319 2596 342 2630 8
366 2596 573 2640 Cyzicenum
603 2595 686 2630 Gal.-
719 2597 926 2640 cyzigenum
951 2597 987 2631 P
1140 2597 1341 2641 quindecim
1375 2597 1443 2632 Urs
1594 2597 1637 2632 10
1661 2597 1817 2631 fucatum

320 2652 411 2688 Sal).-
435 2652 598 2698 fugatum
615 2654 649 2686 P
784 2653 833 2687 si*
852 2654 888 2688 P
1027 2654 1069 2688 13
1094 2654 1277 2699 dyonisius
1293 2655 1328 2689 P
1467 2655 1510 2689 15
1534 2654 1637 2689 illum
1655 2653 1726 2688 Sal>

318 2710 350 2744 i¹¹
375 2710 411 2744 P
547 2711 590 2745 16
613 2721 783 2755 naporum
811 2711 930 2745 Salm:
954 2721 1118 2755 uaporem
1144 2712 1180 2746 P
1202 2722 1394 2756 uaporeum
1418 2712 1489 2747 Sab
1633 2712 1675 2746 21
1702 2711 1816 2755 philo-

319 2766 445 2811 sophae
469 2767 781 2802 Hildebrandius:
805 2768 1050 2812 philosophiae
1073 2768 1109 2802 P
1131 2768 1404 2813 phylosophicae
1430 2769 1503 2804 Sab
1673 2768 1718 2803 25
1742 2767 1815 2802 sint

320 2823 415 2859 Sab:
442 2823 489 2858 sit
513 2825 548 2859 P
685 2826 728 2860 26
754 2826 927 2860 iocaretur
959 2825 1045 2860 Urs:
1074 2826 1274 2870 loqueretur
1299 2827 1334 2861 P
