2032 3248
411 228 493 267 210
1041 225 1286 271 Appendix.

409 332 558 369 51111161
580 331 740 378 detecta,
764 342 856 379 quos
893 332 1036 371 Paulus
1057 332 1249 380 apostolus
1285 331 1360 369 iam
1395 333 1486 369 tunc
1506 332 1747 379 praeuiderat
1767 333 1919 371 dicens:

408 399 704 447 quorundam
744 399 985 439 hominum
1015 402 1221 450 peccata
1248 399 1518 438 manifesta
1566 402 1677 438 sunt
1726 412 1918 449 praece-

408 468 576 507 dentia
605 469 659 506 ad
695 468 954 516 iudicium,
994 470 1221 519 quosdam
1262 470 1422 507 autem
1454 470 1500 506 et
1535 469 1917 517 subsequuntur.

408 537 645 576 similiter
699 540 855 577 61116111
909 540 957 578 61
1011 539 1145 578 facta
1200 539 1323 576 bona
1378 538 1641 577 manifesta
1680 540 1818 585 sunt,
1873 540 1919 577 et

407 617 734 655 quaecumque
772 607 922 646 aliter
963 619 1010 647 se
1049 608 1234 646 habent
1275 607 1518 645 abscondi
1565 619 1656 646 non
1696 610 1946 656 possunt.5

340 672 395 710 34
465 674 518 713 Α1
540 677 670 714 6011116
690 678 729 714 61
749 676 825 724 ipsi
847 677 998 715 dicunt:
1026 669 1215 715 ‘nonnulli
1238 677 1283 714 de
1305 676 1627 724 contemptoribus
1648 676 1790 715 nostris
1812 677 1917 715 simi-

407 744 498 782 liter
518 744 679 783 feminas
700 746 884 784 habentes
906 746 945 784 in
974 745 1146 784 domibus
1176 746 1401 794 martyrium
1433 745 1624 784 consecuti
1646 747 1753 793 sunt,
1795 746 1839 783 ut
1859 745 1919 783 in-

406 824 546 852 nocens
568 813 668 852 inter
689 813 776 853 illos
797 814 1029 853 conscientia
1049 808 1299 862 probaretur'.
1323 815 1410 853 nolo
1432 814 1528 852 mihi
1549 815 1594 852 de
1615 814 1800 862 martyrio
1817 815 1919 863 quis-

406 894 519 930 quam
559 885 709 921 moueat
738 883 945 931 actionem,
988 883 1077 931 quia
1119 883 1270 931 saepius
1305 885 1343 922 et
1383 883 1530 922 moechi
1553 886 1590 921 et
1612 882 1850 931 sanguinarii
1881 884 1919 921 et

405 951 605 991 ebriosiet
626 952 793 990 omniurn
815 953 999 991 scelerum
1018 952 1075 991 rei
1096 954 1249 1001 reperta
1265 951 1511 1001 pugnationis
1532 952 1727 990 occasione
1745 952 1917 990 conuersi
1931 964 1964 989 10

406 1023 626 1060 meruerunt
661 1022 709 1059 ad
741 1022 914 1071 martyrii
935 1022 1085 1061 ueniam
1106 1022 1320 1070 peruenire.
1357 1022 1441 1060 ideo
1471 1022 1571 1060 enim
1601 1022 1826 1070 martyrium
1847 1033 1916 1070 ap-

404 1090 571 1137 pellatur
591 1091 671 1128 tam
692 1102 829 1129 corona
850 1103 962 1139 quam
983 1091 1187 1139 baptisma,
1222 1091 1311 1139 quia
1332 1091 1504 1139 baptizat
1523 1091 1668 1139 pariter
1689 1092 1727 1128 61
1749 1092 1915 1129 60101161.

405 1170 474 1207 age
504 1171 616 1206 nunc,
648 1159 681 1198 si
716 1159 825 1198 licuit
846 1159 1074 1208 quibusdam
1111 1158 1298 1198 inuiolata
1318 1159 1544 1198 feminarum
1565 1158 1746 1198 societate
1767 1161 1916 1208 marty-

405 1228 503 1266 rium
523 1228 742 1276 promereri,
765 1229 846 1267 sine
874 1228 1114 1277 indulgentia
1144 1228 1224 1266 illis
1254 1238 1402 1276 quoque
1432 1227 1557 1276 ipsum
1588 1228 1813 1277 martyrium
1841 1240 1916 1267 non

403 1296 491 1344 fuit,
514 1308 607 1345 quos
629 1298 757 1336 reatus
787 1297 1004 1345 prohibitae
1036 1297 1397 1336 contubernalitatis
1427 1308 1503 1335 non
1535 1296 1713 1344 absoluit,
1751 1308 1821 1335 nec
1850 1297 1911 1334 in·
1928 1309 1959 1334 15

404 1368 585 1405 nocentes
607 1366 647 1404 in
668 1366 753 1415 ipsa
774 1366 993 1406 innocentia
1015 1367 1141 1414 potuit
1161 1366 1369 1414 adprobare
1382 1395 1391 1413 ,
1422 1366 1559 1414 quibus
1581 1366 1837 1413 contemptum
1858 1366 1915 1404 le-

404 1435 465 1484 gis
487 1437 525 1474 et
546 1435 846 1474 conuersationis
885 1436 1045 1475 illicitae
1081 1435 1304 1475 foeditatem
1333 1437 1371 1473 61
1402 1436 1502 1483 quod
1532 1436 1591 1474 est
1611 1435 1767 1483 grauius
1803 1447 1916 1484 super

403 1504 528 1543 omnia
549 1504 690 1543 crimen
711 1505 894 1543 ecclesiae
918 1505 1085 1543 cernitur
1105 1504 1312 1553 ignouisse,
1335 1504 1475 1543 etenim
1495 1505 1607 1543 noxia
1624 1506 1681 1542 est
1700 1504 1916 1543 innocentia

406 1584 501 1621 quae
523 1585 684 1621 sponsae
707 1573 852 1612 Christi
873 1573 992 1613 officit
1013 1574 1149 1613 famae.
1191 1575 1229 1612 et
1264 1586 1349 1612 cum
1381 1573 1554 1612 Christus
1585 1585 1706 1622 agnus
1737 1573 1914 1612 innocens

401 1642 515 1681 immo
537 1642 618 1691 ipse
639 1643 815 1681 caelestis
836 1642 1065 1690 innocentia,
1089 1643 1189 1691 quod
1206 1644 1264 1681 est
1281 1642 1424 1690 uerius,
1445 1643 1568 1680 totum
1587 1654 1626 1680 se
1644 1641 1914 1690 contempserit
1928 1654 1960 1680 20

404 1722 472 1759 pro
493 1712 663 1759 ecclesia,
699 1714 742 1750 ut
778 1723 862 1750 eam
884 1712 966 1751 sine
988 1712 1139 1750 macula
1174 1711 1253 1750 ulla
1283 1711 1346 1750 uel
1376 1723 1472 1760 ruga
1502 1711 1677 1748 redderet
1698 1710 1912 1758 inlibatam,

403 1780 528 1827 qualis
550 1781 609 1819 est
631 1780 789 1819 clericus
811 1781 871 1819 cui
893 1782 941 1819 ad
962 1781 1033 1820 hoc
1050 1792 1189 1829 sponsa
1205 1780 1349 1818 Christi
1365 1780 1627 1827 committitur,
1650 1781 1694 1818 ut
1715 1791 1782 1828 pro
1799 1778 1912 1817 unius

401 1849 565 1888 feminae
587 1861 713 1888 amore
734 1849 880 1898 culpari
900 1852 1022 1889 totam
1043 1849 1242 1888 ecclesiam
1263 1850 1460 1898 patiatur?
1484 1849 1605 1887 ausim
1626 1848 1769 1887 dicere:
1793 1860 1815 1886 a
1832 1848 1911 1886 Deo

401 1919 511 1965 patre
532 1917 675 1956 missus
696 1920 756 1956 est
778 1918 880 1956 filius
902 1920 947 1957 de
969 1919 1057 1957 sinu
1077 1919 1199 1966 patris
1223 1920 1261 1956 et
1282 1929 1398 1967 regno
1420 1918 1558 1956 absens
1580 1929 1660 1956 esse
1683 1917 1847 1963 durauit‚
1868 1918 1912 1955 ut

401 1986 601 2038 ecclesiam
621 1986 763 2025 faceret
783 1987 1043 2035 innocentem,
1077 1990 1114 2026 et
1144 1987 1303 2026 clericus
1324 1987 1495 2026 mulieris
1516 1987 1618 2025 latus
1640 1987 1813 2025 deserere
1836 1997 1910 2024 non
1925 1996 1957 2022 25

400 2057 540 2103 potest,
562 2067 610 2094 ne
633 2055 776 2094 Christi
798 2056 998 2095 ecclesiam
1019 2057 1155 2095 reddat
1176 2056 1386 2094 infamem?

333 2132 385 2170 35
457 2125 530 2162 Sed
550 2125 677 2163 aiunt:
698 2116 754 2162 ‘in
775 2126 955 2175 martyrio
976 2125 1188 2174 ignoscitur
1209 2126 1332 2173 nobis7
1364 2125 1463 2163 sicut
1483 2124 1674 2162 indultum
1694 2125 1752 2162 651
1773 2134 1910 2172 paren-

400 2193 503 2232 tibus
524 2182 695 2232 nostris'.
718 2193 788 2233 hoc
809 2205 898 2242 ergo
921 2196 959 2233 et
980 2206 1049 2233 nos
1071 2205 1199 2233 omnes
1224 2195 1268 2232 de
1290 2193 1458 2242 peccatis
1476 2193 1649 2232 omnibus
1667 2192 1909 2239 confidamus,

489 2352 511 2385 2
535 2351 554 2385 I
579 2352 669 2386 Tim.
696 2352 728 2394 5,
754 2353 810 2387 24.

491 2502 511 2536 1
535 2502 560 2538 1.
587 2504 615 2538 1.
640 2503 846 2547 prouiderat
877 2502 915 2544 G,
940 2501 1166 2547 praeuiderat
1191 2502 1263 2536 iam
1288 2504 1374 2536 tunc
1397 2512 1419 2537 v
1551 2500 1572 2535 3
1598 2511 1661 2535 sua
1687 2499 1907 2543 subsequun-

397 2560 456 2593 tur
480 2571 502 2594 v
677 2560 697 2594 7
723 2560 890 2595 innocens
915 2559 1010 2594 inter
1033 2559 1116 2594 illos
1148 2559 1185 2601 G,
1212 2559 1359 2594 illorum
1383 2558 1552 2593 innocens
1576 2569 1598 2593 v
1778 2557 1821 2591 10
1845 2567 1908 2601 pu-

397 2617 580 2660 gnationis
612 2617 649 2659 0,
676 2628 817 2662 pugnae
841 2629 862 2653 v
1041 2617 1085 2651 12
1109 2617 1194 2661 quia
1219 2627 1265 2652 ex
1290 2616 1352 2661 qui
1377 2616 1406 2651 Ο
1607 2615 1650 2650 13
1674 2614 1817 2650 licuerit
1841 2625 1862 2648 v

398 2674 442 2708 14
466 2675 657 2719 promereri
685 2675 715 2710 G
736 2674 769 2709 ri
792 2675 834 2709 in
857 2685 931 2709 ras.
1016 2685 1153 2719 quoque
1178 2674 1253 2708 illis
1278 2673 1492 2718 martyrium
1518 2671 1636 2716 ipsum
1653 2682 1673 2706 v
1768 2671 1812 2705 15
1836 2681 1906 2705 non

403 2730 433 2765 G
454 2741 481 2765 8.
508 2731 530 2765 l.
556 2743 600 2766 m.
626 2735 649 2767 2
759 2732 802 2766 17
827 2731 980 2766 illicitae
1011 2732 1040 2767 0
1063 2732 1105 2766 in
1130 2742 1202 2766 ras.
1228 2742 1272 2766 m.
1299 2733 1322 2766 2
1438 2729 1481 2763 19
1506 2728 1600 2763 fame
1626 2729 1655 2764 C
1679 2739 1697 2762 e
1721 2729 1762 2763 in
1787 2738 1858 2762 ras.

397 2787 443 2821 20
466 2789 583 2823 uerius
614 2790 644 2825 Ο
666 2801 685 2824 6
709 2790 750 2824 in
773 2800 848 2826 ras.
1042 2789 1088 2824 23
1113 2789 1283 2823 audemus
1307 2799 1328 2823 v
1519 2787 1564 2821 28
1588 2786 1720 2821 nostris
1745 2796 1813 2820 om.
1839 2796 1861 2820 v

398 2845 561 2880 omnibus
593 2847 629 2888 O,
659 2847 790 2882 nostris
816 2858 837 2882 v

2023 1939 2032 1988 ψ...
2024 1829 2032 1932 ma».
2028 1819 2032 1822 ,
2027 1774 2032 1806 «Δ.
