2032 3248
788 204 915 239 Liber
949 204 993 238 11.
1578 206 1630 248 83

148 322 298 370 cerent,
346 323 392 361 nt
422 322 625 373 gererent,
673 322 718 360 ut
748 320 1063 372 percelebrarent
1105 320 1201 361 haec
1233 320 1359 369 mala,
1393 322 1418 371 †
1450 320 1630 361 habitare

148 392 266 442 atque
288 389 469 430 habitare
492 389 623 429 iussae
644 393 738 429 sunt
760 388 830 428 has
852 389 984 440 partes
1010 389 1049 429 et
1071 388 1236 428 humani
1259 389 1434 440 corporis
1463 389 1630 430 circum-

149 459 316 500 iectione
355 457 529 498 uestiri?
575 459 614 497 et
647 456 879 497 mortalium
912 456 1124 508 quisquam
1157 458 1217 498 est
1250 457 1418 499 rationis
1459 457 1631 499 alicuius

148 526 347 578 accipiens
370 538 542 569 sensum,
567 526 634 577 qui
657 525 886 566 ordinatum
910 525 1115 566 existimet
1137 527 1334 567 mundum
1354 540 1423 579 per
1446 527 1517 569 has
1548 540 1632 568 esse

121 608 193 636 sac
224 608 299 635 non
323 594 457 646 potius
490 593 623 634 sedem
646 606 690 634 ac
712 593 962 634 domicilium
1000 594 1290 644 constitutum,
1337 595 1378 635 in
1410 608 1486 648 quo
1517 608 1632 638 omne

149 664 294 705 cotidie
326 664 625 716 per1·›et1·a1·etur
647 662 770 711 nefas,
805 662 1002 703 maleficia
1034 664 1175 703 cuncta
1204 663 1429 712 confierent,
1463 664 1631 705 insidiae

149 732 308 773 fraudes
341 731 422 771 (loli
453 731 626 772 auaritia
657 731 817 783 rapinae
849 731 910 771 uis
942 732 1070 772 scelus
1103 731 1269 774 audacia
1298 732 1523 774 obscenitas
1546 735 1632 775 tur-

149 801 289 854 pitudo
329 800 550 853 flagitium,
596 799 702 840 mala
742 800 875 840 omnia
907 802 1057 848 cetera,
1102 813 1202 852 qnae
1234 801 1274 841 in
1317 801 1410 842 orbe
1451 801 1633 843 homines

150 872 234 910 toto
272 869 406 909 mente
443 869 559 909 noxia
597 868 759 919 pariunt
790 869 829 908 et
860 868 995 909 labem
1027 869 1312 910 machinantur
1343 870 1386 911 111
1416 872 1633 912 mutuam?

107 958 137 981 ιο
152 940 217 979 sed
251 950 343 987 sua,
376 937 559 988 inquitis,
594 936 824 985 uoluntate,
865 950 939 978 non
972 937 1080 991 regis
1112 938 1302 979 missione
1334 940 1543 980 uenerunt.
1592 940 1632 981 et
1647 937 1697 975 44

151 1006 219 1047 ubi
251 1008 364 1058 pater
396 1005 647 1059 omnipotens
679 1005 775 1053 fuit,
821 1006 890 1045 ubi
922 1006 1056 1059 regiae
1099 1007 1369 1048 sublimitatis
1400 1008 1632 1062 auctoritas,

151 1076 196 1115 nt
227 1088 291 1115 eas
325 1074 554 1126 prohiberet
586 1074 797 1115 abscedere
829 1088 899 1116 nec
931 1075 971 1115 in
1003 1076 1243 1128 praecipites
1275 1076 1358 1117 labi
1380 1077 1635 1128 permitteret

152 1143 416 1196 uoluptates?
447 1143 480 1184 si
512 1143 618 1183 enim
652 1143 869 1196 degeneres
902 1143 1058 1185 futuras
1081 1144 1258 1185 locorum
1280 1145 1634 1186 immutationibus

152 1212 303 1252 sciebat
336 1236 385 1240 -
419 1212 521 1252 scire
552 1213 686 1252 autem
722 1212 914 1253 debuerat
951 1225 1162 1254 causarum
1194 1215 1239 1254 ut
1271 1214 1454 1255 omnium
1486 1213 1635 1255 consti-

108 1297 137 1321 15
152 1281 262 1321 tutor
298 1308 340 1311 -
378 1281 448 1320 aut
482 1281 728 1321 extrinsecus
770 1281 924 1333 aliquid
966 1294 1219 1323 accessurum
1252 1282 1314 1323 his
1348 1295 1450 1332 esse,
1488 1281 1492 1336 Ι
1529 1282 1634 1335 quod
1650 1287 1670 1319 f.
1685 1289 1727 1320 49

153 1362 218 1390 eas
257 1349 406 1390 faceret
453 1349 641 1390 obliuisci
687 1362 779 1390 suae
821 1350 1034 1403 dignitatis
1076 1352 1115 1391 et
1155 1351 1308 1392 decoris
1340 1377 1393 1380 —
1426 1350 1558 1391 milies
1591 1353 1636 1391 ut

152 1417 334 1470 ignoscat
374 1418 574 1458 orauerim
609 1442 660 1446 —
692 1418 971 1459 uniuersorum
1013 1420 1210 1460 scelerum
1251 1431 1326 1459 non
1367 1419 1474 1460 alius
1514 1432 1635 1472 quam

154 1486 236 1538 ipse
274 1487 334 1527 est
373 1498 510 1527 causa:
563 1486 763 1538 siquidem
807 1499 1018 1539 perpessus
1058 1488 1118 1528 est
1157 1488 1352 1541 euagandi
1394 1500 1459 1529 eas
1489 1488 1635 1529 habere

153 1554 215 1595 ius
246 1554 419 1595 liberum
450 1567 547 1607 quas
579 1556 805 1596 retenturas
838 1567 913 1596 non
947 1568 1030 1596 esse
1052 1555 1306 1609 integritatis
1330 1569 1424 1597 suae
1448 1556 1635 1597 habitum

108 1640 139 1665 20
153 1622 402 1675 prouidebat,
436 1625 556 1675 atque
587 1623 645 1664 ita
677 1623 894 1676 perficitur,
930 1624 974 1664 ut
1003 1624 1104 1664 nihil
1127 1624 1289 1666 intersit
1311 1625 1469 1665 omnino
1491 1626 1635 1666 uolun-

153 1692 279 1732 tariae
317 1691 500 1732 uenerint
538 1704 586 1732 an
627 1691 737 1731 illius
778 1692 1150 1744 obtemperauerint
1189 1692 1375 1743 iussioni,
1423 1706 1515 1734 cum
1559 1705 1635 1734 non

153 1760 396 1811 prohibendo
427 1761 531 1812 quod
565 1762 798 1813 oportuerat
830 1761 1035 1813 prohiberi
1069 1762 1286 1803 cessatione
1317 1762 1468 1803 crimen
1499 1761 1638 1803 fecerit

154 1828 359 1880 proprium
400 1832 438 1868 et
480 1829 714 1869 retentionis
756 1829 1085 1870 dissimulatione
1125 1830 1356 1883 permiserit
1396 1831 1518 1884 prius.
1567 1832 1635 1871 sed
1652 1831 1701 1870 45

154 1896 291 1947 procul
323 1896 420 1937 haec
451 1897 570 1937 abeat
603 1898 819 1938 sceleratae
852 1898 1050 1950 opinionis
1085 1898 1334 1949 immanitas,
1368 1900 1413 1939 ut
1436 1899 1533 1940 deus
1555 1910 1638 1939 cre-

110 1965 270 2005 2511131111·
302 1965 566 2017 omnipotens,
615 1978 855 2019 magnarum
895 1968 934 2007 et
974 1966 1244 2007 inuisibilium
1287 1980 1421 2008 rerum
1459 1967 1566 2008 sator
1597 1967 1636 2006 et

155 2033 354 2081 conditor,
393 2035 639 2085 procreator,
673 2036 757 2074 tam
790 2034 959 2075 mobiles
992 2035 1146 2076 animas
1177 2035 1382 2089 genuisse,
1421 2034 1635 2088 grauitatis

155 2114 200 2141 ac
230 2102 414 2152 ponderis
446 2102 774 2154 constantiaeque
805 2103 978 2152 nullius,
1022 2104 1063 2143 in
1095 2104 1197 2144 uitia
1229 2104 1390 2154 labiles,
1428 2104 1468 2144 in
1499 2115 1638 2156 pecca-

155 2171 287 2210 torum
318 2182 462 2223 genera
496 2171 682 2211 uniuersa
713 2171 900 2221 declines,
934 2184 1104 2224 cumque
1136 2184 1201 2213 eas
1231 2172 1332 2213 tales
1355 2172 1474 2224 atque
1496 2170 1638 2211 huius-

206 2412 217 2443 l
245 2408 379 2442 aditarc
410 2408 599 2441 oehlerus:
638 2409 805 2441 lacunam
839 2408 983 2451 sigmaro
1016 2409 1154 2441 mrumlt
1181 2409 1330 2442 Zlnlu'us
1490 2408 1510 2441 2
1535 2410 1637 2451 atquc

157 2465 315 2499 habitare
333 2476 384 2498 om
406 2464 475 2497 Sao
636 2465 747 2497 iussae
773 2466 853 2497 sunt
875 2463 957 2497 Gal:
984 2464 1159 2497 iusserunt
1179 2466 1212 2498 P
1369 2465 1391 2499 4
1410 2466 1479 2509 per]
1500 2467 1637 2509 propter

158 2523 254 2556 ›b'alm
393 2523 412 2552 Γ»
437 2520 623 2554 confierent
649 2520 738 2553 Sub:
764 2520 970 2554 conficerent
990 2521 1022 2554 P
1157 2522 1177 2554 9
1195 2523 1343 2555 amente
1362 2523 1396 2556 P
1532 2521 1638 2555 maci-

157 2582 282 2613 nantui·
312 2580 343 2613 1²
367 2589 445 2612 corr
472 2588 488 2610 r
645 2579 685 2610 ll>
710 2577 860 2610 iussione
888 2577 958 2610 Sub
1110 2579 1147 2611 at
1175 2578 1246 2611 Sub
1391 2580 1433 2612 1⁶2
1458 2578 1638 2615 abscedere

159 2636 242 2669 Gel:
268 2636 473 2669 abscondere
494 2635 525 2668 P
548 2633 771 2667 absconderet
790 2633 1059 2667 Istas-suzannam
1198 2637 1420 2679 permitteret
1446 2636 1537 2669 Sub:
1563 2646 1636 2678 per-

157 2693 295 2726 mittere
321 2694 354 2726 P
494 2692 533 2725 13
559 2691 741 2733 degeneres
770 2690 859 2724 Sao:
889 2690 1052 2734 degenere
1080 2692 1113 2725 P
1251 2694 1291 2726 17
1318 2693 1483 2726 scelerum
1509 2692 1637 2726 addida·

159 2749 325 2782 malorum
351 2749 424 2783 add
452 2748 723 2782 Klmmanmw
883 2749 926 2780 2⁴)
953 2748 1180 2791 pra-iniciebat
1208 2749 1277 2783 Sub
1441 2749 1638 2783 uoluntario

160 2808 226 2841 Sub
363 2808 406 2841 24
430 2808 530 2840 abeat
558 2807 647 2840 Sab:
673 2805 802 2838 habeat
829 2805 858 2836 P
996 2806 1038 2840 ‘27
1065 2807 1118 2854 ine
1143 2805 1359 2851 pcccatorum
1386 2808 1420 2842 P

1456 2887 1504 2919 6*
