2032 3248
345 273 400 315 22
977 270 1220 314 AppendiX.

348 381 507 417 mortes:
530 379 626 416 nihil
648 380 727 416 tam
749 388 915 423 saeuum,
947 378 1022 413 tam
1046 377 1192 423 durum,
1222 379 1300 414 tam
1331 377 1454 422 triste,
1485 387 1597 423 quam
1619 373 1800 413 cecidisse
1822 375 1868 412 de

351 447 428 485 alto
450 447 653 494 pudicitiae
670 446 804 494 gradu.
829 445 933 492 digni
955 446 1060 482 tanto
1083 445 1218 482 iudicis
1241 444 1366 482 diuini
1388 444 1566 492 praemio,
1589 455 1748 491 quorum
1768 443 1868 481 alter

352 517 456 563 regio
489 527 603 563 paene
634 516 769 552 throno
802 513 1085 560 inlustraretur,
1115 514 1234 552 altera
1270 512 1467 551 concordia
1487 512 1615 550 mariti
1637 512 1768 550 dotata
1790 510 1863 548 ini-

350 585 529 622 micorum
559 583 741 621 mortibus
762 582 1022 620 redimeretur.
1055 582 1148 619 11366
1169 583 1258 620 sunt
1279 584 1317 619 et
1342 581 1403 619 his
1424 580 1567 618 similia
1587 590 1735 628 semper
1755 579 1865 618 nobis

350 656 436 690 ante
457 652 584 690 oculos
608 651 778 699 exempla
798 651 982 698 ponenda,
1003 650 1062 688 his
1083 651 1193 698 paria
1211 650 1347 688 diebus
1368 649 1618 697 noctibusque
1634 649 1862 687 meditanda.
1879 662 1895 686 5

279 720 327 756 11
401 720 509 758 Nihil
530 720 696 758 animum
718 719 867 756 fidelem
887 719 942 756 sic
963 719 1127 757 delectat
1148 731 1259 767 quam
1287 719 1438 766 integra
1459 717 1679 756 inmaculati
1709 717 1863 766 pudoris

348 789 591 828 conscientia.
623 789 856 836 uoluptatem
887 787 1023 825 uicisse
1055 788 1233 835 uoluptas
1256 789 1315 825 est
1336 788 1519 826 maxima:
1553 798 1621 824 1166
1645 787 1724 824 11113
1744 786 1863 824 maior

348 860 407 895 est
428 857 587 895 uictoria
607 868 719 905 quam
740 868 783 895 ea
805 866 901 904 quae
922 857 968 894 de
989 857 1264 904 cupiditatibus
1295 857 1470 895 refertur.
1505 857 1569 904 qui
1599 857 1746 895 hostem
1767 855 1862 893 uicit

340 926 475 964 fortior
503 925 588 972 fuit,
618 926 683 964 sed
717 925 865 964 altero:
899 925 964 973 qui
1001 925 1199 963 libidinem
1219 926 1401 974 repressit
1435 937 1474 964 se
1500 926 1581 973 ipso
1602 925 1736 963 fortior
1765 924 1859 963 fuit:

340 995 404 1043 qui
426 995 619 1033 inimicum
639 995 849 1042 prostrauit
870 997 1064 1032 externum
1094 996 1240 1033 hostem
1273 995 1481 1043 percussit:
1515 994 1579 1042 qui
1609 993 1855 1042 cupiditatem
1870 1008 1904 1032 10

340 1063 525 1111 depressit
545 1063 692 1102 hostem
714 1063 959 1102 domesticum
981 1063 1187 1111 superauit.
1221 1064 1362 1102 malum
1385 1074 1494 1102 omne
1515 1062 1668 1101 facilius
1689 1062 1855 1101 uincitur

340 1144 450 1180 quam
467 1133 655 1180 uoluptas,
678 1133 766 1181 quia
782 1133 877 1171 illud
894 1132 1077 1181 quidquid
1098 1135 1157 1171 est
1179 1133 1371 1172 horridum
1393 1135 1463 1181 est,
1486 1133 1557 1171 hoc
1579 1133 1759 1170 blandum
1781 1134 1854 1170 est.

338 1202 433 1239 nihil
455 1205 533 1240 tam
556 1202 708 1240 difficile
730 1185 955 1250 obprimitur
976 1213 1088 1249 (1113111
1106 1203 1206 1249 (111οᾶ
1226 1214 1293 1250 per
1308 1203 1406 1240 illud
1423 1203 1605 1240 armatur.
1628 1201 1692 1249 qui
1709 1201 1853 1249 cupidi-

339 1273 437 1309 tates
474 1270 577 1309 tollit
605 1273 643 1308 et
673 1272 797 1309 metus
834 1270 1011 1308 sustulit:
1049 1282 1137 1308 113111
1159 1281 1204 1308 ex
1232 1270 1507 1318 cupiditatibus
1537 1271 1659 1308 metus
1680 1269 1852 1308 ueniunt.

339 1339 403 1387 qni
423 1339 653 1387 cupiditates
674 1339 768 1378 uicit
789 1340 833 1377 de
855 1341 1009 1386 peccato
1030 1339 1300 1387 triumphauit,
1324 1339 1388 1387 qui
1410 1339 1638 1387 cupiditates
1660 1338 1752 1376 uicit
1774 1350 1850 1377 ma·
1866 1353 1899 1378 1⁵

338 1409 415 1446 lum
445 1408 594 1456 generis
623 1408 778 1446 humani
799 1409 868 1446 sub
890 1408 1051 1455 pedibus
1073 1408 1152 1446 suis
1174 1408 1296 1447 iacere
1318 1407 1499 1454 ostendit,
1533 1408 1598 1455 qui
1620 1407 1850 1455 cupiditates

340 1477 431 1514 uicit
450 1488 579 1524 pacem
611 1477 683 1515 sibi
704 1478 924 1524 perpetuam
945 1476 1061 1523 dedit,
1084 1476 1149 1524 qui
1171 1477 1400 1524 cupiditates
1421 1476 1516 1514 uicit
1537 1476 1755 1515 libertatem
1777 1477 1851 1516 sibi

338 1546 436 1593 quod
466 1548 524 1583 est
553 1546 666 1584 etiam
704 1545 878 1593 ingenuis
911 1545 1178 1584 difficillimum
1208 1547 1386 1584 reddidit.
1426 1546 1644 1584 meditanda
1673 1548 1731 1585 est
1762 1558 1850 1595 ergo

338 1616 458 1661 nobis,
482 1614 633 1660 fratres,
656 1616 698 1652 ut
720 1626 779 1652 res
801 1615 948 1661 docent,
980 1625 1127 1662 semper
1147 1615 1351 1662 pudicitia:
1384 1627 1456 1663 quo
1478 1615 1626 1654 facilior
1647 1616 1710 1667 sit,
1732 1616 1850 1654 nullis

340 1682 486 1720 artibus
504 1683 664 1720 constat.
692 1694 786 1730 quae
804 1682 902 1720 6111111
920 1683 1025 1720 illam
1043 1686 1277 1721 consummat
1294 1683 1472 1722 uoluntas
1493 1687 1563 1731 est,
1582 1695 1677 1731 quae
1693 1695 1760 1722 nec
1776 1685 1850 1722 nisi
1865 1695 1901 1721 20

433 1906 451 1941 1
480 1906 609 1939 mortis
635 1907 676 1943 Ζ,
701 1917 814 1941 mores
839 1907 880 1941 K
885 1909 894 1925 ¹
1013 1918 1112 1942 senos
1137 1908 1170 1942 Z
1292 1908 1417 1942 durum
1445 1908 1516 1942 fuit
1541 1910 1573 1943 Z
1688 1909 1708 1942 :2
1734 1909 1849 1943 diuini

339 1962 467 1997 iudicis
492 1963 523 1996 Z
661 1964 797 1998 alterne
820 1965 853 1998 Z
1005 1964 1028 1999 3
1052 1965 1162 2010 regio]
1189 1965 1317 2010 religio
1341 1966 1375 2000 Z
1533 1967 1657 2010 altera]
1686 1967 1776 2001 alter
1801 1967 1850 2007 Κ,

339 2020 429 2053 alter
453 2020 604 2054 alterum
631 2022 665 2055 Z
775 2022 961 2057 concordia
985 2033 1031 2056 m.
1058 2022 1104 2066 d.]
1132 2022 1374 2057 concordando
1401 2026 1516 2057 totam
1543 2024 1575 2057 Z
1679 2024 1701 2058 4
1727 2023 1854 2058 morti-

339 2077 416 2121 bus]
442 2077 574 2111 mortui
600 2078 633 2112 Z
769 2079 971 2113 redderetur
995 2079 1070 2114 KZ
1205 2080 1225 2114 6
1251 2081 1368 2114 31111116
1393 2081 1427 2115 Ζ
1564 2081 1742 2125 integram
1767 2082 1801 2116 Z

338 2134 556 2168 inmaculata
581 2135 623 2169 K
643 2146 684 2170 cu
709 2146 735 2170 s.
762 2136 796 2178 1.,
822 2136 993 2171 maculari
1018 2137 1051 2171 Z
1166 2138 1185 2171 7
1211 2138 1464 2172 conscientiam
1481 2139 1514 2172 Z
1630 2139 1852 2173 uoluntatem

340 2202 369 2225 u.
396 2191 562 2226 uoluntas
580 2192 653 2226 KZ
769 2194 870 2228 nulla
886 2194 920 2227 Z
1048 2194 1070 2228 8
1095 2205 1135 2229 ea
1160 2206 1224 2229 om.
1245 2195 1278 2229 Z
1396 2195 1438 2230 de
1462 2206 1527 2230 om.
1546 2196 1589 2230 K
1717 2196 1852 2240 cupidi-

336 2250 412 2282 tate
439 2249 471 2282 Z
576 2250 597 2283 9
623 2249 748 2294 altero}
775 2252 811 2284 et
835 2251 940 2285 aliter
966 2252 998 2285 Z
1091 2252 1135 2286 10
1166 2252 1226 2296 qui
1252 2263 1279 2286 6.
1298 2251 1333 2288 (1.
1359 2252 1509 2298 hostem]
1537 2253 1746 2298 cupiditatis
1774 2255 1807 2288 Z

340 2306 384 2341 11
414 2307 594 2351 superauit
610 2318 676 2341 om.
695 2308 730 2341 Z
865 2309 977 2353 omne]
997 2319 1113 2343 nonne
1129 2310 1162 2343 Z
1306 2311 1350 2344 12
1375 2321 1480 2354 quam
1499 2321 1565 2345 o-m.
1584 2312 1619 2345 Z
1755 2312 1850 2356 quia]

338 2373 441 2405 quam
461 2363 495 2396 Z
585 2363 769 2409 quidquid]
797 2365 891 2408 quod
916 2366 951 2399 Z
1042 2357 1253 2401 orridaesuest
1279 2367 1328 2407 K,
1353 2367 1537 2402 horridum
1564 2369 1599 2402 Z
1688 2369 1746 2402 hic
1772 2370 1810 2401 K

337 2419 519 2464 blandum]
545 2421 724 2464 placencia
750 2422 785 2456 Z
896 2422 941 2458 13
966 2423 1136 2468 armatur]
1165 2423 1256 2468 quod
1280 2425 1423 2458 amatur
1448 2424 1539 2468 quod
1564 2435 1633 2459 non
1661 2427 1751 2459 esset
1776 2427 1808 2458 Z

337 2477 534 2521 cupiditate
561 2479 593 2512 Z
745 2481 789 2516 14
814 2481 923 2515 tollat
946 2482 999 2514 K¹
1146 2483 1280 2516 metum
1306 2483 1341 2516 Z
1486 2484 1528 2517 15
1554 2483 1750 2527 cupiditate
1776 2486 1809 2517 Z

338 2534 569 2578 cupiditatem
598 2537 632 2569 Z
814 2538 929 2572 uincit
953 2539 1011 2573 Kv
1196 2540 1399 2583 triumphat
1424 2551 1444 2574 v
1638 2541 1751 2575 uincit
1777 2543 1854 2586 Kv3

337 2590 421 2624 add.
447 2592 492 2625 Z:
525 2593 655 2627 mundo
688 2594 764 2638 ipso
790 2594 947 2639 superior
972 2594 1045 2629 fuit
1070 2596 1131 2639 qui
1166 2606 1287 2630 uerum
1314 2607 1349 2630 se
1376 2596 1590 2641 discipulum
1615 2598 1744 2632 christi
1770 2608 1850 2642 pro-

338 2647 440 2681 bauit
464 2649 524 2691 qui
549 2651 736 2694 antiquum
918 2652 966 2688 17
993 2652 1191 2697 cupiditate
1215 2654 1246 2686 Z
1428 2655 1473 2690 18
1498 2654 1603 2698 quod]
1633 2655 1750 2698 querit
1775 2655 1806 2688 Z

338 2705 446 2738 etiam
472 2708 526 2739 cst
553 2717 580 2747 υ,
607 2708 713 2742 etiam
740 2710 771 2741 Z
895 2709 931 2743 in
956 2710 1120 2754 ingenuis
1144 2711 1184 2743 K
1315 2712 1433 2747 reddit
1456 2723 1478 2747 v
1613 2714 1667 2746 est
1692 2722 1757 2746 om.
1786 2723 1806 2746 v

340 2761 384 2797 19
409 2772 430 2795 a
454 2762 553 2797 nobis
580 2765 619 2797 K
722 2770 762 2799 ut
786 2767 853 2810 res]
880 2767 1034 2801 uirtutes
1059 2768 1091 2800 Z
1200 2769 1281 2813 quo]
1310 2780 1376 2813 que
1403 2780 1508 2813 quam
1534 2770 1566 2802 Z
1676 2770 1722 2803 20
1746 2769 1847 2803 illam

339 2822 521 2853 consumat
545 2821 586 2861 Z,
611 2821 675 2855 illa
700 2826 943 2858 consummata
967 2824 1028 2859 Kv
1177 2828 1231 2860 est
1256 2837 1321 2861 om.
1347 2827 1391 2861 K
1525 2838 1586 2861 nec
1611 2827 1683 2860 nisi
1707 2827 1850 2870 scripsi.

338 2886 401 2910 nec
425 2877 464 2915 Z,
492 2877 558 2910 nisi
589 2880 664 2917 Kv;
689 2879 750 2913 sed
779 2881 890 2915 uerba
913 2882 1065 2926 qrauius
1089 2886 1261 2926 corrupta
1290 2884 1465 2918 uidentur
