2032 3248
302 227 383 269 104
704 228 896 263 Arnobii
929 229 1144 264 aduersus
1177 231 1391 265 nationes

300 341 470 383 cendum
504 342 900 395 condiscendumque
939 343 1127 397 curabat,
1174 356 1226 385 an
1269 344 1495 386 fulminum
1537 345 1698 387 casibus
1730 346 1802 387 aut

301 412 487 452 extorum
518 411 676 465 aliquid
706 411 1008 466 significaretur
1038 412 1081 453 in
1102 412 1246 454 uenis?
1278 413 1440 466 quando
1463 413 1645 456 siderum
1665 415 1802 455 motus

300 482 373 522 aut
403 481 508 522 ratio
540 482 680 535 coepta
711 485 772 522 est
804 481 1066 536 genethliaca
1102 481 1228 523 sciri?
1265 494 1346 523 non
1383 483 1478 536 post
1508 482 1689 524 Theutin
1720 483 1803 524 Ae—

301 550 494 603 gyptium
533 551 606 592 aut
643 551 737 605 post
767 550 1003 602 Atlantem,
1046 551 1093 592 ut
1132 550 1302 603 quidam
1332 550 1493 602 ferunt,
1540 553 1803 606 gestatorem,

207 627 231 661 f.
246 628 289 659 61
302 619 510 672 baiulum,
549 619 781 676 tibilcinem
818 620 941 662 illum
979 632 1025 662 ac
1063 620 1268 663 destinam
1305 621 1440 662 caeli?
1485 621 1555 663 sed
1594 621 1693 674 quid
1731 632 1805 675 ego
1838 639 1853 663 5

236 673 402 731 7⁰haec
431 691 587 742 parua?
632 688 712 743 ipsi
743 689 802 731 dii
831 688 1106 741 immortales,
1140 702 1313 742 quorum
1342 690 1463 732 modo
1494 689 1619 731 aditis
1651 689 1808 742 templa

304 759 346 800 et
376 758 547 800 numina
568 758 810 812 suppliciter
830 758 1025 809 adoratis,
1058 758 1166 800 sicut
1187 759 1336 800 uestris
1358 759 1511 801 litteris
1532 762 1654 812 atque
1674 758 1808 812 opini-

305 827 450 869 onibus
480 827 678 879 traditur,
718 840 798 869 non
830 839 942 878 esse,
983 839 1065 868 non
1097 827 1194 869 sciri
1225 829 1276 870 ab
1306 828 1561 882 temporibus
1593 827 1811 881 coeperunt

307 896 429 938 certis
461 898 501 938 et
529 896 736 950 impositis
768 896 986 938 nominum
1027 896 1373 951 appellationibus
1412 897 1668 951 nuncupari?
1715 909 1812 938 nam

307 965 343 1007 si
380 978 527 1007 uerum
565 966 626 1007 est
664 977 711 1007 ex
741 964 916 1007 Saturno
957 966 1082 1019 atque
1120 966 1206 1007 eius
1246 978 1376 1008 uxore
1412 965 1554 1007 Iouem
1595 965 1680 1007 suis
1719 979 1860 1010 cum10

306 1034 504 1076 fratribus
547 1036 826 1087 procreatum,
874 1036 969 1076 ante
1014 1035 1179 1088 nuptias
1219 1036 1260 1076 et
1297 1036 1439 1088 partus
1471 1033 1570 1089 Opis
1610 1047 1814 1088 nusquam

307 1103 440 1145 fuerat
461 1104 658 1157 Iuppiter,
688 1104 875 1158 Iuppiter
895 1105 983 1145 tam
1005 1116 1218 1158 supremus
1247 1116 1372 1157 quam
1394 1103 1576 1158 Stygius,
1609 1116 1814 1157 nusquam

309 1172 387 1214 sali
417 1173 628 1226 dominus,
659 1185 862 1227 nusquam
892 1172 1013 1224 Iuno,
1046 1173 1274 1226 quinimmo
1306 1173 1413 1215 alius
1443 1173 1584 1215 nullus
1613 1172 1814 1228 genitori-

308 1241 386 1283 bus
418 1241 575 1284 duobus
606 1242 784 1295 exceptis
816 1241 919 1284 caeli
949 1242 1168 1284 habitabat
1198 1242 1242 1284 in
1275 1242 1459 1293 sedibus,
1498 1242 1569 1284 sed
1600 1254 1647 1283 ex
1676 1254 1816 1283 eorum

312 1312 533 1353 concubitu
571 1311 756 1365 concepti
793 1313 833 1353 et
863 1311 950 1353 nati
989 1312 1086 1353 sunt
1117 1313 1158 1353 et
1191 1312 1382 1365 spiritum
1420 1312 1592 1353 hausere
1629 1312 1817 1353 uitalem.
1832 1329 1864 1353 15

313 1383 422 1422 certo
453 1392 549 1436 ergo
579 1394 603 1423 a
624 1384 807 1434 tempore
838 1381 938 1423 deus
968 1393 1055 1423 esse
1074 1380 1262 1435 Iuppiter
1293 1380 1439 1434 coepit,
1471 1382 1581 1423 certo
1612 1381 1746 1422 cultus
1777 1382 1819 1422 61

314 1449 513 1492 sacrificia
549 1449 809 1501 commereri,
849 1451 958 1492 certo
989 1449 1190 1492 fratribus
1221 1450 1264 1492 in
1301 1450 1581 1504 potestatibus
1612 1449 1818 1503 anteponi.

314 1530 454 1560 rursus
499 1530 594 1560 uero
639 1519 674 1559 si
718 1519 841 1560 Liber
885 1519 1023 1561 Venus
1068 1519 1200 1561 Diana
1244 1519 1472 1561 Mercurius
1518 1520 1668 1572 Apollo
1714 1520 1820 1560 Her-

317 1587 428 1629 cules
460 1588 621 1639 Musae,
654 1587 915 1642 Tyndaridae
945 1587 1130 1630 Castores
1160 1587 1471 1642 ignipotensque
1493 1587 1702 1630 Vulcanus
1724 1588 1821 1630 Ioue

317 1657 432 1710 patre
469 1657 567 1698 sunt
607 1655 760 1710 proditi
790 1658 831 1698 et
859 1657 1044 1712 genitore
1076 1656 1268 1699 Saturnio
1298 1658 1524 1710 procreati,
1565 1658 1659 1699 ante
1698 1670 1822 1710 quam
1835 1673 1869 1699 20

317 1724 538 1776 Memoria,
589 1738 715 1778 quam
758 1726 959 1768 Alcmena
1007 1726 1119 1769 Maia
1168 1727 1270 1768 Iuno
1321 1727 1478 1768 Latona
1521 1726 1631 1769 Leda
1678 1727 1823 1778 Dione,

321 1807 445 1848 quam
483 1796 525 1837 et
555 1794 716 1837 Semela
746 1795 947 1849 Diespitri
985 1795 1118 1838 factae
1160 1799 1256 1838 sunt
1296 1797 1664 1852 compressionibus
1702 1796 1823 1847 fetae,

320 1876 525 1917 nusquam
556 1866 596 1905 et
626 1864 669 1905 hi
699 1864 888 1918 gentium
917 1878 992 1908 1166
1021 1866 1063 1907 111
1093 1865 1231 1920 aliqua
1261 1867 1376 1920 parte
1398 1880 1536 1908 rerum
1566 1866 1678 1908 fuere
1706 1867 1826 1907 natu-

322 1945 403 1982 rae,
435 1933 505 1975 sed
536 1945 583 1975 ex
613 1935 816 1976 conuentu
846 1935 958 1976 Iouis
988 1934 1228 1977 inseminati
1259 1936 1301 1977 et
1330 1936 1418 1977 nati
1448 1937 1544 1977 sunt
1575 1937 1616 1977 et
1647 1935 1827 1988 aliquem

324 2014 488 2044 sensum
518 2002 582 2044 sui
612 2003 758 2045 habere
789 2005 1020 2057 coeperunt.
1066 2016 1160 2060 ergo
1191 2005 1233 2047 et
1262 2004 1306 2047 hi
1338 2017 1496 2058 quoque
1527 2006 1710 2058 tempore
1741 2015 1828 2045 esse
1841 2021 1873 2047 25

323 2076 543 2125 coeperunt
572 2073 682 2114 certo
713 2073 754 2114 et
782 2072 826 2114 in
855 2084 1024 2115 numero
1060 2074 1279 2115 numinum
1309 2086 1519 2116 sacrorum
1550 2073 1602 2115 ad
1633 2072 1828 2115 caerimo-

325 2139 415 2181 nias
445 2139 647 2193 inuocari‚
689 2141 798 2194 quod
838 2141 974 2194 ipsum
1006 2141 1202 2184 similiter
1231 2141 1363 2184 dicere
1393 2142 1641 2184 translatum
1674 2141 1716 2182 in
1746 2140 1828 2183 Mi-

375 2349 394 2380 1
428 2356 472 2380 611
507 2345 625 2379 Salm:
664 2345 701 2379 in
732 2344 769 2379 P
969 2345 991 2379 2
1023 2345 1111 2389 quid
1145 2345 1218 2380 Sao
1258 2346 1344 2380 mali
1376 2346 1461 2390 quid
1492 2346 1741 2389 Hoffmamms

327 2404 351 2438 3
375 2402 600 2448 genethliaca
624 2402 715 2437 Sab:
747 2402 932 2446 genetiaoa
956 2402 993 2437 P
1175 2403 1327 2437 Theutin
1355 2403 1441 2438 Gel:
1473 2403 1596 2438 heutin
1621 2404 1655 2438 P
1685 2404 1833 2438 heutina

332 2462 406 2496 Sab
431 2461 618 2495 Teutatem
634 2460 675 2494 in
692 2470 753 2494 err
776 2459 989 2494 Theutatem
1012 2460 1081 2494 Urs
1215 2460 1238 2494 4
1255 2462 1488 2505 gestatorem,
1513 2460 1673 2495 baiulum
1690 2461 1834 2495 seclusit

331 2518 485 2553 Zinkius
618 2519 659 2552 11
684 2517 757 2561 opi⁸
778 2517 814 2552 P
944 2517 987 2551 12
1012 2517 1173 2561 Iuppiter
1189 2518 1346 2552 alterum
1365 2518 1423 2552 del
1439 2518 1629 2552 Meursz‘us
1753 2528 1834 2562 sup-

331 2586 472 2621 premus
490 2575 525 2610 P
663 2574 707 2608 18
731 2573 883 2608 herculis
909 2574 945 2608 P
960 2584 1042 2608 corr
1182 2574 1227 2609 20
1251 2575 1412 2618 genitore
1438 2575 1589 2608 Saturno
1616 2575 1687 2609 Sab
1712 2575 1834 2619 genito

333 2633 488 2668 Saturno
520 2632 584 2667 Gel
758 2631 802 2665 21
828 2631 997 2665 Alcmena
1023 2632 1115 2665 Sab:
1151 2631 1336 2666 alchmena
1361 2632 1397 2666 P
1572 2632 1617 2665 22
1640 2642 1745 2676 quam
1771 2631 1834 2666 Ri-

333 2691 491 2736 galtius:
527 2701 605 2724 cum
631 2691 665 2722 P
686 2692 764 2724 tum
790 2688 863 2723 Sab
1038 2689 1172 2723 Semele
1199 2690 1271 2724 Sab
1446 2688 1639 2733 diespaetri
1665 2692 1718 2733 (ae
1743 2690 1783 2723 in
1808 2700 1837 2731 e,

335 2759 354 2782 6
379 2748 419 2782 in
444 2748 456 2781 i
480 2749 574 2791 co‘rr)
601 2748 634 2780 P
792 2747 884 2780 foete
909 2746 1001 2780 Sab:
1025 2745 1135 2780 fetiae
1152 2747 1186 2779 P
1345 2746 1388 2781 23
1413 2746 1465 2779 hii
1490 2747 1525 2779 P
1675 2747 1836 2791 gentium

336 2805 592 2849 intelliguntur
624 2804 898 2839 Klussmannus
926 2803 1090 2847 gentium
1115 2803 1346 2838 inueniuntur
1376 2803 1559 2838 Vahlenus
1742 2804 1837 2838 fuere

340 2862 434 2897 Sab:
465 2862 574 2896 fuisse
598 2862 630 2894 P
767 2861 812 2895 25
835 2860 890 2895 hii
914 2861 948 2893 P
