2032 3248
588 229 643 263 De
671 229 840 273 duplici
868 229 1085 274 martyrio
1112 239 1137 263 c.
1165 230 1310 263 38-40.
1614 232 1694 275 24]·

199 340 234 375 te
259 348 355 374 mors
378 337 485 374 orbat
506 339 759 383 praematura,
800 335 1020 384 pestilentia
1057 337 1193 384 spoliat
1232 339 1269 374 te
1300 336 1519 382 carissimis,
1559 348 1693 384 sponsa

200 406 330 443 liberis
356 404 506 443 amicis:
537 405 632 443 ferto
655 404 843 451 patienter
864 406 901 442 et
923 405 1003 443 dic:
1032 397 1206 443 ‘Domino
1230 405 1283 442 ita
1305 405 1439 451 uisum,
1482 408 1519 442 et
1542 405 1595 443 sic
1617 405 1694 442 for-

199 474 312 512 tassis
336 479 372 511 et
394 473 501 511 nobis
521 473 741 520 expediebat
773 474 810 510 et
846 473 998 512 nostris.
1042 474 1107 511 sit
1139 485 1305 511 nomen
1337 473 1524 510 Domini
1556 474 1695 512 bene-

198 543 331 580 dictu
344 531 407 580 m'.
451 544 537 579 sunt
575 545 610 580 et
645 540 764 579 morbi
800 542 863 589 qui
897 554 969 580 non
1001 543 1123 580 minus
1155 544 1300 580 atroces
1322 542 1463 579 habent
1495 543 1694 588 cruciatus,

167 626 179 649 5
197 622 309 659 quam
330 611 408 648 ulla
429 614 556 658 potest
579 611 716 648 inferre
738 612 922 648 tortorum
945 611 1117 657 saeuitia,
1141 611 1260 649 ueluti
1281 610 1469 658 pleuritis,
1502 610 1693 655 ischiasis,

194 681 372 729 podagra,
394 680 593 728 paralysis,
617 680 794 725 calculus,
813 691 943 717 renum
960 682 998 718 et
1014 680 1163 718 uesicae
1185 679 1425 717 exulceratio.
1449 680 1526 716 tale
1549 680 1581 716 si
1603 679 1691 726 quid

195 749 386 795 acciderit,
409 761 455 787 ne
477 760 582 786 mens
605 751 848 796 exasperetur
871 749 918 786 ad
940 749 1229 796 impatientiam,
1253 760 1298 786 ne
1320 749 1450 796 lingua
1468 752 1638 796 erumpat
1657 750 1693 785 in

194 829 302 856 uoces
335 817 593 865 blasphemas,
637 818 703 855 sed
739 829 821 855 cum
857 818 966 856 beato
989 818 1111 855 Dauid
1146 820 1184 855 et
1220 817 1307 855 Heli
1345 818 1537 856 sacerdote
1574 817 1694 854 dicat:

194 887 422 925 Dominus
454 889 573 936 est&
595 886 749 924 faciat
795 887 915 934 quod
947 887 1117 924 bonum
1148 887 1300 925 estin
1332 886 1490 925 oculis
1522 887 1694 933 ipsius.

146 968 177 992 ιο
194 956 247 993 ita
270 955 370 992 mala
393 966 486 1001 quae
508 966 581 992 non
604 954 818 992 inferuntur
853 955 899 992 ob
921 954 1063 992 Christi
1085 955 1356 1002 professionem
1378 958 1567 993 uertemus
1589 955 1695 992 nobis

194 1025 232 1062 in
255 1035 428 1062 coronam
450 1026 487 1061 et
509 1023 658 1062 Christo
682 1023 720 1060 in
742 1023 913 1071 gloriam.
937 1035 979 1062 ac
1003 1024 1067 1062 fiet
1088 1024 1261 1070 fortasse,
1296 1026 1339 1061 ut
1358 1023 1540 1061 Dominus
1566 1028 1695 1061 nostra

196 1092 396 1130 tolerantia
417 1092 645 1140 propitiatus
667 1094 733 1130 aut
754 1093 901 1131 auferat
923 1092 1146 1131 afflictiones
1170 1095 1235 1130 aut
1257 1093 1427 1140 mitiget:
1454 1093 1552 1139 quod
1575 1092 1606 1130 si
1623 1104 1695 1130 non

191 1162 246 1208 fit,
270 1164 396 1199 tamen
418 1161 489 1199 hac
513 1161 659 1199 ratione
680 1161 875 1209 faciemus,
909 1163 950 1199 ut
972 1162 1070 1209 quod
1092 1162 1216 1200 animo
1244 1161 1457 1208 impatienti
1477 1161 1613 1199 fuisset
1635 1162 1693 1198 in-

192 1230 391 1268 tolerabile
416 1230 480 1267 fiat
503 1230 690 1277 patientia
711 1231 853 1268 mitius.
886 1230 947 1268 his
980 1233 1092 1278 atque
1130 1230 1344 1268 huiusmodi
1366 1230 1598 1278 argumentis
1621 1243 1694 1268 non

146 1312 176 1335 ιε,
194 1299 407 1336 desinemus
453 1311 518 1337 nos
555 1299 715 1337 inuicem
738 1299 929 1337 exhortari
968 1300 1015 1336 ad
1051 1300 1314 1337 illustrandam
1335 1299 1485 1336 Domini
1519 1299 1693 1346 gloriam,

194 1368 300 1405 cuius
324 1368 479 1405 titulum
503 1370 540 1405 et
562 1368 729 1416 insignia
751 1368 929 1415 gerimus.
955 1370 1191 1415 praestemus
1214 1367 1271 1404 illi
1293 1367 1517 1415 martyrium
1554 1367 1593 1404 in
1628 1379 1693 1405 suo

194 1436 351 1483 quisque
374 1438 476 1474 statu
499 1439 536 1474 et
559 1436 704 1483 ordine,
736 1448 810 1474 non
833 1436 952 1474 solum
976 1437 1014 1475 in
1037 1434 1220 1484 aduersis,
1256 1447 1387 1474 uerum
1410 1435 1524 1473 etiam
1545 1436 1584 1473 in
1605 1447 1692 1483 pro-

193 1505 325 1552 speris.
367 1505 405 1541 in
442 1505 614 1542 aduersis
652 1516 901 1553 agnoscamus
936 1517 1098 1543 amorem
1134 1506 1255 1553 patris
1291 1505 1523 1553 flagellantis
1555 1516 1622 1543 nos
1645 1505 1693 1542 ad

190 1574 460 1612 correctionem
484 1576 521 1611 et
544 1574 688 1622 gratias
710 1585 865 1622 agamus
888 1574 1038 1612 caritati
1061 1586 1135 1621 qua
1155 1574 1282 1622 diligit
1305 1586 1371 1612 nos
1396 1577 1436 1611 ut
1456 1574 1554 1611 filios
1569 1604 1577 1620 ‚
1602 1586 1693 1622 quos

144 1653 176 1678 20
195 1643 368 1680 abdicare
390 1654 463 1680 non
486 1642 570 1680 uult
592 1644 657 1681 sed
680 1644 898 1681 emendatos
921 1643 1100 1691 recipere.
1134 1643 1172 1680 in
1194 1644 1386 1691 prosperis
1408 1654 1524 1690 aeque
1547 1643 1693 1690 gratias

191 1723 346 1759 agamus
367 1711 473 1749 illius
496 1711 671 1758 bonitati,
690 1724 763 1759 qua
786 1712 1003 1751 consolatur
1019 1724 1086 1751 nos
1101 1715 1143 1749 ut
1165 1713 1417 1750 tentationum
1440 1712 1585 1759 pondus
1602 1723 1691 1758 pos-

191 1779 306 1817 simus
329 1780 536 1817 sustinere:
561 1780 615 1817 ita
636 1780 701 1817 fiet
723 1782 764 1818 ut
787 1783 868 1818 tota
890 1781 969 1818 uita
992 1783 1121 1819 nostra
1142 1781 1239 1818 nihil
1262 1780 1364 1818 aliud
1382 1781 1432 1818 sit
1454 1791 1564 1827 quam
1582 1780 1692 1817 testi-

190 1849 366 1895 monium,
392 1849 590 1887 declarans
613 1850 712 1897 apud
734 1851 928 1887 credentes
951 1852 988 1888 et
1010 1850 1222 1888 incredulos
1246 1850 1469 1897 sapientiam
1486 1849 1692 1887 bonitatem

190 1917 484 1955 inisericordiam
507 1929 549 1955 ac
572 1918 769 1956 ueritatem
792 1918 860 1956 Dei
893 1918 1011 1965 patris
1050 1921 1086 1956 et
1125 1918 1191 1955 filii
1225 1918 1329 1956 illius
1362 1919 1446 1956 Iesu
1470 1921 1507 1955 et
1530 1918 1691 1965 Spiritus

145 1998 174 2023 ‘25
190 1986 324 2023 sancti.
349 1998 467 2024 anien.

281 2135 301 2164 S)
330 2132 365 2165 11
393 2133 477 2174 [ἐσμ.
505 2133 558 2167 15,
584 2132 638 2166 26.
