2032 3248
359 220 436 263 174
989 216 1235 264 Appendix.

355 326 505 364 audisse
527 326 764 365 mendacium
800 328 1083 373 praesumentes
1124 338 1255 365 uocem
1277 324 1440 373 apostoli
1461 324 1571 361 Pauli
1599 322 1865 371 protestantis,

354 406 444 432 non
474 395 595 433 enim
627 407 801 442 sumus,
834 396 970 443 inquit,
1003 396 1132 434 sicut
1154 395 1355 443 plurimi
1379 394 1731 431 adulterantes
1762 403 1866 430 uer-

353 463 458 501 bum
489 464 593 510 Dei,
641 465 722 502 sed
761 475 813 502 ex
851 464 1145 503 sinceritate
1186 465 1316 503 sicut
1346 475 1408 501 <ex
1439 463 1531 501 Deo
1573 473 1728 500 coram
1758 461 1865 509 ipso

353 532 401 570 in
434 533 629 571 Christo
661 533 916 582 loquimur.
948 534 987 571 in
1009 535 1136 572 dolore
1157 534 1286 582 itaque
1305 533 1465 571 maximo
1488 531 1688 571 constituti
1709 531 1754 568 de
1777 528 1862 577 qui-

355 602 515 640 busdam
537 603 739 641 tabefactis
762 604 940 642 membris
961 604 1129 651 corporis
1151 604 1273 642 nostri
1307 605 1345 641 et
1374 603 1414 640 in
1435 602 1579 650 gemitu
1600 601 1784 639 iacturam
1805 599 1863 635 la-
1879 612 1892 636 5

353 672 560 710 mentantis
582 673 784 719 ecclesiae,
827 685 922 721 quae
952 684 1019 721 per
1040 672 1243 720 segnitiem
1275 673 1444 710 nostram
1472 670 1659 718 redigitur
1694 680 1762 717 per
1784 667 1864 705 dies

295 762 299 766 -
353 740 526 788 singulos
553 741 600 778 ad
621 741 775 778 nimiam
796 742 1028 789 paucitatem
1043 772 1051 788 ‚
1092 742 1279 779 credimus
1302 752 1369 778 nos
1391 752 1436 778 ex
1457 741 1564 787 parte
1586 738 1714 786 aliqua
1735 737 1862 775 suble-

350 809 454 856 uari,
488 811 587 857 quod
629 810 850 858 diligentiae
887 815 1038 849 nostrae
1073 810 1316 858 neglegentia
1357 809 1591 857 quorundam
1621 808 1751 845 obesse
1788 816 1863 843 non

351 878 492 926 possit,
525 879 662 926 quibus
691 891 894 927 numquam
914 882 1066 918 nostrae
1088 880 1237 918 litterae
1259 879 1477 924 defuerunt,
1510 888 1605 925 quae
1637 887 1703 924 per
1724 875 1860 913 absen-

348 947 441 984 tiam
477 959 598 985 meam
635 948 887 995 frequentiam
917 949 1090 987 omnibus
1111 949 1380 996 pensauerunt.
1417 945 1733 984 dissimulationis
1770 955 1859 982 suae
1876 956 1907 980 10

347 1017 603 1064 unusquisque
626 1019 861 1065 contemptor
881 1028 987 1055 reum
1010 1019 1128 1055 semet
1147 1018 1228 1065 ipse
1252 1016 1479 1063 conscribat,
1503 1027 1571 1053 nos
1593 1016 1718 1053 autem
1738 1013 1860 1051 libera

347 1084 471 1123 fronte
486 1086 806 1133 contemptoribus
820 1087 1073 1124 exclamamus
1088 1088 1186 1134 quod
1200 1087 1375 1124 Salomon
1389 1085 1619 1123 confidenter
1636 1083 1857 1131 exprobrat:

349 1155 572 1201 quoniam
603 1156 793 1203 quidem
824 1157 1073 1203 uocabam‚
1106 1156 1252 1204 inquit,
1285 1167 1375 1193 11011
1406 1152 1780 1193 obaudiebatis:
1814 1153 1859 1189 et

346 1224 665 1262 extendebam
696 1225 841 1262 uerba
879 1237 997 1272 mea,
1049 1227 1098 1263 et
1128 1237 1219 1264 non
1265 1223 1624 1270 intendebatis,
1672 1222 1755 1260 sed
1795 1222 1855 1259 ir-

344 1291 444 1329 rita
474 1292 745 1331 faciebatis
777 1305 876 1332 mea
905 1294 1136 1342 consilia,
1169 1294 1287 1332 meis
1318 1294 1475 1331 autem
1506 1290 1902 1340 increpationi-15

345 1361 431 1398 bus
461 1373 553 1400 non
584 1363 947 1402 intendebatis:
980 1363 1146 1412 itaque
1178 1365 1224 1402 et
1253 1374 1338 1411 ego
1369 1360 1856 1409 uestraeperditioni

344 1430 682 1478 superridebo.
732 1432 1024 1480 gratulabor
1064 1445 1176 1481 ergo
1216 1433 1472 1471 aduersum
1511 1443 1615 1478 uos,
1647 1442 1746 1469 cum
1777 1430 1853 1467 ad-

343 1500 537 1537 uenerit
567 1501 705 1538 uobis
737 1501 1001 1548 interitus,
1049 1513 1151 1540 cum
1196 1502 1457 1540 aduenerit
1501 1500 1640 1539 uobis
1687 1498 1853 1537 subito

341 1569 604 1617 tumultus,
638 1571 832 1609 euersio
864 1573 1021 1609 autem
1051 1571 1235 1609 similis
1265 1571 1536 1619 procellae,
1569 1571 1616 1607 et
1646 1580 1746 1607 cum
1776 1568 1851 1606 ad-

340 1638 537 1675 uenerit
567 1639 706 1677 uobis
736 1651 968 1687 pressura
998 1642 1044 1678 et
1082 1640 1392 1688 expugnatio.
1441 1639 1537 1677 erit
1582 1638 1705 1677 enim
1753 1648 1899 1676 01111120

339 1717 407 1744 me
453 1706 836 1756 inuocaueritis,
869 1721 954 1757 ego
986 1711 1144 1747 autem
1175 1721 1263 1747 non
1294 1710 1544 1748 exaudiam
1575 1720 1670 1746 uos.
1710 1718 1849 1755 quae-

340 1777 449 1813 rent
480 1787 547 1814 me
579 1777 794 1825 mali,'et
824 1790 915 1816 non
945 1779 1226 1817 inuenient:
1259 1779 1465 1817 oderunt
1504 1778 1626 1816 enim
1658 1777 1848 1825 sapien-

335 1844 470 1882 tiam.
495 1846 694 1884 uerbum
710 1849 868 1885 autem
886 1848 1076 1886 Domini
1099 1860 1186 1886 non
1208 1849 1586 1896 adsumpserunt
1606 1858 1757 1895 neque
1778 1858 1848 1885 uo—

336 1911 534 1951 luerunt
556 1915 675 1953 meis
694 1916 925 1954 consiliis
946 1917 1215 1955 intendere.
1249 1919 1543 1965 spreuerunt
1575 1916 1699 1954 enim
1719 1927 1846 1954 meas

336 1984 700 2030 correptiones:
749 1986 954 2034 ideoque
986 1987 1131 2024 edent
1161 1986 1270 2024 uiae
1306 1997 1419 2024 suae
1451 1986 1645 2024 fructus
1684 1986 1731 2023 et
1763 1995 1891 2022 sua25

335 2050 591 2099 impietate
624 2054 954 2093 satiabuntur.

292 2119 320 2160 2
389 2121 450 2159 Ad
481 2134 548 2160 uos
569 2135 668 2161 nunc
689 2125 901 2163 exhortatio
933 2126 1063 2163 nostra
1092 2125 1325 2163 conuertitur
1355 2136 1448 2173 quos
1478 2125 1652 2162 nolumus
1681 2123 1845 2172 experiri

333 2189 427 2227 talia
448 2191 672 2239 praecipitia
692 2192 896 2232 ruinarum.
938 2194 1095 2232 metuite
1117 2195 1299 2242 quantum
1321 2194 1483 2242 potestis
1513 2193 1697 2231 eiusmodi
1732 2204 1842 2231 casus

333 2258 451 2297 exitia
471 2262 509 2298 et
531 2260 570 2297 in
599 2261 675 2299 ista
703 2263 947 2301 subuersione
969 2263 1176 2301 labentium
1209 2275 1274 2302 uos
1303 2263 1562 2311 experimenta
1589 2263 1839 2310 perterreant.

332 2328 487 2366 nimium
507 2341 687 2378 praeceps
709 2333 767 2369 est
789 2332 854 2379 qui
874 2332 1038 2369 transire
1061 2332 1275 2379 contendit,
1298 2332 1363 2369 ubi
1385 2331 1620 2379 conspexerit
1640 2331 1756 2368 alium
1777 2342 1838 2369 ce·
1853 2343 1887 2368 30

419 2497 441 2532 2
466 2498 485 2532 Ι
510 2498 587 2533 Cor.
611 2499 644 2541 4,
670 2500 703 2534 2.
844 2499 888 2534 13
911 2500 1015 2536 Prou.
1044 2501 1074 2542 1,
1101 2501 1249 2535 24-31.

419 2671 438 2704 1
464 2681 548 2705 11000
580 2671 610 2707 Ο
804 2673 826 2708 5
850 2673 1062 2717 putrefactis
1087 2686 1108 2709 v
1309 2674 1353 2709 10
1377 2684 1493 2708 meam
1522 2673 1559 2715 C,
1585 2675 1745 2708 nostram
1769 2685 1790 2708 v

329 2727 372 2760 11
397 2728 438 2761 ut
464 2728 708 2773 unusquisque
732 2741 754 2765 v
964 2732 1194 2776 semetipsum
1218 2743 1240 2767 υ
1441 2732 1484 2765 12
1509 2732 1742 2766 exclamemus
1768 2744 1789 2767 v

328 2784 370 2818 17
396 2786 431 2818 et
456 2795 535 2819 cum
559 2797 581 2820 v
751 2788 794 2822 19
821 2788 949 2822 311111113
978 2788 1015 2830 Ο,
1043 2789 1151 2823 31111111
1176 2790 1212 2823 et
1236 2800 1256 2824 v
1432 2790 1478 2823 26
1504 2789 1733 2824 saciabuntur
1761 2790 1791 2825 C

324 2840 369 2874 27
396 2841 472 2877 exh.
499 2844 622 2877 nostra
651 2844 688 2886 Ο,
715 2855 793 2879 mea
818 2845 895 2879 exh.
920 2857 942 2880 v
1080 2846 1125 2881 30
1150 2846 1263 2881 alium
1288 2847 1507 2891 conspexerit
1530 2858 1552 2882 v
