2032 3248
333 211 415 253 216
736 206 930 242 Arnobii
967 207 1179 242 aduersus
1212 208 1420 242 nationes

335 324 566 379 potentiora
606 322 742 364 metiri
774 326 814 364 et
846 335 948 376 quae
988 322 1066 364 tibi
1108 323 1192 364 sint
1229 323 1323 365 usui
1361 323 1572 366 datoribus
1609 324 1688 366 diis
1720 324 1828 375 dare,

335 396 376 435 et
407 393 599 435 honorem
643 391 795 441 istum,
838 403 920 433 non
959 391 1253 434 contumeliam
1285 393 1441 434 ducere.
1489 393 1644 446 templa
1687 393 1828 448 igitur,

337 461 583 515 quaerimus,
614 460 657 501 in
687 459 854 502 deorum
885 471 983 513 quos
1014 473 1114 502 usus
1145 462 1216 502 aut
1246 461 1288 502 in
1316 462 1377 502 rei
1399 461 1513 503 cuius
1546 462 1830 504 necessitatem

337 533 410 572 aut
441 529 578 572 dicitis
609 541 695 570 esse
726 529 959 571 constructa
990 529 1062 571 aut
1083 541 1168 571 esse
1190 543 1331 572 rursus
1354 530 1606 573 aedificanda
1627 531 1831 573 censetis?

335 599 530 641 hiemalia
569 598 753 640 sentiunt
794 597 947 652 frigora
977 599 1049 640 aut
1080 598 1233 640 solibus
1275 601 1484 641 torrentur
1513 600 1705 651 aestiuis,
1738 601 1829 653 plu·
1864 614 1877 637 ⁵

336 666 516 709 uialibus
557 666 709 708 nimbis
739 666 958 720 perfluunt,
996 667 1214 708 uentorum
1246 679 1313 709 eos
1347 669 1419 709 aut
1450 668 1636 711 turbines
1668 670 1828 720 uexant,

334 736 609 779 incursionem
648 736 737 789 pati
777 735 1066 789 periclitantur
1105 736 1298 779 hostilem
1340 736 1519 779 ferarum
1559 739 1630 780 aut
1670 737 1831 780 rabidos

336 805 562 859 adpetitus,
613 806 661 847 ut
700 805 847 847 merito
887 805 982 848 illos
1027 806 1240 849 conueniat
1284 807 1489 848 tectorum
1534 807 1832 850 munitionibus

337 874 534 927 claudere,
577 886 767 917 saxorum
797 876 868 917 aut
904 874 1129 917 obiectione
1168 875 1330 917 tutari?
1388 876 1544 929 templa
1585 876 1695 918 enim
1735 876 1834 918 haec

336 945 434 998 quid
455 945 580 986 sunt?
610 944 645 985 si
665 944 891 986 humanam
913 943 1198 986 infirmitatem
1218 955 1347 999 roges,
1379 944 1514 986 nescio
1537 945 1635 998 quid
1655 945 1834 987 immane
1850 960 1881 984 ιο

337 1014 460 1066 atque
481 1013 684 1067 amplum:
717 1012 752 1055 si
774 1011 943 1054 deorum
963 1013 1192 1067 potentiam
1214 1013 1412 1064 metiaris,
1436 1025 1645 1056 successus
1667 1014 1834 1067 quidam

337 1082 455 1135 parui
506 1085 627 1135 atque
668 1083 715 1124 ut
761 1082 898 1124 uerius
940 1081 1107 1135 eloquar
1147 1094 1274 1137 genus
1310 1082 1653 1137 angustissimum
1693 1095 1834 1125 cauer-

338 1163 486 1192 narum
515 1151 748 1205 paupertini
787 1151 918 1193 cordis
960 1151 1256 1206 excogitatione
1297 1163 1549 1206 suspensum.
1598 1163 1770 1205 quorum
1801 1152 1836 1194 si

338 1219 499 1273 quaeris
530 1220 671 1262 audire
702 1220 793 1274 quis
824 1220 935 1273 prior
966 1219 1091 1261 fuerit
1120 1220 1346 1275 institutor,
1379 1221 1469 1274 quis
1500 1221 1729 1270 fabricator,
1764 1222 1836 1263 aut

339 1288 590 1341 Phoroneus,
622 1289 853 1344 Aegyptius
885 1289 957 1331 aut
978 1288 1140 1343 Merops
1171 1289 1249 1330 tibi
1270 1289 1397 1331 fuisse
1418 1289 1733 1340 monstrabitur,
1766 1290 1838 1331 aut
1854 1305 1884 1329 15

343 1359 390 1400 ut
420 1359 547 1401 tradit
576 1358 620 1400 in
650 1358 916 1400 Admirandis
949 1358 1095 1412 Varro,
1136 1358 1248 1400 Iouis
1286 1359 1496 1413 progenies
1539 1359 1709 1401 Aeacus.
1756 1359 1839 1400 sint

345 1439 439 1482 ergo
469 1427 568 1470 haec
598 1427 697 1470 licet
727 1427 799 1469 aut
830 1439 877 1469 ex
906 1427 1084 1469 molibus
1115 1427 1353 1469 marmoreis
1375 1428 1543 1479 structa,
1576 1426 1839 1482 laquearibus

226 1503 247 1535 f.
265 1497 418 1538 122¹³aut
462 1496 673 1539 renideant
718 1496 872 1547 aureis,
921 1496 1161 1550 splendeant
1205 1496 1271 1538 hic
1314 1509 1502 1551 gemmae
1537 1496 1541 1551 Ι
1579 1498 1619 1539 61
1665 1496 1840 1539 sidereos

348 1566 540 1608 euomant
569 1565 730 1608 uariata
750 1565 1079 1607 interstinctione
1101 1565 1305 1620 fulgores:
1337 1566 1448 1608 terra
1468 1566 1565 1607 sunt
1586 1565 1684 1608 haec
1705 1566 1841 1608 omnia

346 1634 387 1676 et
417 1647 464 1676 ex
494 1634 602 1676 faece
642 1634 790 1676 ultima
830 1634 990 1676 uilioris
1029 1634 1225 1676 materiae
1261 1635 1459 1677 concreta.
1506 1647 1635 1687 neque
1667 1634 1775 1676 enim
1806 1634 1841 1675 si
1854 1649 1887 1674 20

344 1714 418 1745 uos
447 1716 493 1746 ea
522 1703 667 1757 pretiis
699 1703 922 1746 carioribus
953 1703 1144 1757 penditis,
1177 1703 1371 1745 delectari
1403 1702 1650 1745 credendum
1682 1704 1744 1744 est
1774 1703 1837 1744 his

346 1772 440 1814 deos
471 1785 544 1814 nec
574 1783 758 1814 recusare
790 1784 863 1814 nec
893 1784 1080 1826 spernere
1111 1783 1188 1825 quo
1210 1771 1346 1813 minus
1369 1783 1409 1813 se
1430 1771 1616 1825 saepiant
1638 1772 1677 1813 et
1699 1782 1839 1813 eorum

344 1840 569 1883 obiectibus
610 1842 869 1883 coerceantur
908 1840 1070 1882 inclusi.
1121 1841 1345 1894 templum,
1386 1840 1540 1894 inquit,
1580 1840 1655 1882 hoc
1692 1840 1838 1881 Martis

344 1912 425 1960 est,
467 1909 541 1952 hoc
587 1909 755 1951 Iunonis
800 1911 841 1951 et
871 1909 1059 1961 Veneris,
1107 1909 1182 1951 1106
1226 1908 1417 1951 Η61611116
1467 1909 1681 1963 Apollinis.
1714 1908 1837 1950 Ditis.

344 1977 443 2031 quid
482 1979 545 2021 est
589 1978 703 2020 aliud
747 1978 897 2029 dicere,
944 1990 1067 2032 quam
1107 1977 1251 2020 domus
1291 1978 1389 2019 haec
1425 1977 1574 2020 Martis
1615 1979 1695 2030 est,
1742 1977 1888 2019 haec2⁵

347 2046 514 2088 Iunonis
545 2048 585 2088 et
606 2046 788 2097 Veneris,
820 2047 972 2101 Apollo
1002 2046 1069 2089 hic
1100 2046 1273 2096 habitat,
1307 2047 1349 2088 in
1370 2046 1445 2088 hac
1466 2046 1607 2088 manet
1627 2045 1838 2096 Hercules,

346 2117 389 2158 in
418 2116 495 2158 illa
525 2115 803 2158 Summanus?
846 2116 907 2158 ita
938 2127 1017 2157 non
1046 2115 1181 2169 prima
1211 2117 1252 2158 et
1282 2116 1460 2157 maxima
1492 2114 1737 2157 contumelia
1767 2115 1840 2165 est,

346 2184 672 2227 habitationibus
703 2184 797 2227 deos
829 2184 976 2227 habere
1008 2184 1230 2235 districtos,
1270 2184 1482 2238 tuguriola
1511 2184 1576 2225 his
1608 2184 1714 2233 dare,
1747 2194 1842 2225 con-

482 2276 525 2310 14
549 2286 599 2321 sq.
624 2275 783 2312 Clemens
807 2276 903 2311 Alex.
930 2277 1038 2321 protr.
1064 2275 1096 2318 3,
1120 2275 1165 2309 44

391 2356 414 2391 3
437 2366 474 2391 re
498 2356 534 2391 P
557 2366 638 2391 corr
661 2359 690 2391 ε’
827 2356 849 2391 4
874 2357 1074 2391 constructa
1100 2356 1194 2391 Sab:
1224 2356 1419 2400 conscripta
1444 2355 1479 2389 P
1616 2355 1638 2390 5
1663 2355 1843 2389 torrentur

350 2437 443 2472 Sab:
467 2438 647 2472 terrentur
671 2436 707 2471 P
843 2437 864 2471 6
889 2436 1068 2481 perfluunt
1094 2436 1187 2471 Sab:
1221 2416 1400 2480 perfluun{
1426 2436 1460 2470 P
1622 2435 1663 2468 11
1688 2434 1847 2478 potentia

349 2494 448 2529 Salm
585 2495 630 2529 14
653 2494 853 2536 institutor,
884 2494 963 2539 quis
989 2504 1045 2528 om
1070 2493 1142 2529 Sab
1282 2494 1325 2528 15
1348 2492 1512 2527 foroneus
1537 2492 1572 2526 P
1708 2490 1847 2534 Merops

349 2551 421 2586 Sab
445 2552 486 2587 in
511 2563 590 2587 err:
615 2552 750 2586 merobs
775 2552 811 2587 P
978 2554 1040 2586 aut
1065 2550 1140 2585 add
1170 2551 1359 2590 canterus,
1390 2550 1461 2585 Urs
1627 2548 1668 2582 17
1694 2547 1847 2582 molibus

350 2609 439 2643 Sab:
463 2608 654 2643 mobilibus
673 2610 709 2644 P
831 2609 873 2644 19
897 2608 1183 2644 interstinctione
1203 2608 1317 2643 Salm:
1345 2606 1607 2642 interstictione
1626 2605 1661 2640 P
1685 2604 1845 2639 intersti-

349 2665 446 2700 tione
463 2664 537 2700 Sab
666 2665 711 2700 22
727 2666 867 2711 sepiant
885 2665 977 2702 Sab:
1003 2665 1166 2710 saepiunt
1185 2665 1220 2699 P
1347 2664 1392 2699 23
1409 2662 1663 2698 obiectionibus
1683 2661 1755 2697 Sab

352 2723 397 2758 24
412 2734 483 2769 sqq.
508 2724 573 2759 hoc
597 2724 760 2759 Herculis
783 2751 790 2758 .
811 2751 818 2758 .
842 2751 849 2758 .
870 2724 1013 2758 Veneris
1038 2733 1094 2759 om
1111 2723 1182 2758 Sab
1320 2722 1364 2757 26
1388 2722 1426 2756 111
1450 2721 1513 2755 1100
1531 2720 1602 2756 sab
1742 2719 1785 2753 27
1811 2720 1847 2753 111

351 2781 427 2816 add
456 2781 625 2817 Oehlerus
761 2782 825 2817 illo
844 2781 916 2817 Sab
1062 2781 1132 2815 ista
1157 2780 1229 2815 sab
1375 2788 1589 2813 summamus
1616 2777 1650 2811 P
1674 2787 1756 2811 corr

351 2839 397 2874 28
421 2839 602 2874 districtos
626 2839 717 2875 Sab:
742 2839 938 2874 destructos
959 2838 995 2873 P
