2032 3248
800 207 928 242 Liber
958 207 1004 241 11.
1587 209 1641 251 69

164 320 285 361 meris
316 320 356 360 et
387 332 606 372 numquam
640 320 754 362 nodis
785 321 982 373 corporeis
1013 321 1223 364 eximatur.
1265 321 1334 363 sed
1365 334 1455 363 eum
1486 322 1642 364 scholas

164 388 351 442 attigerit
372 389 411 430 et
432 389 722 442 magistrorum
743 389 865 430 fuerit
885 390 1209 432 institutionibus
1240 391 1436 442 eruditus,
1468 391 1642 433 efficitur

164 457 351 511 prudens,
384 457 524 499 doctus
555 459 595 499 et
624 470 746 511 quam
777 470 904 510 nuper
934 458 1132 500 habuerat
1168 459 1418 512 imperitiam
1445 460 1570 513 ponit.
1603 460 1643 501 et

164 526 312 568 asellus
343 526 483 568 et'bos
515 539 637 579 aeque
667 539 742 568 usu
773 527 893 579 atque
925 527 1171 568 adsiduitate
1198 528 1365 581 cogendi
1387 529 1509 570 discit
1529 541 1642 571 arare

137 606 210 635 sac
240 594 410 643 molere,
452 607 576 647 equus
616 595 758 648 iugum
789 595 923 637 subire
954 596 994 636 et
1025 608 1238 649 agnoscere
1271 596 1310 637 in
1343 597 1542 638 curriculo
1572 596 1643 638 fle-

165 662 319 713 xiones,
364 663 541 704 camelus
572 675 656 704 sese
694 663 951 705 summittere
991 664 1077 705 siue
1116 677 1208 706 cum
1245 665 1372 706 sumit
1409 678 1527 706 onera
1557 666 1643 708 siue

165 743 255 772 cum
287 732 421 784 ponit,
459 731 647 773 columba
677 732 931 773 manumissa
969 732 1150 774 reuolare
1182 733 1232 774 ad
1264 733 1485 775 dominicas
1516 734 1642 784 sedes,

165 800 275 841 canis
306 812 398 841 cum
428 799 632 841 inuenerit
661 800 852 853 praedam
889 801 1072 843 cohibere
1110 803 1150 842 et
1189 802 1391 844 continere
1432 802 1642 853 latratum,

167 868 289 910 uerba
319 869 517 922 psittacus
548 871 588 909 et
619 868 822 922 integrare
853 870 893 910 et
924 869 1087 911 nomina
1117 870 1258 911 rostris
1295 882 1536 924 expromere.
1577 871 1644 912 sed
1660 874 1712 914 26

120 953 151 978 10
165 949 235 991 ego
267 949 358 978 cum
389 937 508 978 audio
538 938 669 979 nescio
690 938 787 990 quid
808 939 1019 991 praestans
1040 939 1220 980 animam
1243 939 1336 989 dici,
1368 940 1441 982 deo
1462 939 1645 982 uicinum

166 1007 205 1047 et
235 1006 484 1057 proximum,
527 1005 723 1047 scientem
763 1006 841 1047 huc
876 1007 1012 1048 omnia
1043 1007 1318 1061 superioribus
1350 1009 1568 1050 aduentare
1598 1009 1646 1050 de

165 1073 346 1126 saeculis,
380 1074 470 1115 nolo
501 1074 617 1115 illam
649 1074 801 1115 discere
833 1074 901 1116 sed
932 1075 1070 1117 docere
1100 1088 1172 1117 nec
1207 1089 1252 1117 ex
1290 1077 1408 1119 docta
1430 1078 1477 1118 ut
1498 1078 1647 1119 dicitur

166 1142 467 1183 elementariam
508 1142 595 1183 fieri
636 1143 704 1184 sed
744 1143 987 1184 retinentem
1027 1157 1088 1186 res
1119 1157 1211 1186 suas
1250 1145 1486 1198 corporibus
1518 1147 1647 1187 semet

166 1212 449 1266 circumligare
480 1212 663 1252 terrenis.
712 1211 792 1253 nisi
823 1212 931 1253 enim
963 1224 1047 1254 sese
1069 1213 1256 1255 habuerit
1281 1226 1343 1255 res
1366 1214 1438 1268 ita,
1471 1214 1647 1255 discerni

120 1296 152 1320 ιτ)
166 1280 234 1333 qui
265 1280 428 1334 poterit,
469 1281 658 1321 utrumne
688 1280 793 1322 illud
824 1281 930 1333 quod
960 1281 1074 1323 audit
1104 1282 1390 1325 reminiscatur
1421 1296 1471 1325 au
1503 1283 1645 1333 discat,

166 1364 258 1393 cum
298 1351 428 1391 multo
469 1350 629 1392 facilius
668 1350 723 1391 sit
762 1350 940 1403 credere,
989 1352 1140 1393 discere
1185 1352 1301 1393 illam
1344 1352 1450 1405 quod
1491 1352 1647 1393 nesciat

166 1433 287 1473 quam
324 1419 495 1460 oblitam
535 1419 640 1471 quod
678 1419 798 1471 paulo
837 1420 929 1460 ante
969 1420 1131 1461 sciebat.
1177 1433 1222 1461 ex
1253 1421 1440 1474 oppositu
1471 1420 1647 1473 corporis

166 1489 323 1532 amittit
359 1488 652 1542 repenteutiam
691 1488 882 1540 priorum.
938 1489 977 1529 et
1012 1488 1083 1530 ubi
1113 1489 1174 1530 est
1204 1488 1305 1530 illud
1343 1489 1447 1542 quod
1485 1489 1647 1542 dicitur,

166 1565 189 1606 †
219 1557 482 1610 incorporalis
524 1557 678 1597 animas
719 1556 992 1598 substantiam
1033 1570 1111 1598 non
1157 1558 1330 1600 habere?
1389 1557 1495 1611 quod
1541 1557 1649 1598 enim

121 1638 152 1664 20
167 1626 320 1668 nullius
362 1627 422 1667 est
462 1626 655 1678 corporis,
706 1625 956 1678 oppositione
1004 1626 1170 1668 alterius
1208 1639 1284 1668 non
1326 1627 1532 1679 inpeditur
1576 1639 1648 1668 nec

167 1697 301 1749 potest
329 1694 485 1747 aliquid
506 1707 577 1735 sua
598 1695 646 1735 de
668 1694 709 1735 ui
731 1695 893 1746 perdere
919 1693 923 1750 Ι
951 1695 991 1736 id
1014 1695 1119 1748 quod
1140 1707 1219 1736 non
1241 1695 1374 1748 potest
1404 1696 1558 1736 tactum
1590 1695 1648 1736 rei
1662 1702 1685 1736 f.
1700 1702 1761 1735 40b

167 1764 373 1818 oppositae
394 1763 605 1805 sustinere.
629 1764 675 1804 ut
696 1764 802 1804 euim
826 1775 1015 1805 numerus
1038 1764 1122 1805 sine
1139 1764 1370 1817 corporibus
1387 1764 1647 1813 constitutus,

168 1833 351 1885 quamuis
402 1832 517 1873 mille
558 1832 789 1884 corporibus
830 1832 1044 1882 obruatur,
1091 1832 1271 1874 intactus
1312 1834 1351 1874 et
1392 1832 1647 1874 inuiolabilis

170 1902 347 1951 constat,
390 1900 448 1942 ita
478 1913 636 1941 necesse
673 1902 734 1942 est
764 1900 939 1950 animas,
984 1901 1017 1942 si
1049 1905 1142 1943 sunt
1173 1903 1219 1943 ut
1249 1902 1483 1954 perhibetur
1513 1902 1647 1943 incor-

123 1982 320 2022 25p01'eae‚
352 1969 598 2011 obliuionem
630 1969 809 2022 priorum
840 1969 996 2010 nullam
1018 1970 1116 2023 pati,
1149 1970 1335 2022 quamuis
1358 1983 1424 2012 eas
1446 1969 1647 2011 solidissi-

169 2051 256 2080 mae
297 2051 506 2091 corporum
547 2038 923 2091 circumligauerint
962 2038 1197 2080 uinctiones.
1244 2039 1341 2091 quid
1372 2038 1477 2091 quod
1509 2038 1648 2079 eadem

215 2199 231 2231 1
259 2197 369 2231 scolas
396 2198 428 2230 P
566 2199 586 2230 2
610 2196 781 2230 efficietur
808 2196 905 2230 Salui
1042 2197 1063 2230 3
1088 2198 1193 2240 ponet
1218 2196 1316 2230 Salm
1459 2196 1481 2230 4
1506 2198 1648 2239 cogente

171 2256 242 2290 Sub
425 2255 445 2288 6
470 2254 635 2288 camellus
670 2255 703 2287 P
733 2265 813 2288 corr
994 2254 1012 2287 7
1039 2254 1192 2287 reuolare
1224 2254 1305 2287 Gel:
1342 2264 1501 2288 reuocare
1532 2255 1565 2287 P

168 2315 188 2347 ἒ)
214 2314 388 2357 psittapus
414 2313 448 2346 P
464 2322 544 2346 corr
681 2314 716 2345 et
740 2322 793 2345 om
819 2311 897 2348 Urs.
924 2311 1022 2345 Salm
1158 2312 1297 2354 integra
1320 2310 1389 2344 Urs
1526 2312 1649 2345 rostris

168 2371 316 2414 scripsi:
352 2380 467 2403 corsus
496 2370 529 2403 P
565 2379 705 2412 prorsus
730 2369 800 2403 Sab
838 2379 962 2403 coruus
987 2369 1086 2403 Salm
1268 2368 1458 2411 exprimere
1491 2368 1559 2402 Urs

171 2429 212 2463 10
236 2430 436 2471 praestrans
462 2428 497 2460 P
519 2437 599 2461 corr
764 2427 804 2459 11
831 2427 923 2460 hunc
948 2428 981 2458 P
1003 2436 1083 2460 corr
1257 2426 1300 2458 12
1324 2425 1481 2469 saeculis]
1509 2424 1649 2459 sedibus

177 2485 243 2520 Urs
381 2486 421 2518 15
447 2484 539 2518 audit
558 2485 591 2518 P
729 2485 770 2517 16
795 2483 842 2517 sit
868 2484 941 2517 add
966 2484 1035 2517 Urs
1179 2484 1219 2517 17
1246 2482 1377 2516 sciebat
1401 2485 1435 2516 et
1454 2484 1522 2525 (ex)
1547 2492 1650 2526 oppo-

170 2543 240 2576 situ
266 2543 375 2586 uulyo
535 2552 572 2575 ex
605 2541 691 2574 Frs:
728 2544 762 2574 et
786 2543 819 2574 P
980 2543 1021 2574 18
1046 2541 1165 2574 amitti
1197 2540 1261 2574 GeI
1297 2540 1458 2573 amittere
1490 2539 1559 2573 Urs

170 2600 212 2633 19
243 2600 493 2643 incorporalem
526 2600 540 2631 I
549 2600 593 2632 'rs
618 2599 850 2641 incorporales
877 2599 1092 2633 Stewechius
1127 2598 1336 2641 corporalem
1369 2597 1386 2631 ἓ
1515 2597 1650 2630 animas

170 2658 208 2690 in
232 2656 348 2690 anima
373 2667 452 2690 corr
472 2657 503 2689 P
528 2656 645 2689 anima
670 2656 742 2689 δαὶ)
879 2656 919 2688 21
946 2666 1007 2688 sua
1031 2654 1071 2688 de
1096 2655 1130 2687 ui
1162 2655 1351 2689 Oehlerus:
1377 2654 1514 2688 suaderi
1540 2655 1575 2688 P
1599 2654 1651 2688 ui-

171 2713 244 2747 deri
269 2714 334 2747 Urs
449 2714 491 2746 22
510 2713 582 2746 sine
599 2713 746 2756 scripsi:
765 2712 799 2745 in
819 2713 853 2745 P
967 2712 999 2744 in
1019 2711 1228 2755 corporibus]
1247 2711 1468 2755 incorporeus
1492 2711 1561 2746 Urs

170 2770 213 2803 24
238 2771 273 2803 in
291 2781 428 2814 corpore
448 2771 482 2803 P
498 2781 577 2804 corr
594 2781 611 2804 c
747 2769 790 2803 25
807 2768 1019 2802 obliuionem
1040 2769 1122 2802 Gel:
1152 2768 1326 2801 obliuione
1347 2769 1380 2802 P
1516 2768 1561 2802 26
1585 2767 1651 2801 cir-

172 2827 439 2871 cuuiligaberint
464 2828 498 2860 P
520 2838 600 2861 corr
738 2826 933 2860 uinctiones
966 2826 1051 2859 Urs:
1084 2825 1278 2859 iunctiones
1306 2825 1339 2858 P
