2032 3248
799 232 927 268 Liber
952 232 1011 266 vr.
1563 236 1646 277 235

159 350 290 389 cetera
322 348 436 388 motu
467 347 657 388 interiore
689 347 861 400 priuata.
909 348 951 389 in
981 348 1095 400 parte
1126 348 1200 389 hac
1231 349 1371 389 eadem
1392 348 1497 390 illud
1519 349 1642 390 etiam
1659 352 1708 390 24

157 416 289 458 dicere
320 416 629 457 simulacrorum
661 416 884 457 adsertores
916 416 1066 465 solent,
1111 428 1190 456 non
1221 416 1426 470 ignorasse
1458 418 1644 470 antiquos

158 484 260 525 nihil
305 484 451 525 habere
496 485 673 525 numinis
717 485 834 537 signa
874 497 1002 537 neque
1042 484 1173 525 ullum
1212 485 1375 526 omnino
1414 486 1544 527 inesse
1582 486 1644 526 his

157 565 331 603 sensum,
365 553 435 594 sed
466 556 628 605 propter
659 554 908 594 indomitum
941 555 1063 606 atque
1095 554 1318 605 inperitum
1349 554 1511 608 uulgus,
1544 566 1644 607 quae

131 634 250 674 spars
291 621 332 662 in
362 622 521 674 populis
562 623 682 674 atque
721 622 761 663 in
794 622 1032 663 ciuitatibus
1072 623 1251 664 maxima
1290 624 1371 674 est,
1411 623 1644 664 salutariter

158 702 203 731 ea
242 690 487 742 consilioque
526 690 740 740 formasse,
781 692 827 731 ut
866 691 979 731 uelut
1020 691 1193 743 quadam
1233 692 1365 744 specie
1397 692 1552 732 obiecta
1581 692 1644 732 his

157 759 374 799 numinum
397 758 600 799 abicerent
631 759 894 811 asperitatem
925 760 1039 800 metu
1071 759 1339 812 arbitratique
1361 759 1643 811 praesentibus

159 840 243 868 sese
275 827 347 867 sub
381 827 442 867 dis
471 839 588 880 agere
619 828 726 868 facta
757 827 883 879 impia
915 828 1155 880 deputarent
1178 828 1218 868 et
1240 828 1288 867 ad
1311 828 1490 869 humana
1511 828 1645 869 officia

157 907 317 935 morum
363 895 649 936 immutatione
690 896 932 936 transirent:
985 908 1056 936 nec
1102 896 1264 948 propter
1310 896 1434 936 aliam
1479 909 1643 938 causam

115 976 144 999 10
158 963 412 1004 uenerabiles
446 963 591 1004 formas
623 976 719 1004 auro
743 964 798 1004 eis
821 964 1069 1017 argentoque
1092 964 1307 1016 quaesitas,
1340 965 1418 1005 nisi
1439 966 1486 1005 ut
1508 965 1645 1005 adesse

158 1031 219 1072 uis
251 1031 448 1083 quaedam
480 1031 578 1084 ipsis
611 1031 652 1071 in
686 1032 915 1085 fulgoribus
937 1033 1180 1082 crederetur,
1215 1045 1314 1084 quae
1336 1045 1414 1074 non
1435 1033 1644 1073 oculorum

158 1100 320 1140 tantum
359 1100 648 1153 perstringeret
691 1112 865 1151 sensum,
907 1114 1049 1141 uerum
1090 1100 1215 1141 etiam
1246 1104 1402 1142 mentes
1433 1101 1540 1153 ipsas
1571 1114 1643 1142 au-

157 1167 420 1221 gustissimae
466 1168 568 1209 lucis
614 1169 909 1210 radiationibus
950 1170 1166 1210 territaret.
1214 1169 1320 1221 quod
1358 1170 1512 1211 ratione
1552 1182 1645 1210 cum

158 1237 292 1288 aliqua
330 1237 535 1278 uideretur
573 1236 741 1278 forsitan
773 1237 874 1286 dici,
914 1237 948 1277 si
979 1238 1070 1289 post
1102 1237 1264 1278 condita
1295 1237 1458 1278 deorum
1490 1237 1646 1289 templa

114 1322 144 1346 ιε)
158 1306 279 1357 atque
310 1304 507 1346 instituta
539 1305 756 1346 simulacra
788 1305 925 1346 nullus
957 1306 1062 1346 esset
1093 1306 1133 1346 in
1163 1306 1313 1347 mundo
1344 1306 1496 1355 malus,
1530 1306 1645 1346 nulla

159 1373 324 1413 omnino
356 1374 550 1425 nequitia,
583 1373 741 1414 iustitia
763 1386 839 1427 pax
861 1373 960 1414 fides
982 1374 1218 1414 mortalium
1239 1376 1401 1426 pectora
1422 1374 1644 1426 possideret

158 1454 286 1493 neque
317 1442 530 1494 quisquam
561 1442 603 1482 in
637 1442 754 1483 terris
785 1454 929 1483 nocens
962 1455 1090 1494 neque
1122 1442 1311 1483 innocens
1339 1442 1539 1483 diceretur
1560 1454 1643 1483 sce-

158 1509 288 1550 lerosa
320 1521 438 1562 opera
468 1510 741 1551 nescientibus
775 1510 944 1551 cunctis.
986 1523 1091 1551 nunc
1122 1522 1215 1550 uero
1248 1522 1340 1550 cum
1362 1511 1501 1551 contra
1522 1510 1643 1551 malis

159 1579 293 1619 omnia
323 1579 441 1631 plena
472 1579 566 1629 sint,
601 1579 851 1620 innocentiae
882 1592 1006 1631 paene
1038 1578 1238 1619 interierit
1266 1591 1425 1628 nomen,
1458 1591 1528 1631 per
1557 1590 1643 1619 mo-

113 1648 308 1695 2omenta‚
349 1659 418 1700 per
456 1650 606 1700 puncta
637 1648 821 1688 examina
852 1647 1141 1688 maleficiorum
1181 1659 1286 1688 noua
1325 1647 1533 1688 noxiorum
1565 1647 1643 1687 im-

159 1715 361 1766 probitate
392 1716 613 1767 pariantur‚
644 1716 774 1757 dicere
805 1717 873 1768 qui
906 1717 1104 1765 conuenit,
1136 1716 1185 1756 ad
1217 1715 1470 1757 incutiendas
1502 1715 1643 1756 formi-

159 1783 272 1823 dines
305 1784 428 1837 uulgo
453 1783 616 1824 deorum
639 1784 831 1825 instituta
853 1785 1082 1833 simulacra,
1115 1797 1208 1825 cum
1229 1785 1389 1837 praeter
1411 1785 1643 1825 innumeras

160 1851 376 1892 criminum
408 1852 448 1892 et
478 1851 700 1892 facinorum
737 1850 741 1905 Ι
778 1852 927 1893 formas
966 1852 1053 1904 ipsa
1091 1852 1214 1893 etiam
1247 1852 1457 1892 uideamus
1489 1852 1644 1905 templa
1659 1854 1776 1887 f.1331>

159 1919 365 1973 sacrilegis
397 1920 686 1961 uiolationibus
720 1920 856 1973 adpeti
881 1920 930 1960 ab
953 1920 1148 1973 tyrannis,
1179 1922 1228 1961 ab
1250 1920 1424 1973 regibus,
1448 1920 1496 1960 ab
1520 1920 1643 1960 latro-

113 2007 144 2031 25
159 1988 280 2029 nibus
313 1989 353 2029 et
385 1989 590 2029 nocturnis
622 2002 645 2030 a
677 1988 833 2029 furibus
858 1989 1042 2040 ipsosque
1073 1988 1164 2029 illos
1195 1988 1287 2029 deos
1319 2000 1416 2040 quos
1439 1989 1489 2028 ad
1511 1989 1644 2028 metus

160 2056 362 2098 faciendos
394 2057 512 2098 uetus
544 2057 660 2097 tinxit
693 2058 731 2097 et
761 2057 1009 2098 consecrauit
1041 2056 1265 2108 antiquitas
1297 2056 1441 2096 uadere
1463 2055 1504 2096 in
1527 2056 1644 2096 antra

159 2125 406 2178 praedonum
429 2138 518 2166 cum
543 2126 641 2177 ipsis
664 2126 746 2166 suis
769 2126 900 2166 aureis
924 2125 1231 2176 metuendisque
1253 2123 1510 2176 fulgoribus?
1541 2123 1639 2175 quid
1658 2124 1706 2161 ⁴25

160 2194 278 2241 enim,
312 2195 345 2234 si
379 2208 520 2235 uerum
553 2195 593 2235 et
623 2195 708 2235 sine
731 2194 816 2234 ulla
838 2194 1134 2246 gratificatione
1159 2192 1392 2245 perspiciaS,
1425 2193 1542 2245 signa
1564 2192 1645 2232 ista

159 2274 259 2313 quae
298 2263 438 2303 dicunt
477 2263 627 2303 habeut
658 2263 697 2303 in
731 2275 771 2302 se
804 2274 1018 2315 magnum,
1060 2264 1103 2301 ut
1136 2261 1280 2301 merito
1319 2260 1492 2312 sperarit
1523 2262 1644 2312 atque

114 2350 144 2374 30
159 2330 405 2372 existimarit
437 2331 658 2383 antiquitas
691 2332 904 2383 conspectu
938 2330 1101 2370 illorum
1132 2340 1246 2381 posse
1277 2328 1412 2382 frangi
1434 2328 1644 2369 hominum

206 2560 221 2591 1
252 2559 313 2592 hac
341 2558 429 2592 Sub:
456 2558 536 2591 haec
563 2558 596 2590 1²
777 2558 796 2590 ⁴5
824 2557 925 2589 uelud
954 2556 984 2589 Ι)
1168 2555 1185 2586 7
1212 2554 1401 2588 abiicerent
1428 2555 1518 2588 Sub.-
1551 2554 1645 2588 abie-

159 2617 270 2649 cerint
288 2616 320 2649 12
459 2615 700 2658 aspernitateni
721 2615 754 2647 1²
891 2613 1144 2655 arbitratiquae
1172 2613 1205 2645 Ι)
1221 2622 1301 2645 corr
1438 2614 1458 2645 ὅ
1484 2612 1537 2645 dis
1564 2612 1588 2651 (i
1608 2612 1645 2644 in

159 2672 201 2705 iis
221 2676 314 2714 corr)
341 2673 375 2705 P
501 2672 710 2714 deponerent
729 2671 800 2704 ,Sao
930 2670 1042 2702 officio
1069 2679 1165 2701 oruin
1184 2669 1218 2702 l'
1234 2679 1314 2702 corr
1331 2680 1348 2702 c
1478 2669 1519 2701 14
1543 2668 1644 2701 forsi-

160 2731 230 2762 tam
258 2730 292 2762 P
315 2741 395 2763 corr
420 2740 439 2762 r
591 2730 635 2760 21)
662 2730 788 2770 puncta
815 2727 905 2759 Sub:
938 2732 1061 2759 cuncta
1088 2726 1120 2758 Ρ
1284 2736 1390 2759 nocua
1416 2726 1450 2758 P
1474 2735 1554 2759 corr

159 2785 385 2828 improuitate
411 2787 445 2819 1¹
571 2786 612 2818 252·
639 2784 849 2817 faciffloruin
875 2784 909 2816 1¹
1034 2784 1076 2815 243
1105 2782 1208 2815 tinxit
1229 2783 1261 2815 Ρ
1391 2783 1434 2815 30
1459 2784 1644 2825 conspectu

160 2842 251 2876 Sae:
287 2844 509 2886 conspectum
535 2843 570 2875 l’
