2032 3248
414 229 466 270 92
1041 221 1285 266 Appendix.

346 335 365 371 1
374 334 397 371 9
470 331 566 369 Puto
602 341 669 368 nos
698 329 809 377 plene
845 329 1043 366 exsecutos
1063 326 1384 375 praedicationem
1403 325 1596 373 baptistae
1617 325 1784 372 Ioannis,
1821 327 1920 365 unde

412 410 621 438 sermonem
658 409 786 435 sumus
817 396 954 443 exorsi,
992 397 1057 444 qui
1086 395 1182 433 dixit
1214 395 1262 433 ad
1282 395 1442 433 Iudaeos
1458 408 1467 432 :
1500 406 1519 432 e
1530 405 1555 442 g
1565 406 1584 433 o
1616 406 1640 442 q
1649 395 1694 432 ui
1705 395 1727 431 d
1738 405 1757 432 e
1768 407 1805 432 m
1834 407 1859 433 u
1870 407 1889 434 0
1900 407 1918 433 3

410 468 606 516 baptizo
636 478 758 514 aqua
786 465 833 503 in
860 464 1232 512 poenitentiam.
1265 464 1345 512 qui
1367 465 1521 502 autem
1549 465 1660 511 post
1689 475 1756 502 me
1783 464 1919 502 uenit

410 536 593 575 fortior
622 547 690 573 me
721 536 816 581 est,
848 534 990 572 0111113
1020 545 1105 582 ego
1136 545 1228 572 non
1260 545 1359 571 sum
1391 532 1567 580 dignus
1598 533 1790 571 soluere
1820 544 1918 571 001-

409 604 587 652 rigiam
638 602 966 642 calciamenti.
1017 603 1123 651 ipse
1173 613 1256 640 uos
1306 601 1586 649 baptizabit
1635 601 1683 638 in
1733 601 1918 649 spiritu
1933 617 1948 642 5

409 685 427 712 s
438 685 493 711 an
503 685 522 711 0
534 674 579 711 to
611 683 630 710 0
640 675 657 709 1
686 672 767 719 ign
776 671 802 709 i.
834 671 999 709 arbitror
1028 673 1152 709 autern
1175 673 1213 709 et
1235 670 1398 719 apostoli
1429 669 1583 708 Ioannis
1616 670 1826 708 doctrinam
1848 682 1918 709 1103

407 754 483 780 11011
503 741 630 790 inepte
652 740 895 788 disposuisse,
918 740 984 788 qui
1005 740 1078 778 ait:
1110 739 1222 788 quia
1251 741 1296 777 tr
1308 751 1355 778 es
1386 738 1554 777 testim
1567 739 1725 777 onium
1754 739 1917 787 perhi-

407 811 544 857 bent,
592 810 807 857 spiritus
846 811 892 848 et
929 821 1051 857 aqua
1082 811 1129 847 et
1159 809 1385 857 sanguis,
1429 810 1474 847 et
1512 808 1599 846 isti
1637 810 1740 847 tres
1778 820 1918 847 unum

407 891 425 918 3
436 892 460 917 11
470 892 494 916 11
503 881 533 917 1.
573 879 648 916 11131
685 878 799 917 fallor
834 880 962 916 autem
998 877 1113 915 etiam
1147 878 1244 915 illud
1280 877 1565 925 explanauimus
1601 878 1699 925 quod
1734 877 1918 917 Dominus

405 950 535 986 noster
570 948 648 986 ait:
690 948 903 986 Ioannes
934 947 1124 995 quidem
1154 946 1431 994 baptizauit
1461 958 1601 994 aqua,
1644 958 1728 984 uos
1759 948 1917 985 autem
1931 960 1966 984 10

405 1016 786 1064 baptizabimini
817 1016 864 1053 in
896 1015 1086 1063 spiritu
1117 1017 1299 1054 sancto.
1331 1017 1527 1063 praeterea
1557 1015 1731 1054 existimo
1752 1027 1820 1054 nos
1841 1027 1917 1054 non

405 1086 593 1123 infirmam
632 1085 818 1123 rationem
848 1084 1060 1122 reddidisse
1083 1084 1364 1122 consuetudinis
1386 1096 1549 1123 causam.
1581 1085 1754 1123 tueamur
1773 1086 1915 1133 tamen,

405 1154 477 1193 etsi
505 1153 713 1202 posteriore
742 1154 823 1191 1000
844 1152 883 1190 id
904 1152 1079 1199 facimus,
1117 1164 1162 1191 ne
1185 1152 1250 1200 qui
1270 1153 1380 1200 putet
1401 1164 1470 1191 nos
1490 1153 1600 1191 unico
1622 1152 1782 1192 articulo
1803 1164 1914 1202 prae—

405 1224 551 1261 sentem
587 1222 871 1261 altercationem
909 1222 1107 1261 suseitare.
1155 1233 1382 1270 quamquam
1416 1222 1510 1260 haec
1538 1223 1769 1260 consuetudo
1799 1221 1915 1260 etiam

405 1292 487 1330 sola
521 1292 673 1330 deberet
701 1293 801 1339 apud
830 1291 1002 1329 homines
1035 1290 1207 1329 timorem
1227 1291 1298 1329 Dei
1318 1291 1503 1330 habentes
1526 1292 1564 1329 et
1584 1291 1746 1330 humiles
1767 1291 1913 1340 praeci·
1930 1307 1963 1332 15

403 1372 520 1409 puum
540 1361 664 1399 locum
686 1360 869 1399 obtinere.

745 1831 841 1895 VI.
887 1831 982 1895 DE
1040 1829 1569 1896 ALEATORIBVS.

365 2156 386 2191 1
457 2169 477 2190 ae
494 2169 512 2190 ss
534 2160 673 2197 magna
705 2149 813 2187 nobis
843 2149 888 2186 ob
917 2149 1134 2187 uniuersam
1156 2150 1436 2188 fraternitatem
1459 2161 1547 2188 cura
1568 2151 1638 2196 est,
1661 2149 1805 2196 fideles,
1828 2161 1908 2187 1113-

402 2218 499 2256 xime
536 2219 573 2256 et
608 2230 672 2256 rea
708 2218 940 2266 perditorum
969 2219 1133 2257 omnium
1167 2220 1324 2257 audacia
1353 2219 1390 2257 id
1412 2221 1471 2257 est
1500 2219 1722 2266 aleatorum,
1764 2219 1909 2257 animos
1923 2232 1959 2258 20

493 2363 514 2396 2
540 2363 623 2398 Luc.
649 2363 681 2405 3,
709 2364 762 2398 16.
903 2364 922 2397 7
949 2364 967 2398 Ι
993 2363 1045 2398 Io.
1071 2364 1102 2404 5,
1128 2364 1160 2398 8.
1302 2365 1345 2398 10
1370 2365 1447 2399 Act.
1475 2365 1506 2408 1,
1531 2365 1563 2399 5.

494 2494 537 2527 16
562 2514 605 2519 —-
633 2494 763 2529 Caecili
787 2495 953 2539 Cypriani
978 2494 1099 2529 finiuit
1123 2495 1165 2529 (le
1188 2496 1443 2540 rebaptismate
1468 2496 1543 2531 cod.
1571 2515 1610 2520 —

494 2551 626 2595 Incipit
660 2551 701 2585 de
732 2552 949 2586 aleatoribus
981 2551 1036 2592 D,
1069 2552 1203 2596 Incipit
1237 2553 1392 2597 epistula
1424 2553 1591 2598 Cypriani
1625 2553 1666 2587 de
1691 2554 1907 2589 aleatoribus

400 2607 587 2650 (aleatores
623 2609 666 2652 T)
694 2609 769 2654 ΩΤ.
818 2629 859 2635 —
914 2610 959 2644 19
990 2610 1138 2643 initium
1170 2610 1280 2644 huius
1312 2611 1395 2645 libri
1419 2610 1570 2645 uidetur
1602 2611 1815 2646 Zaezmosmn

401 2664 457 2709 ob]
484 2664 527 2698 ab
553 2675 573 2698 v
750 2666 917 2701 uniuersa
941 2667 1170 2702 fraternitate
1199 2668 1268 2713 ΩΤ
1450 2680 1532 2704 01113
1557 2671 1611 2703 031
1634 2671 1775 2714 scripsi,
1803 2681 1907 2705 curae

399 2722 516 2763 DQT,
544 2732 626 2756 eura
649 2734 670 2758 v
867 2724 988 2758 fideles
1011 2725 1153 2768 scripsi,
1178 2725 1293 2760 fidelis
1318 2726 1434 2772 DQT,
1460 2727 1628 2761 successit
1652 2739 1689 2767 v3
1715 2727 1761 2769 cf.
1784 2739 1822 2771 p.
1847 2731 1906 2770 96,

399 2780 464 2820 21,·
488 2790 529 2822 p.
556 2782 614 2820 97,
639 2783 683 2814 10
917 2782 963 2816 20
987 2782 1034 2825 et]
1068 2792 1107 2816 ex
1133 2793 1154 2817 v
1364 2784 1534 2828 omnium]
1561 2784 1748 2818 hominum
1771 2785 1857 2827 fort.

398 2836 607 2881 aleatorum]
634 2837 790 2871 omnium
815 2838 899 2873 adel.
924 2838 962 2872 D
985 2849 1011 2873 s.
1039 2839 1060 2873 l.
1086 2850 1130 2873 m.
1156 2841 1192 2881 2,
1219 2851 1306 2884 quae
1330 2841 1413 2875 add.
1440 2853 1460 2876 v
1583 2842 1693 2875 animi
1719 2842 1906 2877 Pamelius
