2032 3248
303 218 388 264 284
707 218 898 253 Arnobii
930 220 1140 254 aduersus
1180 219 1384 254 nationes

302 334 374 376 aut
390 333 459 388 qui
475 346 613 377 rursus
631 333 804 388 accipiat
816 335 936 377 —hoc
952 335 1062 377 enim
1071 336 1205 378 solum
1222 335 1352 377 restat
1367 360 1408 366 —
1423 335 1603 378 numinis
1617 336 1789 379 alicuius

169 402 192 434 f·
209 403 289 435 lsslb
303 402 510 445 habitasse
536 402 542 458 Ι
567 401 655 444 uim
686 403 814 444 silicis
845 403 1089 459 fragmentis
1119 404 1228 458 ignis
1257 415 1369 446 more
1399 404 1625 447 subiectam
1655 404 1790 448 uenis-

304 484 381 526 que
411 471 454 512 in
484 471 571 513 eius
603 471 864 514 abstrusam?
911 473 952 515 et
981 472 1087 515 unde
1125 473 1244 527 parta
1274 473 1448 515 uictoria
1478 475 1558 526 est,
1592 474 1626 516 si
1655 475 1789 519 Pessi-

301 542 447 585 nuntio
477 541 604 596 lapidi
631 542 793 584 nullum
812 542 946 584 inerat
966 555 1116 584 numen
1130 544 1150 584 ⁴?
1181 542 1400 585 sedulitate
1419 554 1636 597 possumus
1658 542 1791 585 dicere

302 624 348 654 ac
392 611 547 653 uirtute
584 610 883 665 pugnantium,
928 624 1004 654 usu
1048 612 1228 665 tempore
1272 611 1438 653 consilio
1483 611 1658 665 ratione,
1706 611 1791 654 fato
1821 631 1836 653 ε»

302 680 431 722 etiam
459 691 676 735 possumus
707 680 747 722 et
776 681 978 734 reciproca
1008 680 1208 722 uarietate
1238 679 1437 723 fortunae.
1477 680 1548 722 sed
1575 681 1610 722 si
1640 679 1791 723 auxilio

301 749 451 803 lapidis
493 761 557 791 res
597 749 707 792 facta
745 751 807 792 est
846 750 993 792 melior
1023 750 1063 791 et
1103 749 1201 791 felix
1240 750 1465 804 reciperata
1505 749 1676 791 uictoria
1716 751 1792 801 est,

303 818 472 861 ubinam
502 818 637 861 Mater
666 819 849 874 Phrygia
887 820 1068 872 tempore
1107 819 1179 861 illo
1221 818 1319 870 fuit,
1360 831 1450 861 cum
1494 820 1556 861 tot
1586 818 1792 871 tantisque

309 887 551 929 exercitibus
581 887 707 929 caesis
738 887 933 930 inclinata
963 890 1025 930 est
1055 899 1119 929 res
1149 900 1310 930 summa
1341 888 1381 929 et
1411 888 1463 929 ad
1493 887 1665 929 ultimae
1685 886 1791 929 labis

304 956 531 1009 periculum
562 956 705 998 uenit?
735 968 806 998 our
834 968 913 998 non
942 957 1093 999 minaci
1115 956 1224 999 hosti
1245 969 1287 998 se
1307 956 1489 998 obtulit?
1520 969 1591 998 cur
1611 955 1791 1010 impetus
1805 973 1837 996 lo

302 1025 438 1067 tantos
477 1025 576 1067 belli
613 1037 692 1067 non
731 1025 844 1079 prius
874 1025 999 1080 fregit
1029 1038 1074 1067 ac
1103 1025 1283 1079 reppulit
1321 1037 1443 1078 quam
1473 1024 1674 1067 immanes
1705 1036 1751 1066 ac
1773 1046 1791 1066 ss

301 1094 528 1137 inciderent
566 1094 729 1149 plagae,
776 1093 922 1147 quibus
963 1094 1094 1136 omnis
1137 1093 1412 1136 effunderetur
1451 1094 1617 1148 sanguis
1654 1094 1694 1135 et
1724 1105 1791 1135 ex-

300 1163 462 1205 haustis
493 1163 628 1206 rueret
659 1163 748 1205 uita
777 1163 866 1217 ipsa
886 1175 1011 1218 paene
1031 1163 1258 1206 uitalibus?
1289 1162 1461 1205 aduecta
1482 1163 1590 1205 enim
1611 1162 1791 1205 nondum

302 1245 377 1275 nec
418 1232 600 1275 fauorem
644 1232 780 1274 fuerat
810 1235 856 1274 ut
890 1232 1168 1275 commodaret
1204 1232 1358 1287 rogata.
1406 1232 1511 1274 esto:
1553 1233 1622 1274 sed
1660 1231 1792 1273 bonus

302 1301 521 1344 auxiliator
558 1314 785 1355 numquam
815 1301 951 1357 rogari
981 1313 1024 1344 se
1053 1301 1186 1356 poscit
1217 1304 1437 1356 spontanea
1467 1313 1626 1355 semper
1656 1300 1793 1354 opitu-
1806 1318 1836 1342 ιε»

301 1370 455 1413 latione
485 1370 746 1413 subuenienS.
792 1370 953 1413 hostem
982 1370 1135 1424 pellere
1165 1383 1212 1413 ae
1241 1370 1384 1425 fugare
1404 1382 1483 1413 non
1503 1370 1639 1423 potuit
1660 1369 1791 1411 multo

302 1439 435 1482 adhuc
464 1440 569 1481 mari
599 1439 802 1493 terrisque
833 1439 883 1482 ab
914 1439 1038 1482 Italia
1069 1439 1255 1481 discreta.
1296 1440 1363 1481 sed
1394 1439 1488 1490 deo,
1521 1439 1557 1480 si
1588 1439 1686 1481 deus
1717 1441 1791 1490 est,

302 1508 473 1563 longum
503 1508 608 1550 nihil
637 1509 802 1550 omnino
832 1509 915 1559 est,
957 1509 1023 1551 cui
1053 1510 1252 1562 punctum
1283 1509 1391 1550 terra
1422 1508 1484 1550 est
1514 1510 1554 1550 et
1585 1508 1659 1549 sub
1689 1507 1792 1549 nutu

236 1573 283 1613 51
302 1577 440 1619 omnia
470 1577 709 1619 constituta.
758 1577 828 1619 sed
858 1578 982 1619 fuerit
1012 1589 1214 1631 praesens,
1246 1578 1293 1619 ut
1324 1576 1541 1630 exposcitis
1563 1577 1686 1627 credi,
1718 1576 1791 1618 illo

298 1645 386 1700 ipso
425 1659 576 1688 numen
606 1646 650 1687 in
679 1646 838 1700 lapide:
886 1647 927 1688 et
956 1646 1196 1688 mortalium
1234 1645 1450 1699 quisquam
1479 1646 1561 1697 est,
1603 1645 1791 1698 quamuis
1804 1658 1837 1684 20

298 1714 370 1756 ille
401 1714 457 1757 sit
487 1715 674 1757 credulus
706 1716 747 1757 et
768 1715 986 1757 facillimas
1007 1727 1124 1757 aures
1146 1714 1400 1768 quibuslibet
1419 1714 1654 1757 fictionibus
1675 1726 1790 1767 prae—

299 1783 414 1835 beat,
446 1784 517 1837 qui
547 1796 637 1825 eam
667 1784 821 1826 iudicet
850 1783 975 1826 fuisse
1005 1785 1077 1826 aut
1108 1784 1288 1838 tempore
1317 1783 1391 1825 illo
1423 1784 1542 1826 deam
1571 1783 1643 1824 aut
1672 1782 1791 1824 hodie

298 1852 378 1894 dici
419 1853 696 1907 appellarique
733 1852 896 1905 debere,
939 1865 1041 1907 quae
1073 1854 1193 1896 modo
1223 1852 1321 1894 haec
1351 1852 1538 1907 appetat,
1570 1853 1688 1894 modo
1718 1851 1791 1893 illa

182 1925 204 1959 f.
222 1927 285 1959 162
300 1921 511 1976 deposcat,
557 1935 650 1964 suos
694 1923 851 1965 deserat
896 1921 1164 1976 fastidiatque
1200 1920 1205 1977 Ι
1241 1923 1436 1973 cultores,
1479 1920 1699 1975 prouinciis
1739 1919 1789 1961 ab

298 1990 586 2034 humilioribus
632 1991 802 2046 migret,
851 1991 1148 2046 potentioribus
1198 1990 1360 2045 populis
1406 1990 1703 2043 ditioribusque
1748 2000 1835 2031 se25

297 2060 472 2115 iungat?
502 2073 648 2101 uerum
678 2060 848 2102 bellicas
878 2072 941 2102 res
973 2061 1087 2102 amet
1107 2060 1292 2113 interque
1313 2072 1399 2102 esse
1420 2059 1622 2101 desideret
1642 2058 1789 2113 pugnis

299 2129 487 2171 caedibus
516 2129 841 2171 mortalitatibus
873 2130 913 2171 et
943 2129 1087 2171 cruori.
1135 2128 1170 2170 si
1199 2128 1364 2170 deorum
1398 2129 1460 2170 est
1490 2127 1723 2182 proprium,
1755 2126 1790 2167 si

298 2198 418 2240 modo
459 2199 555 2240 sunt
593 2198 680 2240 ueri
710 2198 750 2239 et
788 2210 888 2251 quos
926 2197 1066 2239 deceat
1106 2197 1330 2251 nuncupari
1367 2196 1409 2238 ui
1450 2196 1561 2238 uocis
1597 2195 1718 2238 istius
1749 2196 1790 2237 et

343 2325 364 2356 1
387 2324 466 2367 quis
494 2323 561 2358 Gel
721 2323 743 2357 2
768 2323 841 2357 uim
871 2322 1046 2358 Orellius:
1071 2322 1108 2357 in
1134 2322 1171 2357 P
1320 2322 1414 2366 ignis
1438 2321 1584 2356 addidi.-
1609 2320 1655 2362 of.
1686 2320 1790 2364 Verq.

297 2390 415 2425 yeory.
441 2384 471 2424 1,
497 2382 563 2416 135
598 2382 648 2415 ‘ut
673 2380 783 2414 silicis
807 2380 908 2414 uenis
932 2379 1133 2414 abstrusum
1166 2379 1345 2414 excuderet
1369 2379 1499 2423 ignem’
1681 2377 1786 2420 more]

296 2437 424 2472 molem
455 2437 521 2472 Gel
551 2438 675 2472 molem
700 2438 760 2472 uel
790 2438 1012 2472 maiestatem
1043 2437 1112 2471 Urs
1142 2436 1321 2471 humorem
1353 2437 1412 2471 uel
1443 2435 1628 2470 materiam
1659 2435 1789 2469 Stewe-

297 2506 399 2541 chius
415 2506 501 2540 mire
523 2506 678 2541 Orellius
815 2506 834 2540 7
852 2497 1042 2540 uictotoria
1058 2506 1109 2540 sie
1125 2506 1161 2540 P
1287 2505 1310 2540 8
1326 2504 1445 2550 frygia
1462 2504 1498 2538 P
1636 2502 1679 2537 10
1695 2502 1789 2537 hosti

297 2564 446 2607 scripsi.-
475 2563 563 2598 forti
588 2563 624 2598 P
645 2563 785 2597 fortiter
810 2563 881 2597 Sab
904 2562 1009 2597 fortis
1040 2562 1209 2597 Oehlerus
1232 2562 1342 2607 portis
1367 2562 1518 2597 Zinkius
1655 2561 1698 2594 11
1723 2560 1789 2593 im·

300 2631 421 2655 manes
452 2621 502 2664 ae]
538 2620 709 2655 immanes
738 2621 803 2655 hae
832 2631 854 2655 r
892 2621 1061 2655 immanes
1095 2620 1168 2655 Sab
1350 2619 1519 2654 lacunam
1555 2618 1700 2664 siynaui

298 2678 343 2712 14
366 2678 523 2712 fauorem
546 2678 630 2712 Gel:
654 2688 820 2722 pauorem
843 2678 879 2713 P
1015 2678 1088 2712 esto
1110 2677 1297 2712 Oehlerus:
1322 2668 1389 2710 {P
1403 2686 1457 2711 om
1475 2676 1546 2711 Sab
1677 2675 1719 2709 17
1744 2674 1789 2709 ab

297 2733 406 2768 Italia
428 2734 618 2769 Oehlerus:
642 2734 853 2769 habitabilia
869 2734 904 2769 P
928 2733 1186 2769 habitabilibus
1204 2734 1277 2769 Sab
1384 2734 1429 2768 21
1446 2733 1651 2767 facillimas*
1668 2733 1702 2764 P

298 2790 502 2826 fictionibus
527 2791 620 2827 Sab:
654 2791 882 2827 fluctionibus
908 2792 944 2826 P
1124 2791 1169 2826 26
1200 2791 1336 2835 uerum]
1368 2790 1497 2824 nedum
1527 2789 1699 2825 Oehlerus
1738 2826 1758 2843 ⁶

298 2848 441 2883 bellicas
466 2848 559 2884 Sab:
596 2848 722 2883 bellica
748 2850 782 2883 P
918 2851 1013 2883 amat
1038 2848 1111 2883 Sab
1247 2847 1424 2882 desiderat
1449 2846 1520 2881 Sab
