2032 3248
801 227 932 261 Liber
963 227 1009 263 ΙΙ.
1593 229 1646 270 79

160 357 278 398 cupes
316 356 538 386 uannorum
580 343 875 395 sirpiarumque
911 342 1092 384 nitores?
1132 342 1229 395 quid
1267 342 1440 384 fullones
1470 342 1646 384 lanarios

159 413 399 467 phrygiones
437 424 548 454 cocos
586 411 900 464 panchristarios
950 411 1151 452 muliones
1188 411 1349 452 lenones
1385 411 1514 453 lanios
1560 425 1647 452 me-

159 483 353 523 retrices?
398 481 495 534 quid
535 480 769 522 institorum
810 479 892 521 alia
933 492 1105 533 genera,
1150 480 1246 532 quid
1295 480 1566 532 professorum
1607 481 1648 522 et

160 551 324 599 artium,
353 550 498 602 quibus
530 548 812 590 enumerandis
834 549 963 590 omnis
985 550 1097 590 aetas
1119 550 1291 602 angusta
1312 550 1385 598 est,
1417 549 1646 591 rationibus

133 618 372 661 sconferunt
402 619 442 659 et
473 618 834 659 constitutionibus
865 617 1030 665 mundi,
1070 618 1117 658 ut
1148 618 1234 658 sine
1264 618 1498 660 hominibus
1530 618 1645 660 condi

160 700 236 729 non
268 686 446 739 potuisse
478 687 663 727 credatur
692 698 763 727 nec
801 687 1040 739 optenturus
1080 686 1362 740 integritatem
1393 687 1469 736 sui,
1501 688 1578 728 nisi
1611 689 1646 729 ei
1662 688 1714 728 39

160 754 362 797 contentio
394 754 582 796 animalis
613 754 750 795 miseri
781 757 821 794 et
851 755 1093 808 superuacui
1124 755 1388 809 iungeretur?
1433 756 1510 797 nisi
1542 757 1646 798 sorte

160 837 296 865 rerum
318 823 518 872 dominus,
542 835 643 875 quae
660 823 904 864 temeritatis
926 825 987 865 est
1008 824 1208 865 maximae
1229 823 1404 865 humano
1426 837 1472 866 ex
1493 837 1559 866 ore
1579 827 1648 867 de-

160 904 359 946 promere,
397 890 401 946 Ι
437 891 585 933 idcirco
630 903 677 932 ex
714 903 755 932 se
800 892 957 945 genitas
994 892 1072 933 huc
1110 892 1265 933 animas
1296 892 1429 942 misit,
1469 894 1516 934 ut
1546 906 1647 946 quae
1661 904 1683 936 f.
1699 903 1761 937 46¹³

117 974 149 999 10
161 961 320 1002 fuerant
351 960 456 1012 apud
487 971 528 1000 se
559 959 667 1007 deae,
700 960 878 1013 corporei
909 960 1044 1001 tactus
1075 961 1115 1001 et
1145 960 1336 1002 terrariae
1364 961 1649 1016 circumscrip-

160 1029 281 1070 tionis
313 1028 515 1081 expertes,
556 1028 733 1069 humana
763 1028 1087 1083 inmergerentur
1116 1029 1159 1069 in
1192 1028 1366 1078 semina,
1406 1029 1649 1072 feminarum

161 1111 206 1139 ex
236 1096 484 1151 genitalibus
515 1096 761 1150 prosilirent,
794 1097 1072 1150 ineptissimos
1103 1097 1268 1139 ederent
1289 1098 1651 1152 continuarentque

161 1166 346 1220 uagitus,
387 1165 628 1218 exsugerent
669 1165 892 1207 fellitantes
924 1177 1145 1215 mammas,
1183 1167 1369 1218 proluuie
1408 1166 1580 1208 linerent
1612 1168 1652 1209 et

161 1234 418 1276 madidarent
448 1246 489 1275 se
519 1246 605 1281 sua,
637 1235 735 1275 tunc
766 1234 816 1275 ad
848 1234 1060 1275 silentium
1082 1234 1254 1287 pauidae
1277 1235 1447 1276 nutricis
1469 1236 1650 1277 motibus

118 1315 148 1339 1⁵
162 1306 202 1345 et
233 1303 491 1357 crepitaculis
522 1302 816 1344 adducerentur
847 1303 1012 1344 auditis.
1059 1303 1208 1344 idcirco
1247 1303 1403 1344 animas
1439 1304 1574 1354 misit,
1605 1305 1652 1345 ut

164 1385 264 1425 quae
295 1372 455 1413 fuerant
485 1371 691 1424 simplices
732 1372 772 1412 et
811 1371 1008 1413 bonitatis
1048 1384 1173 1424 nuper
1213 1372 1418 1422 innoxiae,
1460 1372 1651 1413 simulare

164 1441 206 1481 in
252 1440 486 1482 hominibus
532 1440 755 1489 discerent,
813 1440 1071 1481 dissimulare
1114 1440 1278 1481 mentiri
1321 1441 1651 1482 circumscribere

165 1510 325 1559 fallere,
372 1509 599 1551 adulatoria
644 1509 881 1550 humilitate
922 1510 1103 1563 captare,
1155 1511 1288 1550 mente
1331 1509 1443 1551 aliud
1486 1509 1652 1551 uoluere

163 1578 274 1619 aliud
304 1578 346 1619 in
377 1578 478 1620 facie
509 1578 710 1632 polliceri,
751 1578 1004 1631 inlaqueare,
1046 1578 1227 1632 decipere
1257 1578 1361 1619 dolis
1399 1579 1522 1631 atque
1552 1578 1650 1620 insi-

118 1658 149 1683 20
163 1646 240 1688 diis
272 1647 438 1697 nescios,
469 1659 539 1699 per
570 1646 803 1688 innumeras
834 1647 941 1688 artes
963 1647 1218 1688 malitiarum
1245 1659 1398 1688 uenena
1420 1647 1652 1699 conquirere

162 1718 203 1756 et
233 1715 282 1756 ad
313 1728 433 1757 usum
463 1715 659 1767 temporis
691 1715 887 1768 pellaciae
909 1715 1140 1756 mobilitate
1161 1714 1362 1757 formari?
1392 1715 1541 1756 idcirco
1563 1715 1651 1756 ani-

162 1796 250 1824 mas
280 1783 407 1836 misit,
439 1784 485 1824 ut
514 1783 557 1824 in
588 1784 733 1835 pacata
764 1784 804 1824 et
834 1783 995 1836 placida
1025 1783 1327 1836 tranquillitate
1357 1784 1550 1837 degentes
1580 1784 1651 1825 ad-

164 1853 370 1894 sumerent
401 1864 446 1893 ex
478 1851 710 1905 corporibus
747 1864 886 1893 causas
918 1851 1065 1904 quibus
1086 1851 1191 1893 ferae
1213 1852 1354 1894 fierent
1376 1853 1416 1893 et
1437 1852 1651 1900 immanes,

164 1920 397 1962 simultates
427 1922 550 1973 atque
571 1920 812 1962 inimicitias
835 1922 1030 1973 gererent,
1062 1922 1317 1962 consererent
1338 1921 1443 1962 inter
1465 1933 1507 1962 se
1528 1920 1650 1970 bella,

120 2002 150 2027 25
164 1990 438 2043 expugnarent
469 1991 590 2042 atque
621 1990 849 2031 euerterent
881 1989 1090 2039 ciuitates,
1130 1989 1341 2031 seruitutis
1379 1989 1652 2042 opprimerent

165 2059 204 2098 et
234 2058 512 2110 manciparent
543 2069 585 2098 se
624 2057 718 2111 iugo
757 2058 797 2099 et
828 2057 878 2098 ad
916 2058 1112 2098 ultimum
1150 2057 1292 2099 fierent
1323 2058 1493 2099 alterius
1525 2058 1653 2098 altera

165 2126 378 2179 potestatis
409 2127 612 2168 natalium
643 2127 875 2168 condicione
914 2127 1102 2167 mutata?
1148 2126 1296 2167 idcirco
1333 2126 1487 2167 animas
1523 2125 1650 2174 misit,

166 2195 211 2234 ut
242 2194 484 2236 inmemores
515 2194 705 2236 ueritatis
745 2194 910 2236 effectae
941 2196 981 2236 et
1012 2195 1207 2247 quidnam
1239 2196 1344 2236 esset
1375 2194 1472 2236 deus
1503 2194 1652 2236 oblitae

166 2262 392 2304 simulacris
423 2263 622 2304 inertibus
656 2263 950 2316 supplicarent,
992 2263 1105 2316 ligna
1135 2275 1228 2304 aera
1257 2263 1298 2304 et
1328 2263 1482 2315 lapides
1513 2261 1652 2303 diuina

214 2386 230 2418 1
256 2385 431 2419 uinctorcs
458 2387 529 2420 Sab
667 2387 688 2419 2
713 2387 890 2430 frygiones
916 2387 950 2421 P
1131 2386 1410 2430 panchrestarios
1440 2386 1649 2421 Turnebus:

166 2442 446 2486 panchrystarios
464 2444 499 2477 P
589 2444 610 2477 3
628 2443 830 2476 institorum
850 2444 942 2477 Sab:
960 2443 1205 2477 institutorum
1222 2444 1256 2477 P
1344 2444 1366 2476 4
1383 2442 1514 2477 omnis·
1531 2443 1567 2476 P

167 2499 188 2531 5
224 2500 380 2533 conferre
418 2500 490 2533 Sab
626 2500 648 2533 8
686 2510 798 2533 rerum
835 2499 996 2533 dominus
1027 2499 1228 2534 Vahlenus:
1263 2511 1320 2534 rex
1351 2499 1502 2533 mundus
1528 2500 1564 2533 P
1598 2509 1653 2533 rex

168 2555 288 2589 mundi
304 2556 375 2589 Sab
513 2567 598 2600 quae
622 2555 822 2590 Vahlenus:
847 2567 947 2600 quem
966 2556 999 2589 P
1023 2556 1114 2599 quod
1138 2557 1205 2591 Urs
1334 2556 1416 2589 hore
1434 2556 1469 2590 P
1483 2566 1563 2590 corr

169 2612 211 2644 10
227 2612 313 2646 deae
330 2613 365 2646 P
499 2614 664 2647 terrariae
689 2613 858 2647 Orellius:
882 2613 1088 2647 temerariae
1106 2614 1141 2646 P
1152 2616 1309 2647 terrenae
1331 2613 1398 2647 Urs
1534 2612 1577 2646 11
1602 2622 1653 2646 se-

168 2668 281 2702 minas
300 2669 334 2702 P
349 2679 431 2703 corr
575 2670 617 2703 13
642 2672 846 2713 exsugerent
871 2670 906 2703 P
1059 2670 1101 2703 14
1125 2671 1222 2714 tunc]
1249 2672 1284 2703 et
1310 2672 1350 2704 ut
1376 2669 1447 2704 Sab
1590 2679 1651 2713 pa-

169 2724 243 2758 uidi
280 2725 352 2759 Sab
501 2726 542 2760 17
581 2725 802 2759 dissimulare
840 2726 983 2760 mentiri
1022 2726 1113 2759 Sab:
1149 2726 1411 2760 dissimularent
1447 2726 1491 2760 iri
1528 2726 1564 2760 P

170 2781 212 2815 18
247 2781 440 2816 adolatoria
471 2783 507 2817 P
684 2783 728 2816 20
763 2783 890 2817 nesci⁰s
922 2783 957 2817 P
1137 2783 1335 2817 ninumeras
1370 2783 1406 2817 P
1431 2793 1513 2818 corr
1542 2793 1563 2817 r

170 2837 210 2870 21
229 2837 354 2881 pellaci
377 2838 446 2873 Urs
565 2839 714 2873 formare
733 2839 804 2873 Sab
919 2840 963 2874 23
981 2839 1094 2874 faerae
1111 2840 1146 2874 P
1161 2850 1242 2874 corr
1354 2840 1399 2875 24
1415 2840 1508 2875 uella
1524 2840 1560 2874 P
1574 2850 1653 2875 corr
