2032 3248
328 170 414 205 VIII

328 287 414 328 suis
447 286 624 328 Vrsinus
656 286 698 328 in
729 285 984 340 praefatione
1006 287 1161 338 narrat,
1195 284 1299 328 satis
1320 285 1556 328 ostendunt.
1589 298 1665 327 nec
1686 288 1831 340 postea

329 358 494 410 praeter
524 355 682 397 librum
711 355 953 398 Parisinum
984 356 1090 397 alius
1123 355 1214 397 fons
1237 355 1496 397 Arnobianae
1517 355 1738 397 memoriae
1760 355 1831 397 de-

326 427 462 467 tectus
501 427 576 467 est.
618 438 715 468 nam
754 427 937 468 codicem
968 425 1300 477 Bruxellensem,
1333 425 1405 478 qui
1435 427 1595 467 sextum
1627 424 1834 467 decimum

328 494 538 537 saeculum
571 507 764 548 superare
796 507 879 537 non
910 494 1091 547 uidetur,
1124 493 1304 536 Parisini
1325 493 1608 548 apographum
1630 507 1715 536 esse
1738 507 1833 536 cum

329 564 400 605 alii
430 565 728 618 perspexerunt
758 566 850 606 tum
882 577 956 619 ego
978 563 1212 606 conlatione
1235 563 1324 605 eius
1349 575 1373 605 a
1394 563 1618 606 Laurentio
1641 563 1834 605 Lerschio

328 632 458 683 facta,
499 645 626 686 quam
665 632 770 675 mihi
800 633 975 676 Ioannes
1007 632 1368 686 Freudenbergius
1401 632 1702 684 commodavit,
1736 644 1835 674 usus

330 701 389 743 ita
420 701 639 745 adfirmare
671 715 849 756 possum,
882 705 930 745 ut
960 703 1090 745 bonae
1123 701 1293 744 chartae
1314 701 1512 755 prodigus
1534 701 1637 742 mihi
1658 702 1834 751 uiderer,

327 769 361 811 si
391 770 566 813 uerbum
599 772 807 814 adderem.
846 785 924 826 quo
964 772 1203 828 apographo
1245 772 1329 813 iam
1361 770 1637 815 Godescalcus
1679 769 1832 812 Stewe-

332 839 447 882 chius
478 853 576 882 usus
610 843 685 883 est.

463 908 597 952 Codex
651 911 782 965 igitur
824 911 1038 953 Parisinus
1092 923 1197 953 nono
1245 911 1408 954 saeculo
1456 911 1625 952 ineunte
1678 909 1834 951 litteris

334 978 580 1022 minusculis
623 992 646 1022 a
685 980 942 1036 calligrapho
983 981 1162 1035 scriptus
1209 983 1292 1022 est:
1332 980 1376 1021 in
1415 992 1483 1032 eo,
1526 979 1632 1033 quod
1671 991 1763 1021 raro
1795 979 1839 1020 in

336 1046 416 1089 alio
448 1048 586 1091 codice
618 1049 801 1092 eiusdem
832 1050 981 1092 aetatis
1013 1052 1054 1092 et
1086 1052 1317 1105 scripturae
1352 1048 1558 1100 inueniaS,
1590 1048 1718 1090 uerba
1756 1048 1841 1090 fere

337 1128 417 1158 non
456 1120 711 1172 separantur.
752 1120 1048 1173 transscriptus
1089 1121 1232 1162 autem
1272 1121 1332 1161 est
1372 1131 1420 1160 ex
1457 1118 1588 1170 libro,
1622 1118 1693 1172 qui
1722 1117 1841 1159 litte-

337 1187 478 1228 ratura
526 1188 690 1230 cursiua
739 1191 930 1231 exaratus
982 1191 1070 1232 erat
1113 1190 1199 1231 eius
1246 1188 1434 1243 generis,
1483 1189 1590 1230 unde
1636 1186 1844 1241 scriptura

333 1266 458 1308 quam
496 1259 647 1299 uocant
685 1258 982 1312 langobardica
1027 1262 1151 1301 enata
1182 1260 1257 1301 est.
1303 1269 1429 1313 quam
1475 1257 1680 1312 originem
1729 1257 1843 1310 ipsae

331 1327 587 1380 corruptelae
627 1329 830 1380 produnt:
870 1328 1004 1370 ueluti
1046 1340 1120 1382 pro
1159 1330 1174 1369 t
1212 1326 1408 1370 scribitur
1444 1330 1482 1369 ct
1526 1327 1584 1382 (u.
1623 1340 1656 1369 c.
1688 1325 1843 1377 31‚25.

333 1395 401 1446 84,
423 1395 459 1436 1.
492 1395 639 1447 91,28.
675 1396 847 1447 159,15.
883 1398 1058 1449 185,10.
1082 1398 1260 1448 211,28.
1283 1397 1380 1452 212,
1395 1397 1460 1439 10.
1495 1396 1592 1447 248,
1607 1395 1695 1453 25),
1727 1409 1747 1437 c
1776 1394 1845 1437 uel

330 1466 347 1505 t
376 1477 449 1518 pro
481 1468 518 1506 ct
548 1463 662 1518 (129,
682 1466 720 1509 1.
774 1467 868 1518 151,
886 1469 925 1510 9.
976 1467 1159 1520 224,11.
1205 1467 1302 1519 226,
1320 1466 1420 1521 28),
1468 1479 1488 1507 c
1527 1478 1601 1521 pro
1631 1467 1667 1507 et
1700 1464 1842 1516 (7,19.

333 1533 486 1584 46,17.
524 1535 593 1586 56,
612 1535 680 1577 23.
722 1536 789 1587 62,
808 1536 863 1578 23
884 1537 959 1579 bis.
994 1537 1061 1589 77,
1079 1537 1149 1579 23.
1182 1537 1337 1588 82,15.
1372 1536 1437 1577 17.
1470 1535 1625 1587 92,14.
1663 1533 1757 1586 114,
1777 1533 1845 1575 23.

334 1602 428 1653 135,
454 1604 519 1646 18.
556 1604 735 1655 160,19.
770 1606 863 1657 183,
882 1606 949 1648 23.
982 1606 1192 1661 258,12),
1230 1609 1266 1647 et
1307 1618 1379 1660 pro
1420 1619 1439 1648 e
1480 1605 1566 1660 (56,
1585 1605 1654 1647 23.
1688 1603 1844 1654 73,16.

333 1671 456 1722 84,1.
505 1672 572 1716 25.
618 1674 685 1726 94,
706 1675 773 1716 20.
808 1675 990 1727 179,12.
1047 1676 1195 1727 182,1.
1252 1676 1346 1728 191,
1364 1675 1433 1717 24.
1462 1674 1644 1727 211,23.
1691 1673 1788 1725 233,
1807 1673 1846 1716 6-

333 1742 431 1793 275,
461 1743 528 1785 24.
575 1743 757 1800 285,1),
798 1748 842 1786 at
879 1759 952 1799 pro
991 1748 1006 1786 t
1039 1746 1125 1802 (95,
1144 1747 1182 1788 6.
1226 1745 1376 1796 125,1.
1425 1745 1606 1797 160,10.
1645 1744 1742 1795 260,
1762 1743 1844 1795 30),

334 1815 433 1854 eant
462 1825 534 1867 pro
575 1816 644 1855 ent
686 1814 913 1870 (227,17>,
952 1818 967 1856 t
1009 1828 1082 1870 pro
1129 1818 1173 1857 at
1211 1815 1323 1867 (125,
1343 1815 1411 1858 23.
1461 1815 1556 1867 133,
1575 1815 1612 1857 8.
1664 1814 1845 1866 139,17.

337 1881 486 1935 171,8.
527 1882 738 1939 270,12)‚
780 1887 848 1926 ent
886 1897 959 1938 pro
997 1888 1095 1927 eant
1129 1886 1215 1940 (17,
1234 1886 1302 1927 25.
1336 1884 1405 1936 25,
1422 1884 1490 1926 20.
1514 1884 1581 1936 71,
1602 1882 1667 1925 15.
1700 1883 1768 1934 95,
1786 1881 1846 1938 6),

329 1951 582 2003 praedicata
621 1966 695 2007 pro
728 1953 930 2006 praedita
969 1952 1082 2008 (195,
1095 1955 1155 2009 2).
1204 1955 1351 1997 deinde
1390 1953 1701 1997 confunduntur
1739 1951 1849 1993 inter

336 2033 378 2062 se
398 2021 528 2074 fetp
550 2020 637 2078 (41,
654 2022 694 2064 5.
719 2022 786 2073 65,
805 2023 875 2065 20.
903 2023 1084 2075 143,13.
1112 2024 1206 2075 162,
1227 2024 1292 2066 16.
1329 2023 1423 2075 172,
1445 2024 1481 2066 1.
1516 2022 1609 2077 182,
1630 2023 1669 2065 8.
1694 2022 1788 2074 185,
1808 2021 1846 2063 9.

339 2089 520 2143 192,13.
572 2091 753 2143 196,14.
802 2092 898 2145 219,
918 2094 957 2136 6.
1003 2094 1100 2145 246,
1117 2094 1186 2137 22.
1232 2092 1434 2149 284,14),
1480 2107 1503 2134 r
1542 2094 1582 2134 et
1623 2105 1643 2134 s
1674 2091 1847 2148 (18,18.

337 2160 495 2217 25,18.
543 2164 668 2215 29,1.
714 2164 782 2214 35,
800 2164 868 2206 25.
915 2164 983 2217 49,
1001 2163 1068 2205 20.
1116 2164 1184 2215 57,
1203 2164 1242 2206 9.
1291 2164 1358 2215 75,
1376 2163 1445 2206 28.
1493 2163 1561 2214 76,
1579 2161 1648 2205 28.
1694 2160 1846 2212 94,25.

338 2233 493 2284 99,11.
546 2233 726 2283 102,18.
777 2233 869 2284 104,
887 2233 956 2275 23.
1014 2234 1108 2285 111,
1127 2233 1195 2275 20.
1240 2233 1333 2283 123,
1353 2233 1420 2274 23.
1470 2232 1565 2285 131,
1585 2232 1622 2273 7.
1667 2231 1846 2282 136,14.

337 2301 519 2352 203,14.
576 2303 758 2352 206,10.
814 2303 910 2354 213,
928 2303 966 2345 6.
1016 2302 1113 2354 224,
1131 2303 1197 2345 20.
1246 2302 1406 2354 243,1.
1453 2301 1550 2353 268,
1571 2302 1608 2342 7.
1648 2300 1848 2352 284,10),

339 2385 453 2423 rum,
493 2374 608 2425 -quod
649 2372 757 2426 sigla
793 2372 1011 2413 notissima
1048 2372 1332 2421 indicabatur,
1374 2372 1415 2412 et
1453 2383 1472 2411 s
1510 2370 1592 2421 (62,
1614 2370 1652 2412 5.
1696 2369 1790 2420 184,
1809 2369 1849 2411 8.

340 2440 436 2492 226,
455 2441 521 2482 27.
553 2441 736 2491 240,17.
775 2440 957 2491 266,18.
991 2440 1088 2491 269,
1107 2440 1194 2495 24),
1227 2453 1250 2480 r
1281 2441 1323 2482 et
1353 2440 1395 2480 ri
1428 2438 1629 2495 (230,15.
1662 2438 1760 2488 236,
1781 2438 1846 2479 14.

343 2509 558 2564 271,14),
605 2523 632 2550 a
664 2510 705 2551 et
734 2523 763 2551 u
796 2509 969 2565 (61,18.
1020 2509 1201 2560 101,13.
1250 2508 1431 2561 129,14.
1475 2508 1570 2560 150,
1588 2508 1627 2550 5.
1663 2507 1757 2558 159,
1781 2507 1848 2549 25.

344 2579 438 2629 181,
462 2579 528 2621 26.
575 2579 672 2629 202,
698 2579 735 2620 7.
781 2579 878 2631 204,
903 2579 942 2621 9.
991 2578 1087 2630 212,
1110 2578 1178 2621 23.
1226 2577 1323 2630 216,
1345 2578 1414 2620 22.
1458 2577 1556 2626 236,
1583 2577 1647 2619 17.
1690 2576 1786 2627 243,
1811 2577 1849 2618 2.

343 2648 438 2698 265,
456 2647 543 2703 24).
575 2649 676 2690 adeo
698 2661 728 2688 ‘n
750 2650 791 2689 et
811 2647 839 2688 d
859 2648 1152 2701 permutantur
1183 2647 1243 2700 (8,
1264 2647 1328 2689 16.
1359 2646 1427 2697 26,
1448 2646 1512 2688 13.
1537 2646 1604 2697 37,
1623 2646 1661 2687 4.
1695 2646 1789 2697 105,
1809 2645 1848 2687 8.

345 2717 440 2770 106,
458 2717 496 2759 6.
539 2717 632 2768 108,
651 2718 689 2758 3.
733 2716 911 2768 112,14.
955 2716 1049 2765 134,
1068 2716 1135 2757 23.
1171 2716 1266 2767 159,
1284 2715 1352 2757 23.
1389 2715 1483 2765 177,
1504 2715 1569 2756 27.
1603 2714 1748 2767 205,9.
1781 2714 1848 2756 25.

344 2784 520 2836 255,1):
563 2798 642 2838 quo
682 2785 932 2838 scripturam
969 2785 1013 2826 in
1054 2784 1191 2827 codice
1229 2784 1302 2826 illo
1342 2783 1575 2836 antiquiore
1607 2784 1849 2836 usurpatam

345 2854 446 2896 satis
480 2854 698 2896 distortam
730 2855 856 2896 fuisse
888 2857 1094 2896 docemur.
1129 2852 1275 2894 deinde
1306 2852 1510 2906 siglarum
1533 2864 1656 2893 usum
1679 2851 1850 2893 minime
