2032 3248
385 237 466 281 146
786 234 974 269 Arnobii
1006 233 1215 268 aduersus
1254 234 1466 269 nationes

383 351 636 407 praesidibus
681 350 891 406 degerent,
938 360 1036 404 quas
1081 359 1166 391 esse
1204 348 1359 391 faustas
1399 349 1441 391 et
1477 348 1680 403 prosperis
1717 360 1875 402 semper

344 423 479 464 ficum
527 419 731 462 ominibus
781 418 1025 462 ediderunt?
1073 418 1318 468 Lateranus,
1369 418 1416 460 ut
1461 418 1618 470 dicitis,
1669 418 1768 460 deus
1813 418 1875 459 est

381 489 564 532 focorum
594 490 636 531 et
665 488 809 544 genius
838 487 1100 541 adfectusque
1130 488 1204 530 1100
1234 486 1414 536 1101111110,
1446 487 1554 541 quod
1584 500 1631 529 ex
1660 487 1874 530 laterculis

382 559 432 602 ab
462 558 698 601 hominibus
729 557 864 600 crudis
894 556 1148 599 caminorum
1168 556 1280 598 istud
1301 556 1584 599 exaedificetur
1603 568 1744 611 genus.
1776 556 1875 610 quid

270 632 294 667 f.
307 632 368 666 82¹²
380 630 504 682 ergo?
543 628 579 669 si
608 627 717 669 testa
747 627 819 669 aut
849 625 1024 668 materia
1061 623 1067 681 Ι
1102 624 1260 667 fuerint
1290 638 1547 679 quacumque
1577 626 1660 667 alia
1689 624 1876 667 fabricati
1906 638 1921 664 ⁵

380 697 477 751 foci,
516 695 659 752 genios
688 708 769 738 non
798 695 1030 746 habebunt,
1071 695 1112 737 et
1142 694 1192 736 ab
1223 693 1357 737 officio
1397 695 1551 737 tutelae
1582 695 1767 748 quisquis
1796 694 1876 736 iste

379 766 443 808 est
472 766 698 807 Lateranus
737 764 950 815 abscedet,
991 762 1100 817 quod
1138 763 1256 818 regni
1296 764 1359 806 sui
1399 763 1598 817 possessio
1639 775 1719 805 non
1749 763 1875 806 luteis

380 834 613 877 constructa
642 834 704 875 est
734 832 908 875 formis?
939 833 980 875 et
1009 832 1122 886 quid,
1153 844 1314 886 quaeso,
1348 833 1395 875 ut
1426 832 1564 885 faciat,
1596 833 1875 887 praesidatum

378 903 561 946 focorum
601 905 699 945 deus
739 902 818 943 iste
859 901 1029 944 sortitus
1060 901 1153 943 est?
1192 914 1263 954 per
1293 901 1462 943 humani
1492 902 1652 955 generis
1683 902 1875 955 coquinas

377 972 507 1016 currit
545 971 765 1025 inspiciens
796 972 838 1013 et
867 970 1090 1024 explorans,
1133 970 1378 1024 quibusnam
1408 970 1618 1026 lignorum
1659 971 1875 1026 generibus
1888 985 1922 1011 ιο

376 1042 461 1083 suis
491 1042 610 1083 ardor
638 1040 682 1082 in
702 1039 849 1082 foculis
872 1039 1083 1090 excitetur,
1114 1039 1404 1082 habitudinem
1430 1039 1629 1082 fictilibus
1650 1040 1877 1082 contribuit

374 1110 555 1152 uasculis
584 1122 634 1152 ne
664 1109 924 1152 flammarum
956 1109 1166 1151 dissiliant
1186 1109 1229 1151 ui
1257 1109 1379 1161 uicta,
1414 1110 1530 1151 curat
1559 1109 1606 1151 ut
1636 1109 1688 1151 ad
1710 1121 1876 1151 sensum

374 1179 503 1233 palati
544 1179 629 1220 suis
669 1190 763 1220 cum
798 1178 1127 1220 iucunditatibus
1168 1178 1340 1220 ueniant
1374 1191 1514 1220 rerum
1544 1178 1875 1231 incorruptarum

374 1260 558 1302 saporeS,
592 1248 634 1290 et
663 1260 715 1289 an
744 1247 823 1289 rite
852 1247 1067 1301 pulmenta
1105 1246 1269 1289 condita
1306 1247 1390 1288 sint
1427 1248 1752 1303 praegustatoris
1782 1247 1875 1289 fun-

373 1317 488 1372 gitur
508 1317 631 1371 atque
653 1316 858 1371 experitur
879 1315 1024 1358 officio.
1057 1316 1167 1358 itane
1188 1316 1300 1358 istud
1322 1329 1402 1358 non
1424 1317 1602 1371 foedum,
1634 1316 1873 1371 quinimmo,
1888 1330 1920 1356 15

373 1387 421 1427 01
451 1386 588 1428 001103
621 1385 811 1439 dixerim,
854 1397 934 1426 non
966 1385 1327 1436 contumeliosum,
1368 1397 1448 1427 non
1479 1385 1675 1440 impium,
1717 1385 1769 1427 ad
1798 1385 1875 1428 1100

371 1455 536 1498 tantum
566 1455 756 1498 inducere
787 1457 954 1497 deorum
985 1455 1119 1497 nescio
1151 1467 1251 1509 quas
1282 1454 1478 1506 fictiones,
1511 1467 1591 1497 non
1617 1467 1716 1509 quas
1738 1454 1874 1509 dignis

371 1524 591 1567 honoribus
621 1536 864 1578 prosequare
898 1523 969 1567 sed
999 1536 1097 1577 quas
1129 1523 1248 1566 rebus
1280 1524 1470 1577 turpibus
1502 1525 1543 1566 et
1579 1522 1725 1566 infami
1755 1535 1874 1577 prae-

333 1594 355 1635 7
371 1593 481 1636 110133
524 1593 707 1635 actioni?
753 1593 930 1634 etiamne
970 1593 1165 1635 militaris
1205 1593 1342 1634 Venus
1385 1593 1661 1635 castrensibus
1700 1591 1872 1647 flagitiis

371 1661 579 1716 praesidet
619 1662 661 1703 et
700 1673 921 1715 puerorum
967 1661 1155 1714 stupris?
1207 1661 1387 1703 etiamne
1432 1660 1588 1703 Perfica
1629 1673 1710 1702 una
1749 1662 1811 1703 est
1851 1673 1919 1704 eso

370 1730 521 1786 populo
553 1730 791 1781 numinum,
834 1742 935 1783 quae
966 1730 1161 1771 obscenas
1193 1729 1288 1771 illas
1319 1730 1360 1771 et
1391 1728 1526 1771 luteas
1558 1730 1792 1784 uoluptates
1822 1732 1872 1773 ad
1988 1724 1991 1728 ’

371 1800 528 1841 exitum
548 1798 709 1853 perficit
731 1798 946 1840 dulcedine
967 1798 1165 1840 inoffensa
1185 1801 1429 1852 procedere?
1450 1799 1629 1840 etiamne
1649 1799 1870 1850 Pertunda,

370 1881 473 1922 quae
503 1869 547 1909 in
580 1867 782 1911 cubiculis
812 1869 974 1921 praesto
1006 1868 1069 1910 est
1099 1868 1347 1923 uirginalem
1378 1868 1562 1911 scrobem
1584 1868 1872 1910 effodientibus

370 1937 563 1979 maritis?
609 1937 789 1978 etiamne
821 1937 1024 1987 Tutunus,
1057 1938 1172 1979 cuius
1204 1937 1439 1979 inmanibus
1470 1937 1672 1990 pudendis
1703 1937 1871 1979 horren-

369 2006 484 2059 tique
516 2005 671 2048 fascino
703 2008 863 2048 uestras
895 2006 1124 2059 inequitare
1156 2007 1362 2048 matronas
1383 2007 1425 2048 et
1447 2006 1700 2060 auspicabile
1721 2006 1871 2047 ducitis
1884 2020 1915 2046 2⁵

370 2075 412 2116 et
441 2075 625 2128 optatis?
672 2074 817 2128 quodsi
848 2075 1019 2117 minime
1051 2087 1123 2117 uos
1155 2075 1378 2117 admouent
1409 2075 1461 2117 ad
1482 2075 1741 2116 intellectum
1762 2074 1870 2116 ueri-

369 2144 470 2185 tatis
503 2156 567 2185 res
598 2144 723 2197 ipsae,
756 2156 827 2185 nec
858 2157 904 2185 ex
935 2143 1034 2197 ipsis
1067 2144 1216 2186 saltem
1247 2144 1418 2198 potestis
1448 2144 1682 2185 nominibus
1707 2155 1870 2185 noscere

281 2222 303 2256 f.
317 2223 360 2256 83
374 2211 643 2254 inanissimae
685 2212 991 2266 superstitionis
1034 2212 1231 2266 figmenta
1271 2212 1370 2254 haec
1415 2211 1420 2268 Ι
1466 2224 1553 2254 0330
1594 2212 1634 2253 et
1674 2211 1871 2254 falsorum

366 2280 682 2336 imaginationes
724 2282 925 2323 deorum?
971 2281 1254 2335 putationibus
1286 2281 1477 2323 arborum
1508 2281 1638 2331 Puta,
1682 2271 1868 2333 inquitis,

414 2462 435 2495 ⁴2
461 2461 638 2496 ominibus
665 2462 745 2504 Sab,
770 2473 808 2496 r:
832 2462 1034 2496 hominibus
1059 2463 1092 2495 P
1226 2463 1248 2496 3
1273 2462 1501 2506 adfectusque
1525 2462 1733 2496 Meursius:
1758 2461 1870 2496 adiec-

367 2519 494 2562 tusque
519 2519 553 2551 P
582 2519 821 2562 adauctusque
846 2519 918 2554 Sub
953 2519 1137 2564 dictusque
1162 2519 1259 2553 Salm
1402 2520 1425 2553 4
1449 2519 1565 2553 crudis
1598 2519 1641 2553 ab
1666 2518 1869 2553 hominibus

369 2576 440 2609 Sal>
581 2576 795 2611 caminorum
822 2577 904 2619 Sal),
930 2587 968 2610 r.-
1005 2587 1228 2611 camenorum
1253 2578 1286 2610 P
1421 2578 1442 2611 5
1467 2577 1574 2620 testa]
1606 2577 1678 2610 ista
1703 2576 1777 2611 Sab

367 2633 390 2667 8
414 2633 506 2676 quod
527 2633 598 2667 Sab
738 2634 780 2668 11
805 2634 976 2669 fictilibus
996 2634 1088 2669 Sub:
1113 2634 1234 2669 fictilis
1251 2635 1288 2668 P
1424 2634 1468 2668 13
1491 2634 1621 2678 palatis
1646 2633 1682 2667 P
1697 2643 1779 2668 corr

370 2690 414 2723 14
430 2700 477 2734 sq.
496 2690 674 2734 experitur
692 2692 797 2735 atque
816 2692 1096 2736 praegustatoris
1115 2692 1280 2736 fungitur
1299 2691 1414 2726 officio
1430 2691 1618 2725 Meursius
1740 2690 1783 2725 15
1800 2700 1870 2725 non

369 2757 424 2781 om
450 2746 520 2781 Sal)
667 2749 709 2782 19
733 2749 852 2792 fiagiis
878 2749 914 2782 P
933 2758 1013 2783 corr
1037 2760 1055 2783 e
1200 2749 1244 2783 23
1270 2759 1425 2783 scr-ouem
1450 2748 1486 2782 P
1629 2747 1673 2781 24
1697 2747 1868 2781 Mutunus

370 2803 444 2838 Sab
595 2805 768 2849 pudendis
794 2806 829 2839 P
969 2807 1013 2840 2ss
1040 2806 1229 2840 admouent
1255 2805 1299 2840 ad
1327 2806 1416 2840 Sab:
1451 2804 1667 2839 admouenda
1691 2804 1727 2839 P
1749 2804 1867 2838 admo-

368 2863 455 2895 nent
481 2861 523 2896 ad
557 2861 625 2897 Urs
762 2863 806 2897 29
832 2862 1104 2907 imaginationes
1130 2862 1221 2898 Sab:
1250 2861 1506 2906 imaginatione
1531 2862 1567 2896 P
