2032 3248
408 220 495 262 260
1041 215 1286 260 Appendix.

408 323 616 363 admiserat
636 325 680 361 ut
701 324 771 361 1100
792 321 1017 370 pateretur?
1039 322 1114 360 nisi
1136 319 1227 370 quia
1248 332 1336 360 uere
1352 323 1501 362 constat
1519 333 1603 361 eum
1620 323 1763 361 factum
1782 325 1823 361 ut
1844 323 1922 362 dixi

408 393 449 431 in
470 392 649 441 mysterio
672 392 754 430 eius
776 391 840 440 qui
861 392 963 440 prior
982 391 1106 439 legem
1126 391 1198 429 Dei
1233 391 1498 439 transgressus
1534 393 1592 430 est
1628 394 1666 430 et
1700 392 1775 430 fuit
1813 394 1922 439 pater

408 462 575 501 omnium
595 462 854 509 peccatorum:
877 462 915 499 et
935 461 1018 499 ideo
1039 472 1114 498 non
1135 460 1258 499 solum
1278 460 1385 498 Adae
1402 461 1603 508 oportebat
1625 460 1835 508 subueniri,
1854 461 1921 499 sed

407 533 446 569 et
467 530 641 569 omnibus
663 530 926 578 peccatoribus
948 529 1014 577 qui
1035 529 1107 566 filii
1127 529 1305 567 Abrahae
1335 528 1456 568 futuri
1476 530 1816 577 praeuidebantur,
1839 541 1918 568 me-

408 601 481 639 rito
512 601 550 639 et
585 600 659 648 ipsi
695 600 844 638 ciuitati
881 602 918 638 et
953 600 1095 647 templo
1116 599 1338 647 priusquam
1369 600 1669 646 subuerteretur,
1691 601 1778 647 post
1799 610 1948 637 01111055

407 669 508 706 LXX
528 669 719 717 restituto,
741 669 1089 717 repromittebatur.
1111 670 1149 707 et
1171 669 1242 707 hoc
1265 670 1347 706 erat
1369 669 1468 716 quod
1502 668 1577 706 iam
1607 670 1698 707 tunc
1729 669 1776 706 ab
1807 668 1918 708 initio

408 738 551 777 saeculi
571 738 611 776 in
630 738 827 776 Abraham
847 739 995 786 patrem
1016 737 1105 776 fidei
1125 737 1475 777 demonstrabatur:
1509 737 1574 785 qui
1596 749 1679 776 cum
1702 738 1919 786 supplesset

408 820 430 846 a
451 808 510 846 die
533 807 751 846 natiuitatis
773 818 863 845 suae
886 818 1005 845 annos
1026 807 1139 854 LXX,
1172 819 1249 845 non
1271 807 1396 854 potuit
1418 807 1462 845 de
1485 808 1588 845 terra
1609 819 1677 845 sua
1698 807 1813 854 exire,
1844 807 1920 846 nisi

408 877 447 915 in
468 877 718 916 similitudine
740 876 1005 924 Pentateuchi,
1043 876 1150 914 cuius
1186 876 1365 915 uniuersa
1400 877 1580 915 mandata
1615 876 1777 925 populus
1798 877 1918 917 Israel

407 959 482 986 non
504 948 584 985 erat
606 947 889 992 obseruaturus‚
912 946 1152 984 adicerentur
1174 947 1212 984 et
1233 946 1324 983 anni
1345 946 1390 994 V,
1425 947 1463 984 et
1485 946 1540 984 sic
1562 947 1720 984 credens
1741 946 1833 993 Deo,
1856 957 1917 984 re·
1933 957 1966 983 10

407 1018 606 1065 putaretur
636 1014 671 1054 ei
701 1017 749 1054 ad
779 1015 980 1054 iustitiam.
1003 1015 1066 1054 1110
1088 1016 1146 1054 est
1169 1015 1297 1064 itaque
1319 1016 1514 1053 Abraham
1550 1016 1594 1053 de
1631 1027 1704 1063 quo
1742 1014 1918 1063 superius

407 1086 584 1132 diximus,
607 1085 707 1133 quod
729 1085 864 1123 LXXV
901 1096 1084 1123 annorum
1120 1084 1326 1123 crediderit
1361 1086 1532 1123 uocatus.
1570 1085 1619 1122 ad
1655 1096 1747 1133 quos
1783 1084 1918 1122 LXXV

407 1166 525 1193 annos
547 1154 711 1193 adicitur
732 1165 831 1192 unus
853 1165 986 1200 annus,
1009 1155 1047 1191 et
1068 1153 1162 1191 fiunt
1184 1153 1352 1191 LXXVI.
1385 1153 1471 1202 quis
1504 1154 1630 1192 autem
1660 1154 1729 1192 hic
1746 1153 1811 1201 qui
1832 1153 1914 1192 adi-

407 1224 506 1262 citur
526 1226 652 1261 unus?
689 1223 754 1261 ille
777 1223 924 1261 scilicet
946 1223 1010 1271 qui
1033 1224 1078 1261 de
1100 1223 1241 1261 semine
1265 1223 1346 1265 eius
1367 1235 1487 1271 agnus
1511 1223 1711 1262 anniculus
1732 1223 1915 1262 immacu-

406 1293 508 1331 latus
530 1294 588 1331 est
610 1293 748 1331 dictus.
771 1293 893 1341 igitur
914 1294 959 1331 de
980 1292 1086 1331 mille
1109 1294 1147 1331 et
1169 1304 1235 1330 sex
1258 1293 1487 1333 deducamus
1517 1293 1687 1339 LXXVI,
1720 1294 1757 1330 et
1788 1304 1910 1331 rema-
1931 1305 1962 1329 15

406 1364 498 1400 nent
519 1362 609 1400 anni
630 1362 906 1408 DCCCCXXX,
930 1362 1066 1409 quibus
1089 1362 1278 1410 suppletis
1299 1361 1421 1400 Adam
1443 1362 1598 1401 functus
1619 1363 1677 1400 est
1698 1362 1790 1400 uita.

340 1434 391 1471 13
463 1431 555 1469 Post
576 1432 669 1469 haec
690 1433 815 1470 autem
837 1432 1133 1469 demonstremus
1156 1430 1394 1478 captiuitatis
1422 1434 1570 1479 tempus
1598 1443 1781 1469 annorum
1802 1431 1914 1469 LXX.

405 1500 592 1548 suppletis
614 1501 714 1538 0111111
747 1501 794 1538 ab
826 1500 953 1539 Exodo
977 1511 1095 1547 usque
1118 1501 1166 1538 ad
1187 1500 1404 1539 Iechoniam
1426 1500 1536 1538 annis
1557 1500 1912 1538 DCCCCLXXXXV

405 1569 611 1607 adiciamus
632 1570 686 1606 XI
707 1570 881 1608 Sedeciae
895 1600 903 1616 ,
941 1569 1006 1617 qui
1027 1570 1117 1608 anni
1152 1570 1327 1608 undecim
1364 1569 1403 1607 in
1435 1580 1588 1616 corpore
1609 1569 1707 1606 LXX
1729 1581 1913 1607 annorum

406 1640 682 1686 computantur.
706 1650 778 1686 quo
801 1641 927 1677 autem
947 1639 1055 1676 modo
1076 1639 1285 1676 uideamus.
1309 1650 1354 1676 ex
1370 1650 1441 1686 quo
1459 1640 1570 1687 capta
1586 1640 1644 1677 est
1660 1637 1912 1685 Hierusalem,
1930 1651 1963 1676 :20

407 1708 488 1756 ipse
510 1708 685 1746 Sedecias
709 1708 818 1746 annis
840 1708 905 1746 XI.
929 1710 1015 1755 post
1037 1719 1147 1755 quem
1169 1708 1530 1755 Nabuchodonosor,
1556 1708 1620 1756 qui
1642 1719 1727 1746 eum
1752 1707 1790 1745 in
1811 1709 1915 1745 terra

407 1778 680 1816 Chaldaeorum
701 1777 876 1815 uinctum
898 1777 1006 1815 duxit
1027 1777 1135 1815 annis
1157 1777 1269 1814 XXV.
1308 1777 1561 1815 Vlemaradan
1582 1778 1692 1815 annis
1714 1777 1800 1815 XII.
1823 1777 1913 1814 Bal-

405 1847 537 1885 thasai·
558 1847 666 1885 annis
688 1847 782 1884 IIII.
825 1848 863 1884 et
884 1846 1022 1884 Darius
1043 1846 1129 1895 Cyri
1151 1847 1253 1884 filius
1276 1847 1386 1885 annis
1407 1847 1552 1886 XVIII.
1591 1848 1680 1885 sunt
1701 1847 1740 1884 in
1762 1858 1801 1884 50
1823 1846 1911 1884 anni

406 1914 516 1954 LXX.
560 1918 596 1953 et
618 1915 673 1953 sic
695 1916 814 1964 Cyrus
837 1915 1005 1963 suscepit
1035 1928 1194 1964 regnum
1215 1917 1409 1955 Medorum
1430 1920 1467 1954 et
1491 1917 1706 1954 Persarum.
1748 1916 1830 1963 ipse
1852 1917 1910 1953 est

407 1983 525 2032 Cyrus
561 1984 668 2022 cuius
698 1984 738 2022 in
767 1985 952 2032 principio
983 1986 1092 2033 regni
1130 1997 1213 2023 cum
1251 1985 1441 2023 thesauris
1478 1986 1610 2023 domus
1632 1985 1702 2023 Dei
1739 1996 1913 2023 reuersus
1930 1999 1961 2022 25

407 2055 465 2090 est
486 2053 647 2101 populus
668 2054 894 2091 Iudaeorum
910 2054 950 2091 in
971 2055 1074 2092 terra
1097 2066 1177 2092 sua.
1212 2066 1256 2092 ex
1279 2066 1350 2102 quo
1372 2056 1539 2101 tempore
1562 2056 1709 2102 oportet
1731 2066 1798 2092 1105
1820 2055 1912 2092 heb-

497 2267 516 2300 1
542 2268 709 2301 amiserat
735 2279 752 2302 0
917 2279 994 2302 eum
1021 2269 1069 2310 bc,
1101 2268 1137 2302 id
1169 2270 1219 2304 W
1381 2268 1471 2303 dixit
1498 2270 1517 2303 b
1687 2269 1709 2302 2
1734 2269 1825 2313 legis
1851 2282 1868 2302 «s

403 2324 424 2358 3
449 2323 539 2369 ideo]
566 2324 645 2358 odio
672 2336 690 2359 0
815 2326 887 2359 5010
914 2326 933 2361 b
1067 2326 1257 2360 subuenire
1282 2338 1300 2360 0
1431 2326 1455 2360 4
1478 2326 1546 2360 filii
1572 2337 1599 2367 0,
1627 2326 1694 2360 filii
1719 2325 1802 2360 fidei
1827 2326 1867 2360 bv

404 2381 425 2416 5
450 2381 742 2417 subuerterentur
767 2393 785 2417 0
923 2383 943 2417 6
969 2385 1053 2417 tunc
1079 2394 1146 2418 om.
1174 2395 1192 2418 0
1331 2384 1352 2418 9
1378 2383 1618 2418 similitudine
1640 2384 1670 2427 ί),
1696 2383 1801 2427 signo
1828 2393 1867 2417 cv

405 2439 449 2472 10
474 2439 702 2483 deputaretur
730 2440 763 2474 ei
789 2440 935 2474 iustitia
961 2441 980 2474 b
1168 2442 1211 2475 12
1237 2441 1379 2475 credens
1406 2452 1423 2475 0
1610 2441 1654 2475 14
1678 2452 1768 2475 unus
1793 2441 1824 2480 b,
1849 2451 1910 2474 an—

404 2508 469 2531 nus
495 2508 534 2532 cv
698 2498 963 2543 immaculatus]
989 2499 1186 2533 inmolatus
1215 2510 1233 2533 c
1397 2500 1442 2537 15
1467 2499 1581 2543 igitur
1607 2499 1661 2543 de]
1688 2499 1823 2543 legitur
1849 2499 1868 2532 b

403 2556 439 2588 et
465 2556 533 2599 sex]
561 2555 610 2589 VI
635 2556 655 2590 b
773 2556 816 2590 16
841 2556 954 2590 uitam
979 2567 998 2590 0
1116 2556 1158 2590 18
1186 2557 1270 2591 anni
1296 2568 1314 2592 0
1425 2558 1467 2592 19
1493 2556 1544 2590 XI
1569 2556 1736 2601 sedeciae]
1763 2555 1825 2590 XL
1850 2566 1867 2590 0

402 2611 448 2645 20
473 2612 552 2656 quo]
581 2613 642 2656 qui
667 2624 684 2647 0
794 2613 1019 2658 hyerusalem
1044 2615 1063 2648 b
1088 2617 1122 2648 et
1146 2614 1198 2648 sic
1216 2625 1324 2659 saepe
1425 2614 1468 2648 21
1495 2614 1667 2658 Sedecias]
1695 2616 1735 2648 ut
1760 2613 1910 2648 diximus

403 2667 487 2702 add.
516 2679 555 2703 cv
666 2672 747 2714 post
773 2672 889 2716 quem]
918 2671 1017 2706 euius
1042 2672 1124 2715 post
1149 2674 1299 2706 mortem
1324 2673 1512 2717 postquam
1538 2682 1556 2706 0
1668 2672 1714 2706 22
1739 2671 1823 2705 anni
1849 2681 1867 2704 0

403 2725 500 2760 uitae
525 2726 690 2761 Marodat
715 2728 735 2762 b
853 2728 936 2774 XII]
964 2729 1015 2763 XI
1040 2730 1060 2764 b
1176 2729 1342 2764 baldasar
1365 2740 1384 2764 0
1508 2729 1553 2762 23
1579 2728 1665 2773 cyri]
1693 2728 1822 2762 asiriae
1848 2729 1867 2762 b

403 2784 487 2816 sunt
512 2784 542 2826 b,
574 2784 666 2817 fiunt
692 2796 731 2820 cv
999 2787 1045 2820 24
1070 2787 1221 2831 suscipit
1246 2799 1264 2821 0
1530 2786 1575 2820 25
1599 2785 1721 2819 domus
1754 2796 1820 2819 om.
1847 2786 1866 2818 b

402 2840 446 2874 26
471 2840 675 2875 iudaeorum
701 2853 766 2876 om.
794 2843 813 2877 b
955 2844 1034 2888 quo]
1061 2844 1137 2888 ipso
1164 2845 1256 2878 enim
1281 2855 1299 2878 0
