2032 3248
348 223 432 267 352
743 225 876 260 Index
901 227 1135 263 uerborum
1159 231 1202 263 et
1225 229 1508 266 locutionum

394 337 509 372 tilitas
525 338 666 380 206,14
690 350 746 375 rex
771 339 925 374 urbanus
942 342 980 375 et
997 341 1095 376 calli-
1125 343 1129 352 '
1159 353 1236 386 usu,
1277 354 1346 378 non
1386 345 1560 390 mancipio
1599 347 1737 383 tradere
1778 349 1832 392 70,
1862 351 1908 385 20

392 395 457 429 dus
481 395 559 440 224,
574 396 596 429 2
1205 411 1241 435 ln
1288 413 1354 436 usu
1401 403 1570 438 sermonis
1617 406 1728 440 uestri
1775 406 1852 449 213,
1886 408 1906 441 6

345 452 449 496 urigo
473 452 550 496 212,
569 452 612 487 10
1205 459 1325 493 omnia
1361 469 1450 504 quae
1489 471 1573 495 usus
1614 461 1712 497 uitae
1750 468 1907 508 posceret

344 510 455 544 urunt
478 511 703 554 pestilentiae
719 513 885 558 contagia
900 523 1011 558 genus
1028 513 1094 548 hu—
1205 516 1257 558 12,
1272 516 1294 551 2

390 559 534 602 manum
558 569 590 611 6,
608 568 651 603 21
676 569 837 604 innoxias
863 581 963 606 urere
987 572 1094 616 atque
1156 584 1176 608 a
1193 573 1402 618 uolgaribus
1415 574 1576 610 adsolent
1589 577 1782 620 nuncupari
1793 577 1872 617 258,
1886 580 1904 612 1

391 623 530 660 abolere
554 636 719 671 personas
743 627 820 671 276,
838 627 882 661 20
1124 644 1126 651 >
1156 630 1357 675 uulgaritas
1382 631 1516 673 138,11
1541 634 1720 677 popularis
1744 635 1903 679 uulgari-

343 692 469 717 usuras
494 682 622 718 referre
647 684 679 727 5,
696 685 718 718 9
1123 654 1126 749 ξ
1201 689 1257 722 tas
1282 689 1359 730 114,
1377 689 1421 724 23

1156 746 1355 781 uulneratis
1380 746 1535 791 accipere
1560 748 1704 783 auribus
1729 748 1783 791 24,
1805 749 1824 783 7

1154 805 1338 849 tamquam
1362 803 1393 838 si
1417 805 1538 839 uxoria
1562 816 1618 840 res
1643 807 1736 840 esset
1759 806 1836 850 233,
1855 808 1898 841 12

1199 861 1341 896 uxorias
1371 862 1577 906 uoluptates
1609 862 1653 897 ab
1683 863 1801 909 aliquo
1827 874 1902 898 ear-

1199 929 1279 963 pere
1304 919 1380 963 199,
1398 919 1443 954 20

342 739 386 773 ad
410 739 549 774 usiones
575 752 655 776 suas
680 742 758 785 266,
777 742 796 776 7

341 796 433 831 unde
458 797 574 842 igitur
598 801 720 844 coepta
744 802 798 835 est
814 801 997 845 usurpatio
1015 802 1090 836 eius

387 854 525 890 adsumi
549 856 627 899 260,
646 857 690 891 10

340 922 509 956 usurpare
534 925 561 951 c.
587 913 658 956 inf.
684 915 737 958 85,
760 916 803 950 14
