2032 3248
1483 240 1603 270 XXIII

106 345 199 373 cum
229 330 399 384 reliquis
429 330 599 372 alterius
629 330 810 372 familiae
839 330 1014 372 testibus
1037 331 1301 386 integriorem
1324 331 1364 372 et
1385 332 1603 384 permultis

102 406 203 447 locis
226 406 368 447 contra
384 404 438 446 W
455 405 584 446 facere
606 405 803 455 uiderem,
826 404 876 446 ad
893 405 1165 446 emendandos
1188 405 1347 447 libelles
1364 405 1423 446 IV
1440 407 1481 447 et
1498 405 1602 446 XIII

103 479 283 530 adhibui,
322 491 399 532 quo
437 479 572 534 magis
607 481 823 522 accedente
859 479 1028 521 alterius
1061 479 1210 521 codicis
1242 480 1427 522 diuersae
1459 480 1602 534 stirpis

100 555 347 596 auctoritate
369 556 553 607 receptae
574 554 771 597 lectiones
793 554 1139 596 confirmarentur.

152 629 347 682 Reliquos
376 628 533 670 codices
563 642 735 682 quorum
755 629 986 671 uariantem
1007 629 1224 670 lectionem
1246 628 1478 683 degustaui‚
1512 629 1600 669 dico

94 703 442 758 Bambergensem
466 702 537 758 (B)
567 703 692 745 theol.
721 703 806 745 476
836 715 939 745 saec.
962 703 1035 754 XI,
1066 703 1343 745 Parisiensem
1367 701 1434 758 (C)
1461 703 1598 745 12126

96 790 195 820 saec.
220 777 293 828 IX,
318 777 673 820 Vindobonensem
696 778 761 831 (L)
784 778 867 820 962
890 790 993 820 saec.
1017 777 1089 829 IX,
1111 778 1396 819 Monacensem
1415 776 1491 832 (M)
1514 778 1596 819 208

95 864 196 895 saec.
220 852 293 904 IX,
326 852 600 895 Parisiensem
626 853 689 904 (P)
715 853 822 895 1647
846 853 884 894 A
907 865 1008 895 saec.
1032 852 1105 907 IX,
1127 853 1399 907 Reginensem
1422 852 1492 907 (R)
1518 853 1597 894 116

94 939 194 969 saec.
222 927 295 982 IX,
317 927 590 982 Reginensem
614 927 680 984 (T)
707 928 787 970 118
809 940 912 970 saec.
934 927 984 977 X,
1008 928 1138 970 altero
1160 928 1282 969 huius
1305 926 1598 981 disputationis

99 1002 232 1055 capite
273 1002 315 1044 in
356 1004 439 1045 tres
485 1003 671 1045 diuersae
713 1003 973 1045 auctoritatis
1013 1002 1198 1045 familias
1240 1002 1371 1043 diuidi
1413 1002 1599 1043 accurate

94 1075 393 1119 demonstrabo
444 1077 486 1118 in
527 1077 765 1120 libellorum
808 1077 1090 1119 emendatione
1132 1077 1247 1119 iuxta
1287 1076 1598 1131 Seguierianum

94 1150 354 1194 secunda-rias
387 1152 523 1204 partes
556 1153 596 1194 et
628 1152 707 1205 ipsi
739 1154 882 1207 agunt.
919 1152 1069 1206 quibus
1101 1165 1194 1194 cum
1228 1151 1325 1193 solis
1358 1151 1525 1192 libellus
1557 1151 1598 1190 lI

94 1223 213 1272 Quod
253 1226 366 1267 idola
394 1226 459 1267 (Ζῑέ
491 1239 576 1267 non
608 1226 692 1267 sint
725 1227 946 1280 inscriptus
969 1227 1219 1277 exhibeatur,
1257 1226 1344 1268 61113
1366 1224 1595 1267 emendatio

92 1300 232 1342 eadem
255 1303 379 1355 atque
401 1301 673 1354 epistularum
695 1301 786 1356 lege
808 1301 1051 1342 continetur.

1671 695 1746 738 BC

1670 771 1759 813 LM

1671 845 1751 887 PR

145 1374 369 1416 Peculiaris
391 1377 453 1417 est
474 1376 655 1418 condicio
677 1376 810 1418 libelli
833 1376 897 1416 III
919 1375 1006 1416 AD
1031 1375 1251 1423 QVIRIN
1257 1376 1350 1426 VM,
1381 1375 1451 1428 qui
1474 1375 1594 1416 uber-
1609 1386 1688 1413 Libri
1701 1384 1811 1412 trasna

88 1449 205 1490 rimis
228 1462 433 1491 sacrorum
456 1450 655 1492 librorum
672 1451 919 1505 fragmentis
937 1451 1137 1492 consistit.
1162 1450 1276 1492 cuius
1293 1448 1591 1491 uetustioribus

87 1524 294 1566 codicibus
316 1537 408 1566 cum
430 1525 801 1580 locupletissimam
824 1526 1066 1568 memoriam
1088 1524 1439 1579 interpretationis
1455 1523 1587 1565 Italae

89 1611 211 1651 quam
242 1598 385 1641 dicunt
413 1600 564 1641 ueteris
587 1600 739 1642 seruari
762 1600 958 1651 uiderem,
989 1601 1210 1654 genuinam
1233 1601 1318 1641 eius
1340 1600 1588 1654 interpreta-

88 1673 211 1715 tionis
242 1673 431 1723 formam,
463 1688 584 1728 quem
613 1675 858 1728 primarium
890 1675 1087 1716 sermonis
1117 1675 1302 1730 uulgaris
1333 1675 1489 1716 fontem
1512 1688 1597 1717 esse

88 1747 195 1789 inter
235 1748 346 1789 uiros
378 1749 518 1790 doctos
551 1750 723 1800 constat,
768 1750 998 1791 accuratius
1030 1762 1153 1803 quam
1185 1749 1316 1791 adhuc
1349 1749 1503 1792 factum
1535 1751 1597 1791 est

95 1823 306 1865 enucleare
336 1823 674 1877 diuersarumque
696 1824 977 1866 recensionum
998 1825 1123 1866 testes
1145 1824 1387 1878 integriores
1410 1825 1597 1866 excutere

91 1897 243 1938 studui.
286 1899 356 1939 sed
388 1898 608 1940 diorthosis
639 1899 786 1940 multis
818 1899 1135 1941 difficultatibus
1168 1900 1254 1939 erat
1285 1898 1510 1952 implicata,
1549 1900 1595 1940 ut

91 1984 192 2024 quae
229 1973 379 2013 uellem
414 1973 605 2025 perficere
636 1986 715 2014 non
747 1986 919 2026 possem.
958 1986 1052 2015 nam
1088 1974 1276 2026 pluresne
1313 1973 1468 2014 suerint
1499 1974 1593 2014 ante

92 2046 390 2100 Hieronymum
422 2059 629 2088 sacrorum
659 2047 860 2089 librorum
882 2048 1040 2089 ueteres
1062 2048 1213 2089 latinae
1235 2047 1592 2101 interpretationes

89 2132 137 2161 an
160 2134 239 2162 una
260 2122 531 2175 posteriorum
553 2134 648 2163 cura
669 2122 857 2175 pluribus
879 2122 1181 2164 recensionibus
1203 2122 1430 2175 emendata,
1453 2121 1523 2162 ubi
1547 2133 1592 2162 ea

89 2195 227 2237 eiusue
258 2196 511 2237 recensiones
543 2196 672 2237 factae
706 2196 800 2247 sint,
834 2209 935 2250 quae
958 2210 981 2238 a
1003 2197 1152 2249 quibus
1181 2196 1449 2248 scriptoribus
1471 2207 1590 2236 usur-

86 2270 216 2320 patae,
259 2270 390 2311 adhuc
429 2270 654 2325 ignoratur,
697 2272 886 2324 quamuis
918 2272 1009 2324 post
1040 2271 1240 2312 Sabaterii
1284 2269 1590 2322 amplissimum

87 2355 198 2395 opus,
223 2345 291 2397 qui
313 2345 472 2397 primus
495 2346 693 2387 uersionis
715 2346 907 2398 antiquae
930 2346 1124 2398 reliquias
1142 2348 1232 2386 tum
1249 2345 1433 2399 cognitas
1450 2355 1589 2384 omues

88 2418 254 2472 collegit
294 2419 551 2471 (Bible'orum
591 2432 805 2461 sacrorwn
837 2420 1020 2461 Latinae
1054 2420 1259 2461 mersiones
1290 2419 1489 2469 (antiquae
1520 2430 1590 2458 scu

91 2495 203 2534 nctus
226 2494 383 2535 Italica
401 2495 541 2536 Remis
566 2495 705 2547 1742),
730 2495 770 2537 in
792 2495 924 2536 lucem
947 2495 1116 2548 prolatis
1139 2496 1371 2537 sanctorum
1389 2493 1588 2533 librorum

88 2566 291 2609 codicibus
328 2570 396 2622 qui
430 2569 499 2611 (1111
532 2569 709 2624 neglecti
740 2569 929 2611 iacebant
961 2583 1065 2611 noua
1096 2569 1270 2610 materia
1300 2568 1419 2608 hodie
1451 2579 1588 2608 accre-

87 2641 260 2696 uerit*)‚
284 2656 362 2695 qua
384 2644 641 2696 quaestiones
664 2644 761 2685 illae
783 2644 934 2685 certius
958 2646 997 2685 et
1019 2644 1169 2685 rectius
1192 2656 1314 2696 (11111111
1337 2654 1359 2682 a
1377 2641 1587 2683 Sabaterio

134 2756 166 2796 *)
188 2755 238 2790 Cf.
259 2756 446 2790 Blancliini
464 2757 770 2801 It'zicwycliarium
798 2756 1030 2800 quadruplex
1048 2756 1206 2790 Latinae
1224 2755 1400 2789 versionis
1415 2755 1588 2798 antiquae

86 2821 148 2845 sete
167 2815 296 2846 ueteris
309 2814 428 2847 Italae
442 2815 569 2848 Rornae
585 2818 680 2850 1749,
698 2814 885 2847 lllanchini
903 2813 1091 2847 Vimliemc
1106 2814 1366 2847 cunmeicarum
1379 2814 1583 2856 scriptura-

89 2880 166 2902 rum
186 2870 363 2915 Vulyame
378 2872 537 2906 Latinae
554 2872 721 2906 editionis
732 2873 860 2905 Romae
882 2875 967 2904 1740
984 2892 1022 2894 —-
1041 2870 1262 2905 Gricsbachii
1279 2870 1462 2914 Symbola&
1480 2871 1581 2904 criti-

1631 1433 1787 1466 Quirinum.
