2032 3248
375 222 459 264 236
781 219 976 255 Arnobii
1010 221 1228 255 aduersus
1257 218 1465 254 nationes

375 335 481 378 uitia
512 335 553 377 et
582 334 785 377 maleficia
816 337 856 377 et
888 346 1021 376 mores
1051 333 1272 387 temperari
1290 335 1310 375 P
1355 333 1439 376 falx
1477 334 1672 375 messoria
1702 333 1873 385 scilicet,

376 417 480 458 quae
512 405 574 446 est
604 404 806 446 attributa
837 402 1024 455 Saturum
1056 403 1216 445 metum
1237 402 1372 445 fuerat
1392 403 1593 444 iniectura
1612 403 1874 455 mortalibus,

375 473 509 515 uitam
539 473 697 515 uellent
726 473 774 514 ut
803 473 1019 526 pacificam
1050 475 1194 526 degere
1224 484 1270 514 ac
1298 472 1526 514 malitiosas
1549 473 1706 514 abicere
1727 472 1874 514 uolun-

374 543 505 593 tateS‚
538 541 672 584 fronte
702 541 827 584 Ianus
860 541 1030 596 ancipiti
1060 541 1133 583 aut
1165 541 1334 583 dentata
1363 541 1440 582 illa
1470 554 1549 595 qua
1570 541 1791 596 insignitus
1814 542 1875 583 est

376 611 524 665 clauis,
570 611 787 653 riciniatus
833 610 1022 664 Iuppiter
1066 611 1189 664 atque
1235 610 1452 662 barbatam,
1499 610 1641 652 dextra
1686 610 1875 652 fomitem
1905 626 1919 651 5

375 680 580 722 sustinens
610 680 870 733 perdolatum
899 680 942 721 in
971 679 1160 721 fulminis
1182 691 1358 730 morem,
1389 679 1585 721 Iunonius
1606 679 1680 721 ille
1702 680 1873 731 caestus,

375 751 447 793 aut
476 750 653 791 militari
683 749 758 791 sub
791 749 909 803 galea
938 749 1123 802 puellula
1163 748 1419 799 delitiscenS‚
1464 747 1586 790 deum
1617 748 1750 790 Mater
1781 762 1875 790 cum

375 820 583 875 tympano,
617 831 711 860 cum
741 818 855 860 tibiis
887 818 928 860 et
958 831 1053 860 cum
1082 817 1291 872 psalteriis
1322 819 1483 869 Musae,
1521 818 1751 859 Mercurius
1782 819 1874 872 pin-

374 889 495 930 natus
526 887 828 942 Argiphontes⁷
876 886 1147 940 Aesculapius
1186 887 1350 936 baculo,
1397 886 1516 928 Ceres
1556 887 1750 928 mammis
1781 900 1875 928 cum

375 957 622 1012 grandibus,
662 957 734 998 aut
765 957 807 997 in
837 955 976 997 Liberi
1007 956 1172 998 dextera
1201 955 1381 1011 pendens
1418 955 1602 1009 potorius
1642 956 1873 1008 cantharus,
1889 968 1921 993 10

374 1026 577 1068 Mulciber
616 1025 758 1067 fabrili
796 1037 889 1066 cum
927 1025 1090 1076 habitu,
1136 1025 1208 1067 aut
1245 1025 1427 1067 Fortuna
1464 1037 1557 1066 cum
1589 1037 1714 1067 cornu
1743 1025 1874 1078 pomis

374 1095 462 1137 ficis
503 1097 576 1137 aut
615 1094 805 1150 frugibus
847 1095 1158 1137 autumnalibus
1198 1096 1336 1148 pleno,
1385 1094 1609 1137 semitectis
1652 1094 1874 1136 femoribus

374 1165 508 1207 Diana
538 1164 609 1206 aut
640 1164 691 1204 ad
718 1163 936 1205 libidinem
968 1164 1175 1205 concitans
1206 1164 1343 1205 Venus
1374 1163 1502 1214 nuda,
1535 1163 1698 1205 Anubis
1729 1164 1875 1206 canina

308 1241 360 1281 26
376 1247 470 1276 cum
500 1233 604 1275 facie
636 1233 709 1275 aut
739 1232 991 1287 genitalibus
1022 1234 1196 1286 propriis
1234 1232 1401 1275 inferior
1430 1233 1618 1286 Priapus.
1667 1245 1688 1275 o
1721 1233 1874 1286 species

375 1302 643 1344 formidinum
681 1301 793 1343 dirae
831 1301 1121 1355 metuendique
1159 1303 1355 1352 terrores,
1402 1303 1568 1355 propter
1606 1313 1705 1355 quos
1745 1313 1873 1355 genus
1889 1315 1918 1339 15

373 1372 588 1413 hominum
632 1370 844 1424 torpedine
884 1370 926 1411 in
964 1372 1159 1424 perpetua
1202 1371 1468 1425 affligeretur,
1514 1370 1620 1412 nihil
1658 1370 1874 1412 moliretur

258 1451 279 1484 f.
297 1452 361 1483 134
375 1440 598 1482 attonitum
628 1440 677 1481 ab
710 1439 900 1491 omnique
927 1451 968 1481 se
990 1441 1085 1481 actu
1106 1441 1304 1482 sceleroso
1332 1439 1336 1495 Ι
1362 1439 1648 1494 flagitiosoque
1670 1439 1872 1481 frenaret:

375 1510 589 1552 falciculae
627 1509 763 1551 claues
806 1509 1030 1552 caliandria
1067 1509 1232 1551 fomites
1272 1509 1419 1550 talaria
1449 1508 1587 1551 baculi
1618 1507 1875 1562 tympaniola

375 1579 504 1620 tibiae
534 1578 742 1631 psalteria,
776 1591 982 1621 mammae
1012 1579 1224 1632 promptae
1256 1579 1377 1631 atque
1407 1577 1606 1632 ingentes,
1640 1576 1874 1619 cantharuli

375 1648 548 1700 forcipes
607 1659 834 1700 cornuaque
883 1647 1104 1701 pomifera,
1162 1647 1272 1688 nuda
1322 1658 1485 1699 corpora
1534 1645 1785 1688 feminarum
1834 1646 1874 1687 et
1886 1660 1920 1685 20

374 1717 629 1759 ueretrorum
660 1717 967 1771 magnitudines
997 1716 1251 1770 publicatae!
1284 1727 1413 1758 nonne
1441 1715 1569 1758 satius
1597 1715 1732 1756 fuerat
1753 1714 1873 1756 salti-

373 1787 472 1832 tare,
504 1786 668 1827 cantare
700 1799 824 1839 quarn
855 1785 930 1827 sub
961 1786 1083 1827 titulo
1115 1785 1337 1839 grauitatis
1369 1785 1409 1826 et
1438 1784 1672 1826 seueritatis
1702 1784 1874 1826 obtentu

374 1855 461 1895 tam
499 1853 649 1908 frigida
686 1855 855 1907 tamque
893 1855 1035 1908 inepta
1074 1866 1237 1895 narrare
1277 1854 1496 1895 simulacra
1527 1853 1577 1894 ab
1611 1852 1790 1906 antiquis
1822 1852 1873 1894 ad

374 1923 540 1977 peccata
571 1923 793 1964 cohibenda
825 1923 866 1964 et
895 1923 947 1965 ad
977 1922 1213 1964 nocentium
1245 1922 1421 1963 formata
1459 1921 1760 1976 impiorumque
1791 1921 1874 1962 for-

373 1992 579 2033 midines?
609 2004 736 2045 usque
766 1992 918 2034 adeone
939 1992 1135 2034 mortales
1158 1992 1311 2034 saeculi
1333 1991 1447 2034 illius
1469 2004 1516 2033 ac
1536 1991 1733 2045 temporis
1756 1990 1874 2032 corde
1888 2003 1918 2027 2⁵

374 2060 536 2102 fuerant
577 2060 716 2111 uacui,
762 2060 933 2102 rationis
975 2073 1194 2114 sensusque
1234 2060 1411 2112 nullius,
1458 2061 1504 2101 ut
1550 2060 1600 2101 ab
1642 2058 1873 2101 actionibus

373 2129 571 2182 improbis
630 2130 844 2183 tamquam
901 2129 1065 2183 paruuli
1114 2129 1304 2183 pusiones
1356 2140 1617 2182 personarum
1667 2128 1872 2170 monstru-

374 2198 563 2240 osissima
602 2198 819 2249 toruitate‚
869 2198 1007 2240 sannis
1046 2198 1169 2240 etiam
1211 2198 1589 2252 constringerentur
1625 2198 1666 2239 et
1695 2196 1874 2239 maniis?

419 2335 439 2368 1
465 2337 499 2369 et
516 2334 690 2369 maleficia
706 2336 742 2369 et
759 2346 873 2369 mores
890 2335 1040 2378 scripsi.-
1065 2336 1100 2369 et
1116 2345 1229 2369 mores
1247 2336 1283 2368 et
1298 2334 1470 2368 maleficia
1487 2334 1522 2368 P
1547 2335 1582 2368 et
1601 2343 1713 2367 mores
1732 2344 1752 2367 a
1767 2333 1874 2367 male-

373 2392 452 2427 ficio
477 2392 578 2427 Salm
724 2393 744 2426 6
770 2392 941 2426 Iunonius
968 2392 1041 2426 Sab
1066 2392 1107 2426 in
1132 2403 1212 2426 err.-
1243 2392 1362 2426 iunius
1388 2392 1422 2426 P
1561 2391 1580 2425 7
1606 2402 1685 2426 cum
1711 2390 1785 2425 add
1812 2390 1875 2424 Gel

373 2450 393 2484 9
419 2450 650 2494 argiphontes
675 2449 765 2484 Sab:
798 2449 1064 2494 angyforonites
1089 2449 1125 2484 P
1271 2449 1396 2483 uaculo
1421 2449 1457 2483 P
1477 2459 1558 2483 corr
1583 2459 1601 2483 c
1753 2447 1796 2481 14
1820 2447 1874 2481 in-

373 2507 479 2541 ferior
504 2506 597 2541 Sab:
630 2506 789 2541 inferiori
814 2507 850 2541 P
1001 2506 1125 2550 spicies
1151 2507 1186 2541 P
1210 2517 1290 2540 corr
1314 2508 1344 2541 c‘
1506 2506 1548 2540 16
1573 2504 1754 2549 torpedine
1781 2504 1874 2539 Sab:

371 2565 589 2609 torpedinem
608 2565 643 2599 P
756 2566 959 2608 perpetuam
977 2564 1264 2598 Hildebrandius
1379 2563 1548 2608 figeretur
1572 2563 1639 2597 Urs
1658 2561 1875 2606 affligeretur

373 2623 562 2657 Meursius
678 2622 720 2656 17
746 2622 942 2656 attonitum
967 2622 1059 2655 Sab:
1083 2621 1279 2655 attonitam
1303 2621 1338 2655 P
1453 2620 1495 2654 18
1519 2619 1693 2654 caliendra
1717 2619 1784 2654 Urs

370 2679 618 2724 tymphaniola
636 2680 671 2714 P
688 2690 769 2714 corr
785 2690 805 2713 r
899 2679 941 2714 19
958 2680 1126 2723 psalteria
1147 2679 1236 2713 Sab:
1254 2678 1439 2723 psalteriae
1453 2679 1488 2712 P
1574 2678 1733 2721 prompte
1749 2677 1783 2710 P

372 2737 417 2771 25
441 2737 608 2771 mortales
636 2737 728 2772 Sab:
753 2737 902 2771 mortale
927 2737 962 2771 P
1090 2737 1134 2771 26
1159 2736 1302 2770 fuerunt
1326 2736 1513 2770 Meursius
1642 2735 1685 2768 27
1711 2733 1873 2778 pusiones

372 2794 463 2829 Sab:
487 2794 645 2839 pusionis
671 2795 706 2829 P
887 2793 1212 2828 monstruosissima
1239 2793 1358 2828 Salm:
1383 2791 1723 2827 monstruosissimas
1747 2791 1782 2825 P

371 2852 415 2887 28
439 2852 622 2893 toruitate,
648 2851 769 2885 sannis
795 2851 911 2885 Salm:
942 2851 1133 2885 toruitates
1158 2850 1261 2884 annis
1287 2851 1322 2885 P
1459 2860 1583 2884 manus
1610 2848 1683 2883 Sal>
