2032 3248
398 191 481 235 150
802 190 989 226 Arnobii
1025 189 1240 225 aduersus
1272 190 1479 225 nationes

398 306 520 348 niunt
552 307 592 348 et
621 306 760 348 fidelia
790 305 968 348 reddunt
996 317 1188 359 responsa
1218 305 1522 359 quaerentibus,
1569 318 1786 360 possumus
1817 319 1888 361 op-

395 375 526 417 tinere
558 375 709 417 falsum
737 387 820 416 esse
842 374 950 429 quod
981 374 1144 423 dicitur,
1176 375 1244 416 uel
1274 374 1381 428 quod
1412 375 1770 429 superstitionibus
1798 375 1887 429 ple-

395 444 569 487 nissima
606 457 669 504 res
708 445 796 486 tota
831 445 914 495 est,
955 443 1022 485 uel
1052 444 1159 497 quod
1197 444 1353 486 multas
1384 443 1532 485 cotidie
1562 444 1888 498 praedictionum

395 513 583 555 uidemus
621 514 693 555 aut
730 512 853 555 aliter
891 512 1032 554 cadere
1070 512 1140 554 aut
1178 512 1222 553 in
1261 512 1481 554 contrarios
1520 513 1652 555 exitus
1690 512 1889 555 frustrata

330 582 379 624 12
394 583 672 636 expectatione
701 583 892 636 torqueri.
926 582 995 624 sed
1017 582 1112 633 sint,
1144 582 1192 623 ut
1212 581 1415 631 adseritis,
1447 594 1590 623 uerae:
1621 581 1728 624 unde
1749 582 1887 624 tamen
1916 598 1931 624 ⁶

391 651 552 694 facietis
573 651 708 703 fidem,
741 651 984 694 Melloniam
1015 650 1131 693 uerbi
1159 663 1281 693 causa
1310 652 1378 693 uel
1399 651 1681 693 Limentinum
1711 651 1887 693 inserere

392 732 434 763 se
473 721 587 763 fibris
628 723 669 762 et
711 721 762 762 ad
802 732 940 761 rerum
986 732 1086 773 quas
1133 719 1331 773 quaeritis
1377 719 1671 774 significantias
1717 722 1886 774 aptare?

390 790 592 843 numquid
627 790 794 832 illorum
832 789 1049 843 aliquando
1090 789 1255 831 uidistis
1293 801 1337 831 os
1376 788 1565 832 habitum
1604 788 1772 841 faciem,
1815 792 1887 831 aut
1924 837 1927 839 ‚

390 859 532 900 eadem
577 859 676 901 haec
720 859 891 912 possunt
928 858 971 899 in
1008 857 1271 911 pulmonibus
1308 857 1381 900 aut
1419 857 1636 900 iecusculis
1674 858 1886 913 conspici?

391 939 522 970 nonne
560 927 738 969 accidere
777 926 886 979 fieri,
925 927 1023 969 licet
1061 927 1153 968 astu
1196 926 1487 978 dissimuletis,
1526 927 1661 980 potest
1700 929 1748 970 ut
1778 927 1931 970 6116110

389 1009 462 1050 pro
493 997 619 1038 altero
658 996 802 1039 subeat
832 995 980 1038 fallens
1018 996 1162 1037 ludens
1194 995 1399 1049 decipiens
1430 997 1552 1050 atque
1582 996 1763 1038 inuocati
1794 1008 1885 1050 spe-

390 1065 495 1107 ciem
516 1066 755 1120 praestans?
778 1065 813 1107 si
834 1065 958 1120 magi,
981 1065 1246 1118 haruspicum
1266 1065 1425 1120 fratreS‚
1452 1066 1536 1107 suis
1557 1066 1601 1107 in
1617 1065 1885 1108 accitionibus

389 1135 620 1177 memorant
656 1134 861 1176 antitheos
900 1134 1063 1187 saepius
1101 1133 1292 1186 obrepere
1322 1145 1393 1187 pro
1424 1135 1585 1187 accitis,
1631 1147 1716 1177 esse
1746 1133 1885 1176 autem

387 1202 461 1244 hos
499 1203 698 1256 quosdam
734 1203 917 1245 materiis
957 1215 1004 1244 ex
1040 1202 1307 1244 crassioribus
1354 1203 1545 1257 spiritus,
1592 1203 1662 1258 qui
1707 1203 1801 1245 deos
1842 1214 1883 1245 36

388 1272 550 1328 fingant
579 1273 814 1326 nesciosque
844 1271 1068 1315 mendaciis
1099 1273 1140 1314 et
1161 1272 1494 1314 simulationibus
1521 1273 1678 1324 ludant,
1714 1284 1785 1314 cur
1804 1284 1884 1313 11011
1897 1290 1929 1316 15

388 1342 547 1385 ratione
576 1354 657 1384 non
688 1342 842 1397 dispari
873 1342 1085 1384 credamus
1115 1342 1183 1383 hic
1215 1354 1372 1396 quoque
1405 1342 1586 1384 subicere
1617 1353 1658 1384 se
1680 1341 1781 1383 alios
1812 1352 1883 1395 pro

390 1410 448 1453 eis
487 1411 556 1464 qui
596 1423 676 1453 non
715 1412 831 1461 sunt,
870 1412 918 1452 ut
958 1412 998 1452 et
1035 1412 1194 1453 uestras
1231 1410 1485 1465 opinationes
1523 1411 1688 1453 firment
1726 1411 1767 1452 et
1803 1409 1882 1451 sibi

326 1479 375 1520 13
389 1479 543 1521 hostias
584 1480 695 1522 caedi
735 1480 880 1522 61161113
923 1479 997 1522 sub
1037 1479 1271 1522 nominibus
1314 1480 1547 1535 gaudeant?
1597 1481 1669 1522 aut
1708 1479 1743 1521 si
1782 1479 1884 1521 haec

390 1548 570 1602 accipere
606 1550 666 1591 rei
703 1549 886 1591 nouitate
930 1548 1120 1599 renuitis,
1165 1548 1271 1590 unde
1310 1548 1427 1590 uobis
1468 1550 1531 1590 est
1568 1549 1690 1599 scire,
1735 1561 1787 1590 an
1826 1547 1881 1588 sit

389 1629 497 1659 unus
528 1617 699 1672 aliquis,
739 1618 810 1671 qui
842 1618 1032 1660 succedat
1061 1629 1134 1672 pro
1163 1617 1351 1659 omnibus
1382 1629 1481 1671 quos
1511 1617 1711 1659 inuocatis
1749 1616 1927 1670 parti-20

388 1685 543 1740 busque
574 1698 615 1728 se
647 1687 804 1728 cunctis
825 1687 1007 1728 locorum
1028 1685 1379 1740 diuisionibus'que
1404 1698 1632 1740 supponens
1652 1686 1881 1728 multorum

294 1762 319 1798 f.
331 1764 375 1797 85
387 1754 506 1797 uobis
537 1756 713 1809 speciem
735 1756 923 1797 diuorum
944 1756 1135 1809 praebeat
1163 1756 1204 1797 et
1239 1753 1244 1810 Ι
1279 1756 1562 1808 potestatum?
1593 1755 1782 1809 quisnam
1803 1754 1882 1796 iste

389 1825 451 1866 est
471 1826 605 1866 unus?
638 1824 907 1878 interrogabit
927 1823 1041 1866 forte.
1075 1835 1291 1877 possumus
1312 1824 1498 1866 instituti
1518 1824 1627 1866 ueris
1648 1822 1882 1865 auctoribus

388 1893 540 1944 dicere,
581 1894 650 1935 sed
687 1906 738 1935 ne
767 1893 883 1934 nobis
920 1893 1044 1934 fidem
1085 1892 1233 1934 habere
1270 1893 1432 1944 nolitis,
1471 1893 1697 1947 Aegyptios
1735 1892 1882 1933 Persas

386 1961 509 2004 Indos
556 1961 777 2004 Chaldaeos
822 1962 1041 2004 Armenios
1087 1961 1310 2016 interroget
1354 1974 1574 2015 omnesque
1627 1962 1719 2003 illos
1764 1960 1924 2010 alios‚25

387 2030 458 2084 qui
488 2031 751 2072 interioribus
773 2030 966 2072 uiderunt
987 2031 1028 2073 et
1050 2032 1327 2086 cognouerunt
1353 2031 1453 2074 haec
1475 2030 1652 2074 artibus:
1684 2031 1767 2072 iam
1788 2042 1879 2083 pro-

431 2144 453 2178 2
470 2143 786 2188 superstitionibus
806 2143 891 2179 θεῖ.-
916 2144 1175 2188 suspicionibus
1200 2145 1236 2179 P
1371 2144 1576 2189 plenissima
1597 2143 1688 2179 sab.-
1712 2142 1879 2187 plenissi-

385 2210 462 2234 mas
480 2200 517 2234 P
651 2201 673 2235 5
696 2211 814 2235 uerae:
841 2200 932 2235 unde
956 2201 1105 2245 scripsi:
1141 2212 1222 2236 uera
1247 2201 1388 2236 eandem
1414 2203 1449 2237 P
1471 2213 1570 2236 uera:
1602 2211 1784 2244 nunquam
1816 2199 1880 2234 θεῖ

385 2267 481 2291 uera:
507 2257 567 2302 qui
597 2257 667 2292 Urs
691 2268 806 2292 uerae:
831 2269 873 2292 an
899 2258 1008 2292 iidem
1032 2258 1132 2293 Salm
1282 2260 1424 2294 tandem
1458 2259 1526 2294 Urs
1669 2259 1690 2293 8
1714 2256 1881 2301 numquit

385 2314 422 2348 P
436 2324 519 2349 corr
656 2314 720 2348 hos
738 2315 774 2348 P
787 2325 869 2349 corr
1006 2316 1026 2350 9
1042 2315 1228 2350 1606366113
1246 2316 1338 2351 Sab:
1363 2316 1548 2351 iocusculis
1566 2317 1603 2351 P
1738 2315 1781 2350 10
1798 2314 1879 2348 actu

385 2370 459 2405 Sab
599 2371 642 2405 12
666 2370 703 2405 111
728 2371 959 2412 accitionibus
985 2371 1105 2407 Salm:
1142 2373 1180 2407 in
1205 2373 1403 2408 actionibus
1429 2374 1465 2408 P
1493 2371 1795 2407 incantationibus
1820 2371 1879 2406 uel

383 2428 665 2463 inuocationibus
697 2429 766 2463 Urs
931 2429 973 2464 13
997 2429 1119 2464 accitis
1146 2430 1382 2466 Stewechius:
1419 2431 1507 2466 actis
1533 2431 1568 2465 P
1600 2430 1692 2464 ueris
1722 2429 1787 2464 Gel

383 2486 428 2521 15
454 2496 513 2520 cur
536 2497 606 2520 non
628 2486 715 2521 Urs.-
739 2497 818 2521 cum
836 2487 872 2521 P
894 2498 954 2522 cur
973 2487 1045 2522 Sab
1184 2489 1226 2523 16
1251 2490 1326 2533 pari
1346 2489 1411 2523 Gcl
1434 2489 1508 2523 illis
1532 2488 1608 2533 pari
1633 2488 1790 2522 Zinkius

383 2544 428 2578 18
444 2544 529 2578 11666
547 2544 693 2588 scripsi.-
717 2544 776 2579 hic
793 2545 828 2579 P
852 2545 902 2579 sic
920 2545 991 2579 Sab
1016 2545 1080 2580 hoc
1104 2545 1273 2581 Oehlerus
1411 2547 1456 2581 20
1479 2557 1566 2590 quos
1592 2544 1768 2579 inuocatis
1786 2545 1876 2580 Sab:

382 2601 421 2635 in
445 2612 531 2645 quos
556 2602 689 2635 uocatis
714 2602 751 2636 P
886 2602 1137 2647 partibusquae
1155 2604 1189 2638 P
1212 2603 1375 2647 partibus
1401 2604 1462 2648 qui
1480 2603 1580 2638 Salm
1717 2602 1759 2636 21
1786 2602 1876 2636 diui-

384 2658 610 2702 sionibusquc
626 2659 776 2702 scripsi:
794 2658 1077 2704 diuisionumque
1094 2661 1130 2695 P
1220 2661 1263 2695 23
1281 2660 1515 2705 interrogabit
1533 2660 1624 2694 Sab:
1642 2659 1876 2704 interrogauit

382 2715 698 2758 Pinterrogabitis
723 2716 791 2749 Urs
928 2716 1174 2761 interrogabit.
1202 2717 1294 2752 forte
1311 2718 1438 2763 uulqo:
1463 2727 1588 2752 ueram
1612 2717 1876 2751 distinctionem

382 2771 563 2806 indicauit
589 2772 776 2806 Mem-sius
931 2773 1106 2818 instituti]
1137 2775 1247 2808 istum
1273 2775 1346 2810 Sab
1498 2775 1541 2810 25
1566 2774 1726 2808 chaldeos
1752 2774 1788 2809 P

382 2828 575 2871 interroget
600 2829 636 2861 P
665 2828 893 2873 interrogetis
918 2831 977 2864 uel
1009 2830 1226 2875 interrogate
1258 2832 1326 2866 Urs
1463 2831 1506 2866 26
1531 2831 1759 2866 interioribus
1789 2830 1874 2865 Urs.-

382 2885 419 2920 in
443 2884 670 2918 interioribus
696 2885 732 2918 P
