2032 3248
366 233 446 274 116
766 230 958 265 Arnobii
995 231 1206 265 aduersus
1237 231 1446 265 nationes

364 358 485 399 quam
517 345 694 396 Graecis,
726 346 767 387 et
797 346 890 387 ante
922 356 1060 387 omnes
1083 345 1245 387 Tullius
1266 346 1439 388 Romani
1470 346 1767 389 disertissimus
1788 361 1853 402 ge—

363 414 470 455 neris
509 414 668 456 nullam
707 412 863 456 ueritus
904 413 1133 467 impietatis
1171 414 1372 456 inuidiam
1410 415 1584 470 ingenue
1623 417 1856 458 constanter

251 493 349 528 1:66¹)
364 484 404 525 et
441 482 569 525 libere
614 483 711 537 quid
758 495 878 537 super
922 483 999 525 tali
1041 483 1272 536 opinatione
1307 486 1311 537 Ι
1349 484 1521 526 sentiret
1564 484 1716 539 pietate
1762 497 1856 526 cum

364 552 514 593 maiore
544 552 810 594 monstrauit:
852 565 876 593 a
906 563 983 605 quo
1015 551 1050 594 si
1080 564 1144 594 res
1176 564 1337 594 sumere
1375 553 1520 595 iudicii
1559 554 1732 595 ueritate
1763 564 1855 594 con-

364 621 549 673 scriptas,
589 632 668 662 non
699 627 915 662 uerborum
954 620 1204 662 luculentias
1243 621 1488 675 pergeretis,
1534 623 1721 675 perorata
1751 621 1857 663 esset
1889 639 1902 663 5

364 690 462 731 haec
493 702 613 731 causa
637 702 710 731 nec
745 690 938 731 secundas
969 690 1017 731 ut
1047 690 1198 732 dicitur
1235 690 1414 732 actiones
1453 691 1570 732 nobis
1603 692 1653 732 ab
1684 690 1858 731 infanti-

327 764 349 805 7
366 758 441 800 bus
470 758 706 811 postularet.
752 761 822 801 sed
852 758 950 812 quid
980 758 1154 812 aucupia
1174 759 1391 800 uerborum
1420 759 1752 813 splendoremque
1774 771 1858 800 ser-

366 826 498 868 monis
534 827 620 881 peti
650 827 702 870 ab
733 827 808 870 1100
848 828 1004 878 dicam,
1045 841 1138 870 cum
1177 828 1303 870 sciam
1344 841 1431 870 esse
1461 841 1540 870 non
1578 840 1746 881 paucos,
1789 827 1859 881 qui

367 898 606 938 auersentur
637 899 676 938 et
708 896 872 951 fugiant
901 896 1030 938 libros
1064 896 1111 938 de
1142 897 1218 938 hoc
1255 898 1340 939 eius
1379 909 1454 939 nec
1483 897 1526 938 in
1557 909 1698 939 aurem
1729 897 1859 938 uelint

367 964 584 1006 admittere
614 964 833 1007 lectionem
863 965 1101 1018 opinionum
1133 977 1299 1007 suarum
1328 968 1594 1020 praesumpta
1615 966 1858 1016 uincentem,
1874 986 1906 1010 10

367 1046 539 1087 cumque
571 1033 671 1075 alios
703 1034 870 1076 audiam
900 1034 1119 1076 mussitare
1149 1034 1411 1089 indignanter
1440 1038 1480 1077 et
1500 1035 1644 1086 dicere,
1676 1036 1860 1088 oportere

367 1102 495 1143 statui
525 1115 596 1156 per
627 1103 832 1154 senatum,
872 1103 1115 1145 aboleantur
1145 1103 1192 1144 ut
1222 1103 1321 1145 haec
1352 1103 1504 1157 scripta
1541 1103 1689 1157 quibus
1720 1102 1859 1145 Chris-

366 1170 480 1213 tiana
511 1171 654 1226 religio
685 1172 969 1225 comprobetur
1000 1173 1041 1214 et
1071 1172 1297 1214 uetustatis
1328 1173 1582 1226 opprimatur
1612 1172 1860 1214 auctoritas?

367 1240 606 1294 quinimmo,
646 1241 679 1283 si
709 1241 837 1283 fiditis
877 1241 1132 1295 exploratum
1163 1253 1235 1283 uos
1277 1241 1410 1284 dicere
1448 1241 1666 1295 quicquam
1704 1241 1753 1283 de
1782 1241 1861 1282 diis

367 1309 538 1360 uestris,
585 1311 730 1352 erroris
768 1310 998 1352 conuincite
1036 1309 1291 1362 Ciceronem,
1334 1310 1574 1361 refellitote,
1614 1309 1860 1365 redarguite,
1878 1329 1908 1352 ιε,

367 1378 583 1420 temeraria
605 1380 644 1421 et
664 1379 792 1433 impia
813 1379 1003 1421 dictitare
1024 1379 1280 1433 conprobate.
1323 1392 1419 1421 nam
1447 1379 1689 1434 intercipere
1711 1378 1864 1431 scripta

368 1449 408 1489 et
439 1448 692 1501 publicatam
722 1447 831 1490 uelle
861 1448 1123 1502 submergere
1153 1448 1374 1490 lectionem
1403 1459 1483 1489 non
1514 1449 1577 1490 est
1598 1447 1692 1490 deos
1723 1446 1862 1489 defen-

331 1515 462 1559 Sdere
493 1516 564 1558 sed
594 1517 783 1558 ueritatis
813 1516 1146 1558 testificationem
1176 1516 1334 1558 timere.
1383 1529 1429 1559 ac
1456 1530 1506 1558 ne
1527 1518 1664 1558 tamen
1687 1517 1727 1558 et
1747 1515 1863 1557 nobis

368 1585 691 1627 inconsideratus
712 1585 861 1639 aliquis
883 1585 1133 1627 calumniam
1155 1586 1332 1636 moueat,
1356 1586 1577 1639 ,tamquam
1599 1585 1722 1627 deum
1743 1596 1863 1637 quem

370 1654 542 1696 colimus
580 1667 737 1696 marem
767 1666 853 1696 esse
891 1654 1124 1705 credamuS‚
1165 1666 1212 1696 ea
1248 1653 1408 1696 scilicet
1446 1667 1587 1705 causa,
1626 1653 1733 1707 quod
1771 1665 1865 1694 eum
1878 1670 1910 1694 ρο

370 1735 463 1765 cum
494 1722 699 1776 loquimur
729 1723 1043 1776 pronuntiamus
1075 1736 1222 1777 genere
1252 1723 1500 1774 masculino,
1539 1723 1758 1776 intellegat
1787 1733 1865 1762 non

371 1803 511 1833 sexum
542 1792 611 1833 sed
642 1805 719 1833 usu
751 1793 791 1834 et
821 1791 1108 1834 familiaritate
1139 1792 1338 1834 sermonis
1369 1792 1685 1847 appellationem
1707 1790 1793 1833 eius
1825 1791 1865 1831 et

371 1860 687 1915 significantiam
717 1860 866 1915 promi,
913 1873 991 1903 non
1023 1861 1133 1902 enim
1162 1860 1262 1902 deus
1293 1873 1383 1903 mas
1406 1862 1480 1912 est,
1513 1861 1581 1903 sed
1611 1872 1757 1902 nomen
1778 1859 1864 1901 eius

371 1929 531 1984 generis
562 1929 780 1972 masculini
811 1930 886 1979 est,
918 1929 1025 1983 quod
1055 1929 1165 1971 idem
1198 1941 1271 1971 uos
1295 1929 1426 1971 dicere
1447 1929 1645 1984 religione
1666 1929 1707 1970 in
1729 1930 1865 1970 uestra

371 2010 449 2040 non
480 1998 619 2052 quitis.
667 2011 762 2039 nam
801 1997 1026 2041 consuestis
1057 1998 1101 2039 in
1130 1997 1319 2052 precibus
1352 1995 1456 2040 ‘siue
1494 1999 1540 2039 tu
1578 1998 1676 2039 deus
1709 2009 1750 2039 es
1781 1997 1867 2039 siue
1882 2013 1913 2038 25

373 2064 454 2109 dea’
496 2067 646 2121 dicere,
692 2080 795 2120 quae
835 2067 1105 2110 dubitationis
1146 2066 1327 2120 exceptio
1366 2066 1462 2109 dare
1500 2079 1572 2109 uos
1610 2066 1690 2108 diis
1729 2065 1869 2108 sexum

373 2135 642 2178 disiunctione
681 2148 727 2177 ex
758 2136 848 2189 ipsa
891 2135 1083 2178 declarat.
1131 2135 1278 2178 adduci
1318 2147 1413 2191 ergo
1444 2147 1524 2177 non
1554 2147 1788 2189 possumus,
1823 2136 1868 2176 ut

373 2215 536 2258 corpora
566 2204 780 2246 credamus
812 2204 945 2246 deum.
993 2217 1089 2246 nam
1121 2217 1210 2247 0000
1232 2216 1394 2246 necesse
1417 2205 1479 2246 est
1506 2216 1684 2258 corpora,
1717 2204 1752 2246 si
1774 2206 1870 2245 sunt

510 2336 526 2370 1
554 2336 595 2369 de
613 2331 693 2371 nat.
719 2336 810 2370 deor.
836 2335 882 2371 fr.
907 2335 929 2369 3
953 2336 1047 2370 Bait.

421 2457 439 2489 1
465 2456 605 2501 graegis
631 2456 665 2490 P
688 2466 771 2491 corr
795 2459 823 2491 ε’
963 2457 985 2491 4
1010 2467 1098 2500 quos
1123 2457 1159 2490 P
1182 2466 1263 2491 corr
1402 2457 1424 2491 5
1449 2459 1541 2491 esset
1564 2456 1763 2491 Dauisius:
1797 2466 1869 2490 0000

375 2515 411 2547 et
437 2513 471 2547 P
494 2515 587 2548 esset
610 2516 644 2547 et
670 2513 743 2548 Sab
930 2515 972 2549 15
995 2513 1205 2556 refellitote,
1238 2513 1459 2558 redarguite,
1492 2514 1680 2548 temeraria
1704 2515 1738 2547 et
1762 2513 1870 2558 impia

375 2570 540 2605 dictitare
580 2570 816 2606 Stewechius:
864 2570 1053 2606 temeraria
1094 2572 1130 2605 et
1169 2571 1277 2615 impia
1317 2571 1484 2605 dictitare
1523 2570 1715 2605 refellitote
1754 2570 1871 2604 redar-

376 2627 473 2670 guite
497 2628 531 2661 P
655 2629 697 2662 16
721 2627 854 2663 dictare
881 2628 952 2663 δαὶ)
976 2629 1072 2663 dicta
1102 2628 1168 2663 Gel
1299 2628 1485 2672 reprobate
1511 2627 1582 2663 Sal>
1703 2628 1747 2662 18
1770 2626 1873 2662 testi-

376 2684 573 2719 ficationem
599 2686 684 2729 Sab,
709 2697 748 2720 r:
778 2686 1028 2721 testificatione
1054 2686 1089 2720 P
1224 2686 1270 2720 20
1293 2696 1424 2720 marem
1452 2686 1544 2721 Sab:
1580 2687 1729 2720 matrem
1754 2685 1790 2719 P

377 2741 420 2775 24
445 2741 528 2786 quid
555 2743 628 2776 Sal>
651 2753 733 2778 corr
748 2743 789 2777 in
805 2753 866 2777 err
1003 2743 1046 2777 25
1072 2742 1255 2787 praecibus
1278 2743 1313 2777 P
1450 2743 1524 2777 siue
1549 2742 1625 2787 dea]
1651 2743 1725 2777 siue
1749 2744 1789 2776 tu
1812 2741 1874 2776 dea

379 2798 452 2833 Sab
569 2800 611 2833 26
629 2799 865 2834 dubitationis
883 2800 975 2834 sab.-
1000 2799 1255 2841 dubitationib3
1280 2800 1315 2834 P
1430 2800 1497 2833 diis
1517 2800 1601 2842 Sab,
1618 2811 1656 2834 r:
1681 2800 1732 2834 dii
1751 2800 1785 2833 P

377 2856 422 2890 28
439 2856 532 2900 nam]
551 2858 587 2890 at
612 2857 681 2891 Urs
819 2867 890 2891 0000
914 2868 968 2891 om
995 2856 1065 2891 Sal>
