2032 3248
533 261 588 294 De
615 260 785 304 duplici
813 260 1032 304 martyrio
1060 270 1086 292 c.
1114 260 1260 293 :zi—323.
1567 261 1649 302 243

144 370 305 407 lominus
330 369 533 406 uincuntur
555 379 575 404 a
597 367 868 414 cupiditatibus
906 365 982 402 suis
1006 377 1116 412 quam
1138 378 1217 404 nos.
1258 377 1351 411 quos
1375 365 1502 402 dicunt
1526 365 1647 403 adhuc

146 438 266 476 teneri
290 437 359 474 sub
395 447 510 484 regno
547 442 711 472 satanae.
755 435 843 482 quid
867 435 1019 481 prodest
1056 434 1134 471 illis
1158 434 1381 481 baptismus,
1427 446 1497 481 quo
1521 434 1649 472 dicunt

144 507 231 544 exui
253 508 415 543 ueterem
438 504 624 542 hominem
660 515 742 541 cum
765 503 912 540 actibus
945 503 1024 540 suis
1057 506 1093 539 et
1126 502 1230 538 indui
1262 513 1398 539 nouum
1430 502 1493 548 qui
1516 514 1649 540 secun-

149 576 238 612 dum
262 574 379 612 Deum
402 577 548 611 creatus
572 575 657 610 est?
692 572 781 619 quid
803 572 953 618 prodest
978 571 1053 608 illis
1076 570 1239 618 Spiritus
1261 573 1427 616 sanctus,
1460 572 1566 610 euius
1588 584 1651 609 ar—

115 659 131 681 ε,
146 644 259 681 bitrio
290 643 416 679 dicunt
449 653 486 678 se
519 640 750 689 temperari?
790 652 856 678 cur
893 651 1036 687 semper
1079 640 1117 676 111
1149 650 1210 677 ore
1233 640 1373 678 habent
1393 633 1647 687 ‘euangelium

145 701 412 759 euangelium),
437 723 519 748 cuni
542 713 622 749 tot-a
644 710 723 747 uita
746 710 932 756 discrepet
954 710 1001 747 ab
1023 709 1212 758 euangelii
1235 709 1475 757 praeceptis?
1512 712 1651 757 quanto

145 781 299 819 creditis
322 782 461 828 pudore
485 779 713 817 suffunditur
735 778 906 824 ecclesia,
939 790 1022 816 cum
1045 778 1135 816 haec
1167 779 1389 826 ingeruntur
1411 779 1458 816 ab
1480 779 1652 816 hostibus

147 861 211 887 nec
236 850 348 887 habet
371 861 442 896 (1110
461 848 611 885 refellat
633 847 861 895 opprobria?
890 858 1010 884 nonne
1033 847 1203 884 uidemus
1225 849 1345 884 totum
1368 847 1545 885 ecclesiae
1569 858 1651 886 coe-

147 926 225 956 tum
258 919 452 956 demittere
484 918 612 955 uultus
649 920 759 964 atque
797 917 1030 962 erubescerey
1069 915 1242 963 quotiens
1272 916 1399 963 aliqua
1430 916 1535 964 uirgo
1559 928 1652 964 quae

102 998 134 1021 10
150 988 299 1025 Christo
323 988 501 1034 nupserat
524 986 671 1033 dilapsa
689 998 733 1023 ex
755 985 924 1033 angelico
947 985 1203 1031 contubernio,
1238 984 1373 1024 defecit
1406 985 1451 1022 ad
1482 987 1654 1032 stuprum

148 1059 212 1094 aut
237 1056 480 1102 coniugium?
505 1057 668 1102 quantus
692 1065 836 1092 moeror
858 1057 1014 1100 occupat
1037 1053 1200 1091 omnium
1222 1056 1393 1092 nostrum
1425 1055 1567 1093 animos
1589 1056 1654 1094 sed

149 1124 347 1171 praecipue
369 1126 574 1171 pastorum,
600 1123 631 1160 si
654 1123 801 1169 quando
821 1122 962 1159 Christi
984 1122 1092 1159 miles
1114 1123 1311 1160 tormentis
1332 1123 1488 1162 inferior
1518 1135 1653 1161 renun-

148 1193 261 1230 tiauit
290 1192 506 1240 imperatori
529 1191 623 1229 suo?
654 1194 818 1238 quantus
841 1194 967 1228 autem
989 1202 1033 1228 ex
1054 1192 1211 1230 aduerso
1236 1194 1387 1230 satanae
1409 1192 1652 1240 triumphus?

207 1263 354 1308 Itaque,
378 1261 516 1298 fratres
539 1260 786 1306 dilectissimi,
811 1260 842 1298 si
865 1271 951 1297 uere
975 1260 1169 1308 diligimus
1188 1261 1318 1307 Deum,
1343 1261 1375 1299 si
1398 1262 1563 1308 quotidie
1586 1275 1651 1310 pe-

103 1343 133 1367 15
149 1331 265 1369 timus
289 1343 331 1368 ex
370 1330 492 1367 animo
532 1322 803 1367 ‘sanctificetur
825 1340 958 1367 nomen
980 1320 1113 1375 tuum',
1152 1341 1295 1367 summo
1318 1330 1440 1368 studio
1464 1330 1652 1378 aduigile-

152 1412 248 1438 mus.
273 1399 406 1437 necubi
430 1398 640 1445 polluamus
662 1409 795 1436 nomen
818 1397 934 1444 illius,
959 1399 1024 1435 sed
1047 1401 1083 1434 et
1106 1402 1225 1436 morte
1249 1401 1285 1436 et
1308 1398 1385 1436 uita
1403 1399 1653 1446 glorificemus

150 1468 271 1514 11111111,
304 1468 408 1504 iuxta
429 1467 530 1505 beati
552 1467 662 1504 Pauli
702 1466 842 1504 monita
879 1466 1051 1504 uiuentes
1090 1466 1169 1504 sine
1209 1467 1360 1514 querela
1392 1469 1434 1505 111
1464 1468 1654 1516 simplices

151 1536 218 1573 filii
243 1536 323 1582 Dei,
367 1536 446 1573 sine
479 1533 772 1583 reprehensione
804 1534 842 1571 in
874 1535 993 1573 medio
1027 1535 1191 1573 nationis
1224 1548 1362 1583 prauae
1386 1539 1421 1574 et
1444 1548 1653 1585 perumsae,

152 1605 250 1642 inter
273 1617 365 1652 quos
382 1605 574 1642 luceamus
597 1604 695 1641 sicut
716 1604 917 1641 luminaria
935 1603 972 1640 111
994 1604 1144 1650 mundo,
1167 1605 1323 1642 uerbum
1342 1605 1442 1643 uitae
1461 1606 1655 1644 eontinen-

104 1685 136 1710 2«)
152 1680 207 1711 tes
253 1674 298 1710 ad
321 1673 478 1721 gloriam
503 1673 646 1710 Christi
668 1674 765 1719 Iesu,
804 1673 904 1720 regis
928 1675 964 1710 et
987 1674 1237 1721 agonothetae
1276 1674 1415 1721 nostri,
1454 1675 1516 1722 qui
1549 1687 1656 1713 suum

151 1754 236 1780 esse
260 1742 362 1780 ducit
386 1742 568 1789 quidquid
590 1742 628 1779 in
652 1741 828 1779 membris
851 1742 972 1789 ipsius
994 1742 1150 1789 geritur.
1185 1742 1374 1790 patiamur
1396 1755 1478 1781 cum
1501 1744 1581 1790 illo,
1615 1747 1656 1781 ut

152 1823 234 1848 cum
259 1812 323 1849 illo
347 1811 599 1858 glorificemur
622 1811 659 1847 in
683 1811 740 1848 die
763 1810 926 1848 Domini.
951 1823 1018 1849 nos
1041 1810 1102 1848 hic
1137 1810 1245 1848 illum
1277 1811 1525 1850 clarificemus
1557 1814 1656 1860 apud

153 1881 336 1926 homines,
361 1882 402 1917 ut
425 1880 490 1917 ille
514 1891 581 1917 nos
604 1879 786 1917 clarificet
809 1879 982 1917 claritate
1006 1891 1071 1917 sua
1095 1890 1218 1918 coram
1240 1880 1387 1928 angelis
1419 1881 1510 1928 suis,
1543 1893 1654 1927 cum,

152 1952 191 1986 ut
217 1948 338 1995 inquit
370 1949 505 1986 beatus
527 1947 683 1994 Paulus,
707 1949 899 1986 uenerit
932 1948 1221 1996 glorificari
1252 1949 1298 1986 111
1321 1950 1507 1987 sanctis
1538 1950 1654 1988 suis.

107 2029 286 2056 anemo
331 2019 595 2055 coronatur
640 2016 737 2053 nisi
785 2017 1010 2064 legitime
1057 2018 1343 2056 certauerit.
1386 2021 1433 2056 et
1478 2018 1526 2055 hi
1578 2020 1657 2066 (1111

153 2086 533 2134 corruptibilem
566 2097 786 2124 coronam
818 2086 1056 2133 ambiunt,
1089 2087 1143 2124 ab
1175 2086 1397 2125 omnibus
1429 2099 1474 2125 se
1506 2087 1654 2125 absti-

154 2168 178 2192 n
193 2158 291 2201 ent,
316 2155 411 2192 nihil
433 2167 506 2192 non
530 2155 712 2192 facientes
736 2156 833 2202 quod
854 2156 902 2193 ad
924 2155 1123 2193 uictoriam
1145 2155 1338 2193 conducit:
1372 2156 1462 2202 quid
1498 2167 1565 2194 nos
1597 2157 1656 2194 fa-

156 2234 238 2260 cere
259 2223 448 2269 conuenit,
482 2225 522 2261 111
545 2234 792 2270 assequamur
814 2223 918 2261 illam
940 2224 1164 2262 immortalis
1196 2224 1295 2262 uitae
1326 2235 1500 2263 coronam
1532 2225 1656 2263 incor-

157 2292 373 2340 ruptibilem
396 2294 433 2329 et
456 2292 805 2330 immarcescibilem
828 2293 865 2329 in
888 2293 1033 2331 coelis?

1670 1268 1722 1305 34

109 2375 142 2399 30
214 2361 285 2398 Hic
308 2361 339 2398 si
358 2361 442 2408 quis
465 2363 582 2409 roget,
617 2373 688 2408 (1110
707 2364 816 2409 pacto
838 2361 924 2409 quis
946 2361 1065 2409 possit
1089 2373 1171 2399 esse
1192 2363 1336 2411 martyr
1357 2362 1437 2400 sine
1460 2362 1655 2410 sanguinis
1671 2367 1724 2406 35

158 2429 356 2467 effusione:
381 2429 552 2477 quisquis
570 2431 638 2468 hoc
657 2430 779 2467 animo
802 2430 972 2477 sequitur
993 2430 1192 2477 iustitiam,
1216 2433 1256 2468 ut
1278 2432 1436 2468 mortem
1454 2430 1566 2468 citius
1588 2431 1654 2469 ad-

156 2497 340 2535 missurus
363 2498 425 2543 sit,
464 2510 574 2545 quam
597 2498 692 2536 uelit
716 2510 737 2536 a
760 2498 908 2536 iustitia
930 2499 1145 2546 deflectere,
1189 2499 1278 2537 huic
1299 2502 1447 2546 promta
1482 2499 1657 2537 uoluntas

158 2577 223 2612 pro
245 2567 424 2614 martyrio
448 2567 704 2613 deputabitur.
747 2567 847 2604 Deus
885 2567 985 2604 enim
1026 2579 1099 2604 11011
1137 2568 1314 2605 aestimat
1352 2580 1575 2616 quemquam
1611 2579 1656 2607 ex

157 2636 295 2672 euentu
318 2646 442 2673 rerum
464 2636 527 2673 sed
550 2647 594 2673 ex
617 2636 765 2673 affectu.
805 2648 869 2673 cur
892 2637 991 2673 0111111
1012 2636 1076 2674 1110
1110 2636 1307 2674 fraudetur
1328 2636 1500 2685 martyrii
1521 2636 1654 2684 gloria,

110 2713 141 2738 35
158 2712 223 2748 per
245 2715 352 2750 quem
374 2716 446 2741 11011
467 2704 573 2742 stetit
596 2704 793 2751 quominus
816 2705 1037 2752 martyrium
1069 2704 1284 2752 peregerit?
1317 2707 1357 2742 ut
1393 2707 1522 2742 contra
1556 2715 1657 2742 mer-

247 2870 291 2902 *213
318 2870 352 2903 II
380 2871 499 2905 Thess.
529 2873 559 2907 1.
586 2873 648 2911 io;
674 2872 706 2906 Il
737 2873 827 2908 Tim.
855 2873 887 2907 2.
913 2873 949 2913 5:
979 2873 995 2906 I
1022 2873 1099 2908 Cor.
1126 2874 1157 2910 9.
1182 2875 1237 2909 25.

1287 2937 1336 2972 16
1362 2936 1380 2956 *
