2032 3248
335 249 421 286 XIV

338 365 633 420 terpolationes
656 365 919 419 detegebant.
951 376 1203 419 quamquam
1225 364 1354 407 mirae
1374 365 1682 408 inconstantiae
1701 368 1849 408 tenen-

342 438 424 487 tur,
457 436 564 490 quod
595 434 742 483 multa,
774 447 879 489 quae
910 436 1054 477 eodem
1083 435 1171 476 iure
1203 433 1321 477 obelo
1353 435 1535 477 notanda
1565 437 1695 486 erant,
1728 447 1849 488 prae-

343 505 624 547 termiserunt.
647 504 737 558 ipse
760 505 1058 547 consuetudine
1078 503 1255 547 Arnobii
1275 503 1455 546 fideliter
1471 505 1706 547 examinata
1721 503 1850 546 libros

347 575 433 617 eius
479 575 868 629 interpolationibus
916 574 1002 616 fere
1049 574 1255 615 immunes
1297 585 1386 615 esse
1427 585 1522 615 cum
1562 573 1852 625 intellexerim,

342 656 452 686 nunc
484 644 584 687 satis
615 643 746 687 habeo
777 643 978 686 lectorem
1008 643 1060 686 ad
1081 642 1261 685 indicem
1282 642 1507 685 uerborum
1529 645 1571 685 et
1591 644 1851 686 locutionum

342 727 382 768 p.
415 712 499 756 347
531 726 594 767 sq.
625 713 847 768 relegasse.
879 714 1010 755 restat
1032 714 1078 755 ut
1101 724 1295 755 moneam
1316 725 1395 767 quo
1417 712 1553 769 magis
1575 713 1854 756 tumultuaria

346 782 523 824 Arnobii
569 795 692 837 opera
736 782 782 824 in
826 783 1103 836 conponendis
1149 782 1214 824 his
1260 782 1376 825 libris
1422 781 1568 833 fuerit,
1614 794 1659 824 eo
1701 782 1854 825 diffici-

342 852 494 895 liorem
513 864 658 895 eorum
674 852 802 894 crisin
819 864 919 894 esse.
941 852 1221 906 Hieronymus
1239 851 1410 893 enimin
1427 851 1618 894 chronico
1636 851 1689 894 ad
1701 864 1854 894 annum

340 921 498 964 Abrah.
538 921 651 964 2343
689 923 854 973 narrat,
885 921 1138 973 Arnobium,
1176 923 1225 963 ut
1256 920 1307 963 ab
1341 922 1543 975 episcopis
1575 920 1855 964 Christianam

344 990 485 1041 fidem,
518 1003 643 1045 quam
673 1003 837 1045 semper
866 991 1187 1044 inpugnauerat,
1219 991 1465 1044 inpetraret,
1497 990 1626 1032 libros
1657 991 1855 1033 aduersus

344 1060 534 1104 nationes
566 1059 847 1102 elucubrasse.
879 1060 989 1114 quod
1020 1059 1124 1102 satis
1156 1059 1408 1102 festinanter
1430 1072 1525 1102 eum
1546 1059 1694 1102 fecisse
1715 1062 1762 1102 ut
1783 1072 1856 1113 per

350 1141 393 1171 se
424 1131 751 1172 consentaneum
782 1131 859 1181 est,
890 1129 952 1171 ita
984 1129 1255 1171 confirmatur
1287 1128 1352 1171 his
1384 1129 1455 1183 qui
1476 1132 1699 1183 supersunt
1719 1128 1855 1181 libris,

345 1200 393 1240 ut
436 1198 552 1241 idem
581 1199 863 1252 Hieronymus
905 1199 948 1240 in
986 1199 1165 1253 epistula
1196 1200 1248 1240 ad
1278 1198 1504 1240 Paulinum
1534 1198 1795 1252 inaequalem
1817 1202 1858 1240 et

347 1268 527 1310 nimium
557 1270 598 1310 et
628 1269 780 1322 absque
820 1268 953 1322 operis
993 1268 1058 1310 sui
1095 1268 1320 1322 partitione
1352 1268 1571 1310 confusum
1601 1269 1690 1310 iure
1722 1268 1857 1310 Arno-

347 1336 466 1380 bium
505 1337 628 1380 dicat.
672 1336 873 1379 nimirum
910 1338 953 1379 in
991 1337 1074 1379 fine
1114 1338 1244 1379 totius
1283 1337 1418 1391 operis
1451 1337 1638 1380 confusio
1677 1338 1857 1379 maxima

349 1408 549 1450 cernitur.
587 1407 660 1450 ubi
705 1408 842 1461 capita
879 1408 947 1451 35.
980 1408 1050 1451 36.
1091 1408 1145 1450 37
1196 1420 1291 1450 cum
1338 1408 1545 1462 epilogum
1581 1406 1748 1450 efficere
1784 1419 1859 1461 ap-

347 1479 501 1531 pareat,
534 1476 577 1518 id
608 1479 715 1527 quod
746 1477 1044 1532 Francogallus
1076 1477 1248 1531 quidam
1279 1476 1351 1533 (cf.
1390 1476 1719 1520 Schoenemanni
1757 1476 1857 1520 bibl.

345 1548 452 1601 patr.
498 1546 572 1588 lat.
615 1547 636 1589 I
670 1546 801 1603 156),
846 1560 970 1601 quem
1017 1546 1200 1590 Orellius
1242 1546 1460 1600 sequitur,
1506 1548 1616 1588 recte
1651 1546 1859 1588 intellexit

347 1640 403 1647 —
434 1616 624 1659 abutitur
663 1618 805 1658 autem
844 1616 956 1659 iusta
996 1616 1284 1658 obseruatione
1322 1615 1384 1657 ita
1421 1617 1469 1656 ut
1500 1628 1547 1658 ea
1576 1617 1618 1658 in
1648 1615 1729 1657 fine
1761 1614 1859 1657 libri

347 1686 475 1740 ponat
515 1710 568 1716 —
607 1687 805 1727 secuntur
851 1698 944 1728 ecce
989 1697 1119 1728 nouae
1165 1685 1551 1741 argumentationes
1595 1685 1664 1727 uel
1720 1685 1859 1738 potius

353 1766 558 1797 nouarum
578 1755 991 1808 argumentationum
1020 1755 1158 1796 lacera
1188 1754 1438 1808 fragmenta,
1470 1755 1514 1796 in
1545 1754 1693 1808 quibus
1715 1754 1859 1796 eadem

354 1824 617 1878 aliquantum
655 1825 866 1867 inmutata
905 1823 970 1866 bis
1010 1826 1127 1866 terue
1164 1825 1426 1877 repetuntur.
1466 1836 1567 1878 quas
1606 1823 1753 1865 turbas
1790 1824 1861 1877 qui

350 1894 604 1948 expediuisse
643 1892 724 1934 sibi
762 1893 1014 1935 uidebantur
1051 1892 1190 1935 uerbis
1229 1893 1369 1944 277,8
1400 1918 1456 1923 —
1486 1893 1584 1945 278,
1605 1893 1658 1935 13
1700 1893 1860 1935 omissis

351 1965 424 2005 aut
454 1965 550 2016 post
580 1962 737 2005 librum
768 1963 990 2016 separatim
1023 1962 1264 2013 conlocatis,
1295 1976 1347 2005 ne
1376 1963 1472 2005 illos
1502 1962 1611 2004 nihil
1641 1961 1861 2017 profecisse

350 2032 622 2075 manifestum
661 2036 735 2074 est.
778 2045 853 2074 nec
891 2033 1079 2074 inuenias
1118 2033 1247 2075 aliam
1291 2031 1599 2087 interpretandi
1643 2032 1861 2081 rationem,

351 2115 456 2156 quae
489 2102 588 2144 huic
618 2115 758 2143 rerum
789 2102 1019 2144 condicioni
1050 2102 1293 2151 satisfaciat,
1325 2102 1406 2143 nisi
1436 2102 1565 2153 hanc,
1607 2100 1760 2143 habere
1790 2113 1861 2142 nos

352 2174 421 2216 hic
453 2171 689 2215 aduersaria
719 2170 898 2212 Arnobii
928 2172 1038 2214 male
1069 2171 1291 2226 conposita.
1331 2170 1481 2225 quibus
1520 2170 1696 2212 materia
1727 2169 1861 2211 conti-

354 2245 489 2296 netur,
511 2243 622 2284 unde
642 2243 761 2285 nouis
784 2242 982 2296 exemplis
1003 2254 1135 2284 uanae
1156 2240 1375 2283 nationum
1397 2239 1702 2294 superstitionis
1725 2238 1862 2280 decla·

352 2313 557 2355 mationes
588 2324 683 2355 suas
714 2311 891 2366 scriptor
921 2313 1119 2354 aucturus
1151 2314 1252 2353 erat.
1285 2311 1355 2353 sed
1380 2322 1475 2351 cum
1497 2311 1660 2363 tempus
1681 2311 1860 2362 urgeret,

354 2395 401 2424 ea
431 2382 473 2423 in
503 2382 598 2432 fine,
630 2382 678 2423 ut
709 2383 826 2424 erant
857 2381 901 2422 in
931 2381 1103 2428 schedis,
1137 2381 1293 2422 adnexa
1323 2382 1434 2421 sunt.
1467 2390 1542 2420 nec
1563 2380 1706 2432 postea
1726 2377 1862 2419 Arno-

353 2452 444 2493 bius
476 2451 528 2493 ad
558 2451 815 2505 propositum
846 2450 980 2493 rediit.

490 2520 552 2561 De
584 2519 826 2562 auctoribus
866 2532 964 2574 quos
1004 2520 1179 2573 scriptor
1209 2519 1253 2560 in
1284 2517 1526 2561 enarrandis
1560 2519 1600 2558 et
1630 2515 1860 2557 inridendis

355 2588 579 2641 gentilium
618 2592 743 2631 sacris
783 2591 949 2631 secutus
989 2590 1067 2639 sit,
1100 2601 1314 2642 quaerere,
1362 2601 1455 2630 cum
1494 2587 1677 2629 alienum
1716 2587 1770 2628 sit
1813 2586 1863 2626 ab

356 2657 478 2699 huius
509 2658 699 2700 editionis
729 2659 934 2709 instituto,
967 2659 1010 2700 in
1032 2658 1142 2700 aliud
1166 2659 1332 2710 tempus
1355 2656 1521 2699 distuli:
1553 2655 1723 2697 interim
1752 2656 1862 2696 locos

358 2725 581 2769 Clementis
621 2727 891 2770 Alexandrini
921 2727 1169 2770 Arnobianis
1209 2725 1445 2768 simillimos
1485 2726 1527 2767 in
1567 2724 1674 2767 libro
1715 2725 1863 2777 quarto

357 2795 502 2848 quinto
535 2798 648 2838 sexto
678 2797 875 2839 indicaui.

496 2863 691 2918 Capitum
721 2865 1033 2907 distinctionem
1054 2864 1428 2908 Oberthuerianam
1456 2862 1624 2912 retinui,
1654 2860 1735 2903 nisi
1757 2862 1864 2915 quod

359 2944 549 2975 numeros
580 2933 625 2975 in
655 2935 886 2989 marginem
916 2935 1051 2977 reieci.
1091 2933 1250 2975 ibidem
1281 2932 1442 2987 signaui
1484 2932 1634 2974 codicis
1666 2930 1785 2979 folia,
1817 2932 1863 2970 ut
