<?xml version="1.0" encoding="UTF-8"?>
<!DOCTYPE html PUBLIC "-//W3C//DTD XHTML 1.0 Transitional//EN"
    "http://www.w3.org/TR/xhtml1/DTD/xhtml1-transitional.dtd">
<html xmlns="http://www.w3.org/1999/xhtml" xml:lang="en" lang="en">
 <head>
  <title>
</title>
<meta http-equiv="Content-Type" content="text/html;charset=utf-8" />
  <meta name='ocr-system' content='tesseract 3.04.00' />
  <meta name='ocr-capabilities' content='ocr_page ocr_carea ocr_par ocr_line ocrx_word'/>
</head>
<body>
  <div class='ocr_page' id='page_1' title='image "./corpusscriptorum03cypruoft/corpusscriptorum03cypruoft_0655.png"; bbox 0 0 2032 3248; ppageno 0'>
   <div class='ocr_carea' id='block_1_1' title="bbox 806 217 1648 262">
    <p class='ocr_par' dir='ltr' id='par_1_1' title="bbox 806 217 1648 262">
     <span class='ocr_line' id='line_1_1' title="bbox 806 217 1648 262; baseline 0.012 -11"><span class='ocrx_word' id='word_1_1' title='bbox 806 217 938 252; x_wconf 84' lang='lat' dir='ltr'>Liber</span> <span class='ocrx_word' id='word_1_2' title='bbox 965 218 1012 252; x_wconf 93' lang='grc' dir='ltr'>ΙΙ.</span> <span class='ocrx_word' id='word_1_3' title='bbox 1597 220 1648 262; x_wconf 81' lang='grc'>75</span> 
     </span>
    </p>
   </div>
   <div class='ocr_carea' id='block_1_2' title="bbox 124 331 1747 2309">
    <p class='ocr_par' dir='ltr' id='par_1_2' title="bbox 124 331 1747 2309">
     <span class='ocr_line' id='line_1_2' title="bbox 168 331 1650 387; baseline 0.001 -14"><span class='ocrx_word' id='word_1_4' title='bbox 168 332 282 374; x_wconf 91' lang='lat' dir='ltr'>uobis</span> <span class='ocrx_word' id='word_1_5' title='bbox 327 331 521 386; x_wconf 79' lang='lat' dir='ltr'>reponitis</span> <span class='ocrx_word' id='word_1_6' title='bbox 566 331 731 385; x_wconf 91' lang='lat' dir='ltr'>fierique</span> <span class='ocrx_word' id='word_1_7' title='bbox 777 345 848 374; x_wconf 94' lang='lat' dir='ltr'>uos</span> <span class='ocrx_word' id='word_1_8' title='bbox 893 333 986 374; x_wconf 91' lang='lat' dir='ltr'>deos</span> <span class='ocrx_word' id='word_1_9' title='bbox 1029 334 1162 375; x_wconf 92' lang='lat' dir='ltr'>uestro</span> <span class='ocrx_word' id='word_1_10' title='bbox 1208 333 1332 375; x_wconf 87' lang='lat' dir='ltr'>fiditis</span> <span class='ocrx_word' id='word_1_11' title='bbox 1378 334 1650 387; x_wconf 88' lang='lat' dir='ltr'>intestinoque</span> 
     </span>
     <span class='ocr_line' id='line_1_3' title="bbox 168 400 1649 455; baseline 0.001 -13"><span class='ocrx_word' id='word_1_12' title='bbox 168 401 330 449; x_wconf 89' lang='lat' dir='ltr'>conatu;</span> <span class='ocrx_word' id='word_1_13' title='bbox 363 402 406 441; x_wconf 89' lang='lat' dir='ltr'>at</span> <span class='ocrx_word' id='word_1_14' title='bbox 437 412 530 442; x_wconf 91' lang='lat' dir='ltr'>uero</span> <span class='ocrx_word' id='word_1_15' title='bbox 562 412 632 441; x_wconf 92' lang='lat' dir='ltr'>nos</span> <span class='ocrx_word' id='word_1_16' title='bbox 662 400 778 442; x_wconf 91' lang='lat' dir='ltr'>nobis</span> <span class='ocrx_word' id='word_1_17' title='bbox 810 400 912 442; x_wconf 88' lang='lat' dir='ltr'>nihil</span> <span class='ocrx_word' id='word_1_18' title='bbox 944 401 992 442; x_wconf 91' lang='lat' dir='ltr'>de</span> <span class='ocrx_word' id='word_1_19' title='bbox 1015 402 1150 443; x_wconf 89' lang='lat' dir='ltr'>nostra</span> <span class='ocrx_word' id='word_1_20' title='bbox 1178 402 1415 444; x_wconf 85' lang='lat' dir='ltr'>infirmitate</span> <span class='ocrx_word' id='word_1_21' title='bbox 1445 402 1649 455; x_wconf 89' lang='lat' dir='ltr'>promitti-</span> 
     </span>
     <span class='ocr_line' id='line_1_4' title="bbox 166 469 1651 513; baseline 0.002 -3"><span class='ocrx_word' id='word_1_22' title='bbox 166 482 257 510; x_wconf 92' lang='lat' dir='ltr'>mus</span> <span class='ocrx_word' id='word_1_23' title='bbox 294 469 483 510; x_wconf 90' lang='lat' dir='ltr'>naturam</span> <span class='ocrx_word' id='word_1_24' title='bbox 522 469 728 511; x_wconf 87' lang='lat' dir='ltr'>intuentes</span> <span class='ocrx_word' id='word_1_25' title='bbox 767 470 946 511; x_wconf 90' lang='lat' dir='ltr'>nostram</span> <span class='ocrx_word' id='word_1_26' title='bbox 987 470 1139 512; x_wconf 92' lang='lat' dir='ltr'>uirium</span> <span class='ocrx_word' id='word_1_27' title='bbox 1171 483 1253 512; x_wconf 90' lang='lat' dir='ltr'>esse</span> <span class='ocrx_word' id='word_1_28' title='bbox 1289 472 1497 513; x_wconf 89' lang='lat' dir='ltr'>nullarum</span> <span class='ocrx_word' id='word_1_29' title='bbox 1528 473 1570 513; x_wconf 89' lang='lat' dir='ltr'>et</span> <span class='ocrx_word' id='word_1_30' title='bbox 1601 471 1651 513; x_wconf 91' lang='lat' dir='ltr'>ab</span> 
     </span>
     <span class='ocr_line' id='line_1_5' title="bbox 168 537 1650 592; baseline 0.002 -14"><span class='ocrx_word' id='word_1_31' title='bbox 168 538 263 579; x_wconf 85' lang='lat' dir='ltr'>suis’</span> <span class='ocrx_word' id='word_1_32' title='bbox 283 537 508 579; x_wconf 74' lang='lat' dir='ltr'>adfectibus</span> <span class='ocrx_word' id='word_1_33' title='bbox 539 538 580 578; x_wconf 90' lang='lat' dir='ltr'>in</span> <span class='ocrx_word' id='word_1_34' title='bbox 611 538 720 579; x_wconf 90' lang='lat' dir='ltr'>omni</span> <span class='ocrx_word' id='word_1_35' title='bbox 759 550 893 579; x_wconf 90' lang='lat' dir='ltr'>rerum</span> <span class='ocrx_word' id='word_1_36' title='bbox 932 539 1186 581; x_wconf 75' lang='lat' dir='ltr'>contentione</span> <span class='ocrx_word' id='word_1_37' title='bbox 1217 541 1410 592; x_wconf 91' lang='lat' dir='ltr'>superari.</span> <span class='ocrx_word' id='word_1_38' title='bbox 1458 552 1529 581; x_wconf 93' lang='lat' dir='ltr'>uos</span> <span class='ocrx_word' id='word_1_39' title='bbox 1561 552 1650 581; x_wconf 90' lang='lat' dir='ltr'>cum</span> 
     </span>
     <span class='ocr_line' id='line_1_6' title="bbox 140 606 1651 659; baseline 0.003 -13"><span class='ocrx_word' id='word_1_40' title='bbox 140 606 345 659; x_wconf 63' lang='lat' dir='ltr'>sprimum</span> <span class='ocrx_word' id='word_1_41' title='bbox 387 607 509 648; x_wconf 87' lang='lat' dir='ltr'>soluti</span> <span class='ocrx_word' id='word_1_42' title='bbox 550 607 824 648; x_wconf 90' lang='lat' dir='ltr'>membrorum</span> <span class='ocrx_word' id='word_1_43' title='bbox 863 607 1046 649; x_wconf 91' lang='lat' dir='ltr'>abieritis</span> <span class='ocrx_word' id='word_1_44' title='bbox 1077 620 1097 649; x_wconf 91' lang='lat' dir='ltr'>e</span> <span class='ocrx_word' id='word_1_45' title='bbox 1130 608 1266 658; x_wconf 83' lang='lat' dir='ltr'>nodis,</span> <span class='ocrx_word' id='word_1_46' title='bbox 1310 609 1394 650; x_wconf 89' lang='lat' dir='ltr'>alas</span> <span class='ocrx_word' id='word_1_47' title='bbox 1434 609 1550 650; x_wconf 90' lang='lat' dir='ltr'>uobis</span> <span class='ocrx_word' id='word_1_48' title='bbox 1580 608 1651 650; x_wconf 91' lang='lat' dir='ltr'>ad-</span> 
     </span>
     <span class='ocr_line' id='line_1_7' title="bbox 168 674 1652 730; baseline 0.003 -15"><span class='ocrx_word' id='word_1_49' title='bbox 168 674 326 716; x_wconf 88' lang='lat' dir='ltr'>futuras</span> <span class='ocrx_word' id='word_1_50' title='bbox 356 676 511 729; x_wconf 87' lang='lat' dir='ltr'>putatis</span> <span class='ocrx_word' id='word_1_51' title='bbox 542 675 689 728; x_wconf 91' lang='lat' dir='ltr'>quibus</span> <span class='ocrx_word' id='word_1_52' title='bbox 711 675 762 717; x_wconf 89' lang='lat' dir='ltr'>ad</span> <span class='ocrx_word' id='word_1_53' title='bbox 785 675 941 717; x_wconf 90' lang='lat' dir='ltr'>caelum</span> <span class='ocrx_word' id='word_1_54' title='bbox 963 688 1128 730; x_wconf 86' lang='lat' dir='ltr'>pergere</span> <span class='ocrx_word' id='word_1_55' title='bbox 1149 677 1269 729; x_wconf 88' lang='lat' dir='ltr'>atque</span> <span class='ocrx_word' id='word_1_56' title='bbox 1292 677 1342 718; x_wconf 89' lang='lat' dir='ltr'>ad</span> <span class='ocrx_word' id='word_1_57' title='bbox 1365 678 1497 719; x_wconf 88' lang='lat' dir='ltr'>sidera</span> <span class='ocrx_word' id='word_1_58' title='bbox 1518 677 1652 719; x_wconf 86' lang='lat' dir='ltr'>uolare</span> 
     </span>
     <span class='ocr_line' id='line_1_8' title="bbox 168 743 1652 795; baseline 0.002 -11"><span class='ocrx_word' id='word_1_59' title='bbox 168 743 352 795; x_wconf 83' lang='lat' dir='ltr'>possitis;</span> <span class='ocrx_word' id='word_1_60' title='bbox 384 756 455 785; x_wconf 89' lang='lat' dir='ltr'>nos</span> <span class='ocrx_word' id='word_1_61' title='bbox 487 744 643 785; x_wconf 86' lang='lat' dir='ltr'>tantam</span> <span class='ocrx_word' id='word_1_62' title='bbox 674 743 984 786; x_wconf 85' lang='lat' dir='ltr'>reformidamus</span> <span class='ocrx_word' id='word_1_63' title='bbox 1015 745 1225 786; x_wconf 82' lang='lat' dir='ltr'>audaciam</span> <span class='ocrx_word' id='word_1_64' title='bbox 1256 758 1328 787; x_wconf 90' lang='lat' dir='ltr'>nec</span> <span class='ocrx_word' id='word_1_65' title='bbox 1359 745 1399 786; x_wconf 89' lang='lat' dir='ltr'>in</span> <span class='ocrx_word' id='word_1_66' title='bbox 1421 748 1558 787; x_wconf 87' lang='lat' dir='ltr'>nostra</span> <span class='ocrx_word' id='word_1_67' title='bbox 1578 747 1652 787; x_wconf 90' lang='lat' dir='ltr'>du-</span> 
     </span>
     <span class='ocr_line' id='line_1_9' title="bbox 169 812 1653 867; baseline 0.002 -14"><span class='ocrx_word' id='word_1_68' title='bbox 169 812 298 853; x_wconf 84' lang='lat' dir='ltr'>cimus</span> <span class='ocrx_word' id='word_1_69' title='bbox 335 825 420 854; x_wconf 88' lang='lat' dir='ltr'>esse</span> <span class='ocrx_word' id='word_1_70' title='bbox 457 813 636 865; x_wconf 88' lang='lat' dir='ltr'>positum</span> <span class='ocrx_word' id='word_1_71' title='bbox 676 813 875 866; x_wconf 85' lang='lat' dir='ltr'>potestate</span> <span class='ocrx_word' id='word_1_72' title='bbox 914 825 976 854; x_wconf 89' lang='lat' dir='ltr'>res</span> <span class='ocrx_word' id='word_1_73' title='bbox 1008 826 1170 866; x_wconf 88' lang='lat' dir='ltr'>superas</span> <span class='ocrx_word' id='word_1_74' title='bbox 1201 815 1357 867; x_wconf 76' lang='lat' dir='ltr'>petere,</span> <span class='ocrx_word' id='word_1_75' title='bbox 1391 827 1483 856; x_wconf 92' lang='lat' dir='ltr'>cum</span> <span class='ocrx_word' id='word_1_76' title='bbox 1515 819 1551 856; x_wconf 86' lang='lat' dir='ltr'>et</span> <span class='ocrx_word' id='word_1_77' title='bbox 1582 815 1653 856; x_wconf 82' lang='lat' dir='ltr'>hoc</span> 
     </span>
     <span class='ocr_line' id='line_1_10' title="bbox 168 881 1653 937; baseline 0.001 -15"><span class='ocrx_word' id='word_1_78' title='bbox 168 881 301 934; x_wconf 88' lang='lat' dir='ltr'>ipsum</span> <span class='ocrx_word' id='word_1_79' title='bbox 333 881 551 923; x_wconf 83' lang='lat' dir='ltr'>habeamus</span> <span class='ocrx_word' id='word_1_80' title='bbox 582 882 796 933; x_wconf 82' lang='lat' dir='ltr'>incertum,</span> <span class='ocrx_word' id='word_1_81' title='bbox 829 895 879 923; x_wconf 91' lang='lat' dir='ltr'>an</span> <span class='ocrx_word' id='word_1_82' title='bbox 910 882 1041 924; x_wconf 91' lang='lat' dir='ltr'>uitam</span> <span class='ocrx_word' id='word_1_83' title='bbox 1072 883 1251 937; x_wconf 89' lang='lat' dir='ltr'>accipere</span> <span class='ocrx_word' id='word_1_84' title='bbox 1283 896 1509 925; x_wconf 90' lang='lat' dir='ltr'>mereamur</span> <span class='ocrx_word' id='word_1_85' title='bbox 1541 885 1581 924; x_wconf 94' lang='lat' dir='ltr'>et</span> <span class='ocrx_word' id='word_1_86' title='bbox 1605 883 1653 924; x_wconf 89' lang='lat' dir='ltr'>ab</span> 
     </span>
     <span class='ocr_line' id='line_1_11' title="bbox 124 949 1651 1004; baseline 0.003 -16"><span class='ocrx_word' id='word_1_87' title='bbox 124 949 257 1004; x_wconf 84' lang='lat' dir='ltr'>iolege</span> <span class='ocrx_word' id='word_1_88' title='bbox 295 950 560 992; x_wconf 86' lang='lat' dir='ltr'>mortalitatis</span> <span class='ocrx_word' id='word_1_89' title='bbox 599 950 759 992; x_wconf 86' lang='lat' dir='ltr'>abduci.</span> <span class='ocrx_word' id='word_1_90' title='bbox 806 963 876 992; x_wconf 92' lang='lat' dir='ltr'>uos</span> <span class='ocrx_word' id='word_1_91' title='bbox 915 951 957 991; x_wconf 90' lang='lat' dir='ltr'>in</span> <span class='ocrx_word' id='word_1_92' title='bbox 988 952 1124 993; x_wconf 90' lang='lat' dir='ltr'>aulam</span> <span class='ocrx_word' id='word_1_93' title='bbox 1161 952 1404 993; x_wconf 88' lang='lat' dir='ltr'>dominicam</span> <span class='ocrx_word' id='word_1_94' title='bbox 1445 953 1651 1004; x_wconf 86' lang='lat' dir='ltr'>tamquam</span> 
     </span>
     <span class='ocr_line' id='line_1_12' title="bbox 169 1018 1652 1073; baseline 0.001 -14"><span class='ocrx_word' id='word_1_95' title='bbox 169 1018 209 1059; x_wconf 91' lang='lat' dir='ltr'>in</span> <span class='ocrx_word' id='word_1_96' title='bbox 249 1019 454 1072; x_wconf 86' lang='lat' dir='ltr'>propriam</span> <span class='ocrx_word' id='word_1_97' title='bbox 499 1020 635 1061; x_wconf 89' lang='lat' dir='ltr'>sedem</span> <span class='ocrx_word' id='word_1_98' title='bbox 682 1021 928 1061; x_wconf 86' lang='lat' dir='ltr'>remeaturos</span> <span class='ocrx_word' id='word_1_99' title='bbox 967 1033 1037 1062; x_wconf 90' lang='lat' dir='ltr'>uos</span> <span class='ocrx_word' id='word_1_100' title='bbox 1075 1022 1215 1073; x_wconf 89' lang='lat' dir='ltr'>sponte</span> <span class='ocrx_word' id='word_1_101' title='bbox 1260 1021 1370 1062; x_wconf 92' lang='lat' dir='ltr'>nullo</span> <span class='ocrx_word' id='word_1_102' title='bbox 1416 1020 1652 1073; x_wconf 82' lang='lat' dir='ltr'>prohibente</span> 
     </span>
     <span class='ocr_line' id='line_1_13' title="bbox 169 1087 1654 1142; baseline 0.001 -14"><span class='ocrx_word' id='word_1_103' title='bbox 169 1087 447 1140; x_wconf 89' lang='lat' dir='ltr'>praesumitis·</span> <span class='ocrx_word' id='word_1_104' title='bbox 489 1089 532 1129; x_wconf 89' lang='lat' dir='ltr'>at</span> <span class='ocrx_word' id='word_1_105' title='bbox 564 1099 657 1129; x_wconf 88' lang='lat' dir='ltr'>uero</span> <span class='ocrx_word' id='word_1_106' title='bbox 688 1099 760 1129; x_wconf 90' lang='grc'>1103</span> <span class='ocrx_word' id='word_1_107' title='bbox 791 1088 904 1129; x_wconf 86' lang='lat' dir='ltr'>istud</span> <span class='ocrx_word' id='word_1_108' title='bbox 935 1101 1069 1130; x_wconf 91' lang='lat' dir='ltr'>rerum</span> <span class='ocrx_word' id='word_1_109' title='bbox 1102 1089 1186 1130; x_wconf 90' lang='lat' dir='ltr'>sine</span> <span class='ocrx_word' id='word_1_110' title='bbox 1217 1089 1379 1130; x_wconf 92' lang='lat' dir='ltr'>domino</span> <span class='ocrx_word' id='word_1_111' title='bbox 1412 1090 1497 1130; x_wconf 87' lang='lat' dir='ltr'>fieri</span> <span class='ocrx_word' id='word_1_112' title='bbox 1528 1102 1654 1142; x_wconf 89' lang='lat' dir='ltr'>neque</span> 
     </span>
     <span class='ocr_line' id='line_1_14' title="bbox 170 1156 1747 1212; baseline -0.001 -15"><span class='ocrx_word' id='word_1_113' title='bbox 170 1168 377 1209; x_wconf 89' lang='lat' dir='ltr'>speramus</span> <span class='ocrx_word' id='word_1_114' title='bbox 399 1169 514 1210; x_wconf 89' lang='lat' dir='ltr'>posse</span> <span class='ocrx_word' id='word_1_115' title='bbox 536 1169 662 1210; x_wconf 90' lang='lat' dir='ltr'>neque</span> <span class='ocrx_word' id='word_1_116' title='bbox 685 1156 760 1198; x_wconf 89' lang='lat' dir='ltr'>ulli</span> <span class='ocrx_word' id='word_1_117' title='bbox 793 1156 798 1211; x_wconf 84' lang='grc' dir='ltr'>Ι</span> <span class='ocrx_word' id='word_1_118' title='bbox 831 1157 1043 1198; x_wconf 91' lang='lat' dir='ltr'>hominum</span> <span class='ocrx_word' id='word_1_119' title='bbox 1065 1159 1227 1199; x_wconf 88' lang='lat' dir='ltr'>tantum</span> <span class='ocrx_word' id='word_1_120' title='bbox 1248 1158 1461 1212; x_wconf 89' lang='lat' dir='ltr'>potestatis</span> <span class='ocrx_word' id='word_1_121' title='bbox 1483 1157 1652 1199; x_wconf 85' lang='lat' dir='ltr'>attribui</span> <span class='ocrx_word' id='word_1_122' title='bbox 1669 1165 1689 1196; x_wconf 91' lang='lat' dir='ltr'>f.</span> <span class='ocrx_word' id='word_1_123' title='bbox 1704 1166 1747 1197; x_wconf 82' lang='lat'>44</span> 
     </span>
     <span class='ocr_line' id='line_1_15' title="bbox 169 1224 1720 1279; baseline 0.002 -14"><span class='ocrx_word' id='word_1_124' title='bbox 169 1224 434 1278; x_wconf 87' lang='lat' dir='ltr'>licentiaeque</span> <span class='ocrx_word' id='word_1_125' title='bbox 480 1238 702 1267; x_wconf 87' lang='lat' dir='ltr'>censemus.</span> <span class='ocrx_word' id='word_1_126' title='bbox 754 1238 846 1266; x_wconf 92' lang='lat' dir='ltr'>cum</span> <span class='ocrx_word' id='word_1_127' title='bbox 892 1226 1020 1279; x_wconf 87' lang='lat' dir='ltr'>igitur</span> <span class='ocrx_word' id='word_1_128' title='bbox 1065 1226 1161 1268; x_wconf 90' lang='lat' dir='ltr'>haec</span> <span class='ocrx_word' id='word_1_129' title='bbox 1206 1227 1263 1267; x_wconf 87' lang='lat' dir='ltr'>ita</span> <span class='ocrx_word' id='word_1_130' title='bbox 1310 1227 1413 1276; x_wconf 72' lang='lat' dir='ltr'>sint,</span> <span class='ocrx_word' id='word_1_131' title='bbox 1458 1239 1653 1279; x_wconf 84' lang='lat' dir='ltr'>quaenam</span> <span class='ocrx_word' id='word_1_132' title='bbox 1670 1228 1720 1268; x_wconf 76' lang='lat'>34</span> 
     </span>
     <span class='ocr_line' id='line_1_16' title="bbox 126 1292 1655 1345; baseline 0.002 -13"><span class='ocrx_word' id='word_1_133' title='bbox 126 1307 156 1331; x_wconf 84' lang='lat'>15</span> <span class='ocrx_word' id='word_1_134' title='bbox 171 1292 375 1335; x_wconf 88' lang='lat' dir='ltr'>iniustitia</span> <span class='ocrx_word' id='word_1_135' title='bbox 404 1295 518 1335; x_wconf 88' lang='lat' dir='ltr'>tanta</span> <span class='ocrx_word' id='word_1_136' title='bbox 548 1295 621 1345; x_wconf 83' lang='grc'>031,</span> <span class='ocrx_word' id='word_1_137' title='bbox 654 1295 700 1335; x_wconf 89' lang='grc'>111</span> <span class='ocrx_word' id='word_1_138' title='bbox 731 1293 836 1335; x_wconf 87' lang='lat' dir='ltr'>fatui</span> <span class='ocrx_word' id='word_1_139' title='bbox 867 1294 983 1336; x_wconf 90' lang='lat' dir='ltr'>uobis</span> <span class='ocrx_word' id='word_1_140' title='bbox 1005 1295 1247 1337; x_wconf 86' lang='lat' dir='ltr'>credulitate</span> <span class='ocrx_word' id='word_1_141' title='bbox 1269 1296 1310 1336; x_wconf 91' lang='lat' dir='ltr'>in</span> <span class='ocrx_word' id='word_1_142' title='bbox 1331 1296 1412 1336; x_wconf 91' lang='lat' dir='ltr'>ista</span> <span class='ocrx_word' id='word_1_143' title='bbox 1434 1295 1655 1336; x_wconf 88' lang='lat' dir='ltr'>uideamur.</span> 
     </span>
     <span class='ocr_line' id='line_1_17' title="bbox 171 1363 1657 1418; baseline -0.001 -13"><span class='ocrx_word' id='word_1_144' title='bbox 171 1377 263 1406; x_wconf 92' lang='lat' dir='ltr'>cum</span> <span class='ocrx_word' id='word_1_145' title='bbox 293 1375 365 1405; x_wconf 90' lang='lat' dir='ltr'>uos</span> <span class='ocrx_word' id='word_1_146' title='bbox 397 1364 437 1404; x_wconf 91' lang='lat' dir='ltr'>et</span> <span class='ocrx_word' id='word_1_147' title='bbox 467 1363 619 1404; x_wconf 89' lang='lat' dir='ltr'>similia</span> <span class='ocrx_word' id='word_1_148' title='bbox 649 1363 808 1404; x_wconf 88' lang='lat' dir='ltr'>credere</span> <span class='ocrx_word' id='word_1_149' title='bbox 839 1365 878 1404; x_wconf 89' lang='lat' dir='ltr'>et</span> <span class='ocrx_word' id='word_1_150' title='bbox 910 1364 951 1405; x_wconf 91' lang='lat' dir='ltr'>in</span> <span class='ocrx_word' id='word_1_151' title='bbox 983 1364 1123 1405; x_wconf 91' lang='lat' dir='ltr'>eadem</span> <span class='ocrx_word' id='word_1_152' title='bbox 1151 1364 1362 1406; x_wconf 90' lang='lat' dir='ltr'>uideamus</span> <span class='ocrx_word' id='word_1_153' title='bbox 1385 1364 1657 1418; x_wconf 82' lang='lat' dir='ltr'>expectatione</span> 
     </span>
     <span class='ocr_line' id='line_1_18' title="bbox 171 1431 1658 1486; baseline -0.001 -12"><span class='ocrx_word' id='word_1_154' title='bbox 171 1432 353 1474; x_wconf 76' lang='lat' dir='ltr'>uersari?</span> <span class='ocrx_word' id='word_1_155' title='bbox 385 1431 419 1472; x_wconf 91' lang='lat' dir='ltr'>si</span> <span class='ocrx_word' id='word_1_156' title='bbox 441 1432 631 1473; x_wconf 88' lang='lat' dir='ltr'>inrisione</span> <span class='ocrx_word' id='word_1_157' title='bbox 654 1432 934 1473; x_wconf 83' lang='lat' dir='ltr'>existimamur</span> <span class='ocrx_word' id='word_1_158' title='bbox 959 1433 1084 1486; x_wconf 80' lang='lat' dir='ltr'>digni,</span> <span class='ocrx_word' id='word_1_159' title='bbox 1118 1432 1225 1485; x_wconf 91' lang='lat' dir='ltr'>quod</span> <span class='ocrx_word' id='word_1_160' title='bbox 1246 1444 1359 1486; x_wconf 90' lang='lat' dir='ltr'>spem</span> <span class='ocrx_word' id='word_1_161' title='bbox 1380 1433 1496 1474; x_wconf 89' lang='lat' dir='ltr'>nobis</span> <span class='ocrx_word' id='word_1_162' title='bbox 1517 1433 1658 1474; x_wconf 90' lang='lat' dir='ltr'>huius-</span> 
     </span>
     <span class='ocr_line' id='line_1_19' title="bbox 171 1500 1657 1554; baseline -0.001 -12"><span class='ocrx_word' id='word_1_163' title='bbox 171 1501 280 1543; x_wconf 91' lang='lat' dir='ltr'>modi</span> <span class='ocrx_word' id='word_1_164' title='bbox 324 1500 584 1554; x_wconf 81' lang='lat' dir='ltr'>pollicemur,</span> <span class='ocrx_word' id='word_1_165' title='bbox 632 1501 673 1542; x_wconf 88' lang='lat' dir='ltr'>et</span> <span class='ocrx_word' id='word_1_166' title='bbox 703 1511 774 1541; x_wconf 91' lang='lat' dir='ltr'>uos</span> <span class='ocrx_word' id='word_1_167' title='bbox 806 1501 944 1542; x_wconf 90' lang='lat' dir='ltr'>eadem</span> <span class='ocrx_word' id='word_1_168' title='bbox 991 1502 1195 1554; x_wconf 86' lang='lat' dir='ltr'>exspectat</span> <span class='ocrx_word' id='word_1_169' title='bbox 1240 1502 1394 1552; x_wconf 90' lang='lat' dir='ltr'>inrisio,</span> <span class='ocrx_word' id='word_1_170' title='bbox 1438 1501 1507 1554; x_wconf 89' lang='lat' dir='ltr'>qui</span> <span class='ocrx_word' id='word_1_171' title='bbox 1546 1513 1657 1554; x_wconf 89' lang='lat' dir='ltr'>spem</span> 
     </span>
     <span class='ocr_line' id='line_1_20' title="bbox 171 1569 1658 1623; baseline -0.002 -11"><span class='ocrx_word' id='word_1_172' title='bbox 171 1570 287 1612; x_wconf 88' lang='lat' dir='ltr'>uobis</span> <span class='ocrx_word' id='word_1_173' title='bbox 314 1569 638 1611; x_wconf 88' lang='lat' dir='ltr'>immortalitatis</span> <span class='ocrx_word' id='word_1_174' title='bbox 671 1569 909 1611; x_wconf 87' lang='lat' dir='ltr'>adsciscitis.</span> <span class='ocrx_word' id='word_1_175' title='bbox 942 1569 975 1611; x_wconf 91' lang='lat' dir='ltr'>si</span> <span class='ocrx_word' id='word_1_176' title='bbox 1003 1570 1150 1611; x_wconf 91' lang='lat' dir='ltr'>tenetis</span> <span class='ocrx_word' id='word_1_177' title='bbox 1183 1570 1333 1623; x_wconf 91' lang='lat' dir='ltr'>alioqui</span> <span class='ocrx_word' id='word_1_178' title='bbox 1365 1570 1658 1622; x_wconf 90' lang='lat' dir='ltr'>sequiminique</span> 
     </span>
     <span class='ocr_line' id='line_1_21' title="bbox 126 1637 1657 1692; baseline 0.001 -16"><span class='ocrx_word' id='word_1_179' title='bbox 126 1650 158 1676; x_wconf 85' lang='lat'>20</span> <span class='ocrx_word' id='word_1_180' title='bbox 171 1639 382 1689; x_wconf 83' lang='lat' dir='ltr'>rationem,</span> <span class='ocrx_word' id='word_1_181' title='bbox 416 1639 456 1679; x_wconf 89' lang='lat' dir='ltr'>et</span> <span class='ocrx_word' id='word_1_182' title='bbox 486 1639 601 1679; x_wconf 91' lang='lat' dir='ltr'>nobis</span> <span class='ocrx_word' id='word_1_183' title='bbox 633 1638 813 1691; x_wconf 88' lang='lat' dir='ltr'>aliquam</span> <span class='ocrx_word' id='word_1_184' title='bbox 846 1638 1071 1692; x_wconf 88' lang='lat' dir='ltr'>portionem</span> <span class='ocrx_word' id='word_1_185' title='bbox 1094 1651 1139 1680; x_wconf 86' lang='lat' dir='ltr'>ex</span> <span class='ocrx_word' id='word_1_186' title='bbox 1163 1639 1242 1680; x_wconf 89' lang='lat' dir='ltr'>ista</span> <span class='ocrx_word' id='word_1_187' title='bbox 1264 1639 1419 1680; x_wconf 87' lang='lat' dir='ltr'>ratione</span> <span class='ocrx_word' id='word_1_188' title='bbox 1442 1637 1657 1680; x_wconf 86' lang='lat' dir='ltr'>concedite.</span> 
     </span>
     <span class='ocr_line' id='line_1_22' title="bbox 170 1707 1659 1761; baseline -0.001 -12"><span class='ocrx_word' id='word_1_189' title='bbox 170 1708 203 1749; x_wconf 94' lang='lat' dir='ltr'>si</span> <span class='ocrx_word' id='word_1_190' title='bbox 236 1707 351 1748; x_wconf 89' lang='lat' dir='ltr'>nobis</span> <span class='ocrx_word' id='word_1_191' title='bbox 391 1707 487 1748; x_wconf 88' lang='lat' dir='ltr'>haec</span> <span class='ocrx_word' id='word_1_192' title='bbox 526 1707 696 1760; x_wconf 86' lang='lat' dir='ltr'>gaudia,</span> <span class='ocrx_word' id='word_1_193' title='bbox 738 1707 813 1748; x_wconf 92' lang='lat' dir='ltr'>hoc</span> <span class='ocrx_word' id='word_1_194' title='bbox 845 1709 907 1749; x_wconf 89' lang='lat' dir='ltr'>est</span> <span class='ocrx_word' id='word_1_195' title='bbox 937 1707 1048 1748; x_wconf 91' lang='lat' dir='ltr'>uiam</span> <span class='ocrx_word' id='word_1_196' title='bbox 1089 1707 1304 1761; x_wconf 85' lang='lat' dir='ltr'>fugiendae</span> <span class='ocrx_word' id='word_1_197' title='bbox 1335 1708 1502 1758; x_wconf 88' lang='lat' dir='ltr'>mortis,</span> <span class='ocrx_word' id='word_1_198' title='bbox 1542 1708 1659 1748; x_wconf 89' lang='lat' dir='ltr'>Plato</span> 
     </span>
     <span class='ocr_line' id='line_1_23' title="bbox 172 1776 1658 1829; baseline -0.002 -11"><span class='ocrx_word' id='word_1_199' title='bbox 172 1777 212 1818; x_wconf 91' lang='lat' dir='ltr'>in</span> <span class='ocrx_word' id='word_1_200' title='bbox 251 1776 434 1818; x_wconf 88' lang='lat' dir='ltr'>Phaedro</span> <span class='ocrx_word' id='word_1_201' title='bbox 472 1776 724 1829; x_wconf 88' lang='lat' dir='ltr'>promisisset</span> <span class='ocrx_word' id='word_1_202' title='bbox 765 1776 922 1817; x_wconf 90' lang='lat' dir='ltr'>aliusue</span> <span class='ocrx_word' id='word_1_203' title='bbox 961 1789 1006 1817; x_wconf 88' lang='lat' dir='ltr'>ex</span> <span class='ocrx_word' id='word_1_204' title='bbox 1047 1776 1121 1817; x_wconf 93' lang='lat' dir='ltr'>hoc</span> <span class='ocrx_word' id='word_1_205' title='bbox 1159 1776 1277 1818; x_wconf 90' lang='lat' dir='ltr'>choro</span> <span class='ocrx_word' id='word_1_206' title='bbox 1319 1777 1530 1829; x_wconf 90' lang='lat' dir='ltr'>possetque</span> <span class='ocrx_word' id='word_1_207' title='bbox 1571 1787 1658 1816; x_wconf 89' lang='lat' dir='ltr'>eam</span> 
     </span>
     <span class='ocr_line' id='line_1_24' title="bbox 172 1844 1658 1898; baseline 0 -14"><span class='ocrx_word' id='word_1_208' title='bbox 172 1845 374 1898; x_wconf 89' lang='lat' dir='ltr'>praestare</span> <span class='ocrx_word' id='word_1_209' title='bbox 404 1844 525 1896; x_wconf 89' lang='lat' dir='ltr'>atque</span> <span class='ocrx_word' id='word_1_210' title='bbox 546 1844 595 1885; x_wconf 87' lang='lat' dir='ltr'>ad</span> <span class='ocrx_word' id='word_1_211' title='bbox 618 1844 738 1885; x_wconf 89' lang='lat' dir='ltr'>finem</span> <span class='ocrx_word' id='word_1_212' title='bbox 759 1844 1077 1896; x_wconf 89' lang='lat' dir='ltr'>pollicitationes</span> <span class='ocrx_word' id='word_1_213' title='bbox 1099 1845 1308 1894; x_wconf 83' lang='lat' dir='ltr'>adducere,</span> <span class='ocrx_word' id='word_1_214' title='bbox 1342 1846 1658 1885; x_wconf 88' lang='lat' dir='ltr'>consentaneum</span> 
     </span>
     <span class='ocr_line' id='line_1_25' title="bbox 175 1912 1658 1966; baseline -0.001 -13"><span class='ocrx_word' id='word_1_215' title='bbox 175 1913 306 1953; x_wconf 90' lang='lat' dir='ltr'>fuerat</span> <span class='ocrx_word' id='word_1_216' title='bbox 346 1913 431 1953; x_wconf 91' lang='lat' dir='ltr'>eius</span> <span class='ocrx_word' id='word_1_217' title='bbox 472 1912 675 1966; x_wconf 89' lang='lat' dir='ltr'>suscipere</span> <span class='ocrx_word' id='word_1_218' title='bbox 716 1925 787 1953; x_wconf 91' lang='lat' dir='ltr'>nos</span> <span class='ocrx_word' id='word_1_219' title='bbox 828 1914 963 1954; x_wconf 89' lang='lat' dir='ltr'>cultus</span> <span class='ocrx_word' id='word_1_220' title='bbox 1005 1926 1028 1954; x_wconf 87' lang='lat' dir='ltr'>a</span> <span class='ocrx_word' id='word_1_221' title='bbox 1066 1925 1142 1966; x_wconf 92' lang='lat' dir='ltr'>quo</span> <span class='ocrx_word' id='word_1_222' title='bbox 1183 1914 1345 1954; x_wconf 88' lang='lat' dir='ltr'>tantum</span> <span class='ocrx_word' id='word_1_223' title='bbox 1386 1913 1479 1953; x_wconf 92' lang='lat' dir='ltr'>doni</span> <span class='ocrx_word' id='word_1_224' title='bbox 1520 1924 1658 1966; x_wconf 88' lang='lat' dir='ltr'>expec-</span> 
     </span>
     <span class='ocr_line' id='line_1_26' title="bbox 128 1980 1659 2023; baseline -0.001 -1"><span class='ocrx_word' id='word_1_225' title='bbox 128 1982 353 2022; x_wconf 82' lang='lat' dir='ltr'>2⁵taremus</span> <span class='ocrx_word' id='word_1_226' title='bbox 399 1982 438 2022; x_wconf 88' lang='lat' dir='ltr'>et</span> <span class='ocrx_word' id='word_1_227' title='bbox 484 1981 676 2023; x_wconf 83' lang='lat' dir='ltr'>muneris.</span> <span class='ocrx_word' id='word_1_228' title='bbox 723 1993 829 2022; x_wconf 90' lang='grc'>1111110</span> <span class='ocrx_word' id='word_1_229' title='bbox 874 1994 965 2022; x_wconf 89' lang='grc'>011111</span> <span class='ocrx_word' id='word_1_230' title='bbox 1012 1994 1099 2022; x_wconf 88' lang='lat' dir='ltr'>eam</span> <span class='ocrx_word' id='word_1_231' title='bbox 1146 1980 1330 2022; x_wconf 86' lang='lat' dir='ltr'>Christus</span> <span class='ocrx_word' id='word_1_232' title='bbox 1376 1993 1453 2022; x_wconf 91' lang='lat' dir='ltr'>non</span> <span class='ocrx_word' id='word_1_233' title='bbox 1497 1982 1659 2022; x_wconf 87' lang='lat' dir='ltr'>tantum</span> 
     </span>
     <span class='ocr_line' id='line_1_27' title="bbox 175 2049 1659 2103; baseline -0.001 -13"><span class='ocrx_word' id='word_1_234' title='bbox 175 2050 405 2103; x_wconf 88' lang='lat' dir='ltr'>promiserit</span> <span class='ocrx_word' id='word_1_235' title='bbox 443 2062 585 2091; x_wconf 89' lang='lat' dir='ltr'>uerum</span> <span class='ocrx_word' id='word_1_236' title='bbox 617 2050 740 2091; x_wconf 89' lang='lat' dir='ltr'>etiam</span> <span class='ocrx_word' id='word_1_237' title='bbox 771 2050 995 2091; x_wconf 87' lang='lat' dir='ltr'>uirtutibus</span> <span class='ocrx_word' id='word_1_238' title='bbox 1034 2050 1160 2091; x_wconf 88' lang='lat' dir='ltr'>tantis</span> <span class='ocrx_word' id='word_1_239' title='bbox 1192 2049 1517 2091; x_wconf 85' lang='lat' dir='ltr'>manifestauerit</span> <span class='ocrx_word' id='word_1_240' title='bbox 1547 2060 1659 2102; x_wconf 87' lang='lat' dir='ltr'>posse</span> 
     </span>
     <span class='ocr_line' id='line_1_28' title="bbox 175 2118 1660 2171; baseline 0 -13"><span class='ocrx_word' id='word_1_241' title='bbox 175 2118 388 2171; x_wconf 88' lang='lat' dir='ltr'>compleri,</span> <span class='ocrx_word' id='word_1_242' title='bbox 428 2119 524 2171; x_wconf 91' lang='lat' dir='ltr'>quid</span> <span class='ocrx_word' id='word_1_243' title='bbox 565 2118 742 2159; x_wconf 91' lang='lat' dir='ltr'>alienum</span> <span class='ocrx_word' id='word_1_244' title='bbox 782 2118 955 2159; x_wconf 88' lang='lat' dir='ltr'>facimus</span> <span class='ocrx_word' id='word_1_245' title='bbox 994 2119 1067 2160; x_wconf 92' lang='lat' dir='ltr'>aut</span> <span class='ocrx_word' id='word_1_246' title='bbox 1098 2119 1299 2159; x_wconf 87' lang='lat' dir='ltr'>stultitiae</span> <span class='ocrx_word' id='word_1_247' title='bbox 1330 2118 1483 2160; x_wconf 92' lang='lat' dir='ltr'>crimen</span> <span class='ocrx_word' id='word_1_248' title='bbox 1514 2118 1660 2170; x_wconf 90' lang='lat' dir='ltr'>quibus</span> 
     </span>
     <span class='ocr_line' id='line_1_29' title="bbox 174 2186 1659 2240; baseline -0.001 -13"><span class='ocrx_word' id='word_1_249' title='bbox 174 2187 399 2228; x_wconf 87' lang='lat' dir='ltr'>rationibus</span> <span class='ocrx_word' id='word_1_250' title='bbox 421 2187 683 2237; x_wconf 84' lang='lat' dir='ltr'>sustinemus,</span> <span class='ocrx_word' id='word_1_251' title='bbox 706 2188 740 2228; x_wconf 92' lang='lat' dir='ltr'>si</span> <span class='ocrx_word' id='word_1_252' title='bbox 762 2188 846 2229; x_wconf 89' lang='lat' dir='ltr'>eius</span> <span class='ocrx_word' id='word_1_253' title='bbox 868 2188 1022 2229; x_wconf 91' lang='lat' dir='ltr'>nomini</span> <span class='ocrx_word' id='word_1_254' title='bbox 1045 2187 1329 2240; x_wconf 88' lang='lat' dir='ltr'>maiestatique</span> <span class='ocrx_word' id='word_1_255' title='bbox 1352 2186 1659 2238; x_wconf 80' lang='lat' dir='ltr'>substernimur,</span> 
     </span>
     <span class='ocr_line' id='line_1_30' title="bbox 176 2254 1662 2309; baseline -0.001 -13"><span class='ocrx_word' id='word_1_256' title='bbox 176 2267 199 2296; x_wconf 91' lang='lat' dir='ltr'>a</span> <span class='ocrx_word' id='word_1_257' title='bbox 230 2267 306 2308; x_wconf 93' lang='lat' dir='ltr'>quo</span> <span class='ocrx_word' id='word_1_258' title='bbox 337 2268 546 2308; x_wconf 89' lang='lat' dir='ltr'>speramus</span> <span class='ocrx_word' id='word_1_259' title='bbox 584 2258 824 2309; x_wconf 82' lang='lat' dir='ltr'>utrumque,</span> <span class='ocrx_word' id='word_1_260' title='bbox 864 2257 904 2297; x_wconf 89' lang='lat' dir='ltr'>et</span> <span class='ocrx_word' id='word_1_261' title='bbox 940 2258 1112 2297; x_wconf 88' lang='lat' dir='ltr'>mortem</span> <span class='ocrx_word' id='word_1_262' title='bbox 1153 2255 1413 2297; x_wconf 90' lang='lat' dir='ltr'>cruciabilem</span> <span class='ocrx_word' id='word_1_263' title='bbox 1453 2254 1591 2308; x_wconf 88' lang='lat' dir='ltr'>fugere</span> <span class='ocrx_word' id='word_1_264' title='bbox 1623 2254 1662 2294; x_wconf 94' lang='lat' dir='ltr'>et</span> 
     </span>
    </p>
   </div>
   <div class='ocr_carea' id='block_1_3' title="bbox 177 2492 1665 2822">
    <p class='ocr_par' dir='ltr' id='par_1_3' title="bbox 177 2492 1665 2822">
     <span class='ocr_line' id='line_1_31' title="bbox 221 2492 1573 2528; baseline -0.001 0"><span class='ocrx_word' id='word_1_265' title='bbox 221 2494 242 2527; x_wconf 99' lang='grc'>2</span> <span class='ocrx_word' id='word_1_266' title='bbox 267 2495 304 2528; x_wconf 88' lang='lat' dir='ltr'>at</span> <span class='ocrx_word' id='word_1_267' title='bbox 323 2493 415 2528; x_wconf 77' lang='lat' dir='ltr'>Sab:</span> <span class='ocrx_word' id='word_1_268' title='bbox 441 2504 479 2527; x_wconf 88' lang='lat' dir='ltr'>ac</span> <span class='ocrx_word' id='word_1_269' title='bbox 502 2494 532 2527; x_wconf 78' lang='grc'>1)</span> <span class='ocrx_word' id='word_1_270' title='bbox 668 2494 689 2526; x_wconf 77' lang='lat'>5</span> <span class='ocrx_word' id='word_1_271' title='bbox 714 2505 731 2526; x_wconf 82' lang='lat' dir='ltr'>e</span> <span class='ocrx_word' id='word_1_272' title='bbox 755 2493 841 2526; x_wconf 76' lang='lat' dir='ltr'>Urs:</span> <span class='ocrx_word' id='word_1_273' title='bbox 866 2504 900 2526; x_wconf 85' lang='lat' dir='ltr'>sc</span> <span class='ocrx_word' id='word_1_274' title='bbox 929 2494 963 2527; x_wconf 83' lang='lat' dir='ltr'><strong><em>P</em></strong></span> <span class='ocrx_word' id='word_1_275' title='bbox 1099 2493 1241 2527; x_wconf 86' lang='lat' dir='ltr'>senodes</span> <span class='ocrx_word' id='word_1_276' title='bbox 1267 2492 1339 2526; x_wconf 71' lang='lat' dir='ltr'>Sal)</span> <span class='ocrx_word' id='word_1_277' title='bbox 1364 2492 1487 2526; x_wconf 87' lang='lat' dir='ltr'>enodes</span> <span class='ocrx_word' id='word_1_278' title='bbox 1508 2492 1573 2526; x_wconf 81' lang='lat' dir='ltr'>Gel</span> 
     </span>
     <span class='ocr_line' id='line_1_32' title="bbox 177 2549 1663 2585; baseline -0.001 -1"><span class='ocrx_word' id='word_1_279' title='bbox 177 2551 195 2584; x_wconf 82' lang='lat'>7</span> <span class='ocrx_word' id='word_1_280' title='bbox 222 2554 340 2585; x_wconf 85' lang='lat' dir='ltr'>nostra</span> <span class='ocrx_word' id='word_1_281' title='bbox 366 2551 459 2585; x_wconf 78' lang='lat' dir='ltr'>Sab:</span> <span class='ocrx_word' id='word_1_282' title='bbox 485 2554 640 2584; x_wconf 83' lang='lat' dir='ltr'>nostram</span> <span class='ocrx_word' id='word_1_283' title='bbox 667 2551 701 2584; x_wconf 89' lang='lat' dir='ltr'><strong><em>P</em></strong></span> <span class='ocrx_word' id='word_1_284' title='bbox 852 2551 1011 2584; x_wconf 85' lang='lat' dir='ltr'>ducimus</span> <span class='ocrx_word' id='word_1_285' title='bbox 1036 2550 1131 2584; x_wconf 64' lang='lat' dir='ltr'>Sal).-</span> <span class='ocrx_word' id='word_1_286' title='bbox 1162 2549 1309 2584; x_wconf 89' lang='lat' dir='ltr'>dicimus</span> <span class='ocrx_word' id='word_1_287' title='bbox 1336 2550 1370 2583; x_wconf 89' lang='lat' dir='ltr'><strong><em>P</em></strong></span> <span class='ocrx_word' id='word_1_288' title='bbox 1521 2550 1543 2583; x_wconf 89' lang='lat'>8</span> <span class='ocrx_word' id='word_1_289' title='bbox 1568 2549 1663 2583; x_wconf 86' lang='lat' dir='ltr'>sedes</span> 
     </span>
     <span class='ocr_line' id='line_1_33' title="bbox 177 2606 1664 2650; baseline -0.001 -9"><span class='ocrx_word' id='word_1_290' title='bbox 177 2607 277 2641; x_wconf 77' lang='lat' dir='ltr'>Salm</span> <span class='ocrx_word' id='word_1_291' title='bbox 427 2608 465 2642; x_wconf 77' lang='lat'>14</span> <span class='ocrx_word' id='word_1_292' title='bbox 493 2607 744 2650; x_wconf 79' lang='lat' dir='ltr'>licentiaequae</span> <span class='ocrx_word' id='word_1_293' title='bbox 770 2607 803 2640; x_wconf 89' lang='lat' dir='ltr'><strong><em>P</em></strong></span> <span class='ocrx_word' id='word_1_294' title='bbox 820 2617 936 2641; x_wconf 81' lang='lat' dir='ltr'>corre</span> <span class='ocrx_word' id='word_1_295' title='bbox 1091 2607 1132 2641; x_wconf 80' lang='lat'>19</span> <span class='ocrx_word' id='word_1_296' title='bbox 1157 2606 1289 2650; x_wconf 85' lang='lat' dir='ltr'>alioqui</span> <span class='ocrx_word' id='word_1_297' title='bbox 1321 2606 1510 2640; x_wconf 69' lang='lat' dir='ltr'>Oehlerws:</span> <span class='ocrx_word' id='word_1_298' title='bbox 1535 2606 1664 2650; x_wconf 86' lang='lat' dir='ltr'>aliquis</span> 
     </span>
     <span class='ocr_line' id='line_1_34' title="bbox 178 2663 1577 2708; baseline -0.002 -9"><span class='ocrx_word' id='word_1_299' title='bbox 178 2664 212 2698; x_wconf 88' lang='lat' dir='ltr'><strong><em>P</em></strong></span> <span class='ocrx_word' id='word_1_300' title='bbox 235 2665 389 2708; x_wconf 79' lang='lat' dir='ltr'>aliquam</span> <span class='ocrx_word' id='word_1_301' title='bbox 416 2665 487 2698; x_wconf 67' lang='lat' dir='ltr'>Sub</span> <span class='ocrx_word' id='word_1_302' title='bbox 636 2664 680 2697; x_wconf 87' lang='grc'>20</span> <span class='ocrx_word' id='word_1_303' title='bbox 705 2664 857 2706; x_wconf 84' lang='lat' dir='ltr'>aliquem</span> <span class='ocrx_word' id='word_1_304' title='bbox 884 2664 918 2697; x_wconf 88' lang='lat' dir='ltr'><strong><em>P</em></strong></span> <span class='ocrx_word' id='word_1_305' title='bbox 935 2674 1015 2697; x_wconf 81' lang='lat' dir='ltr'>corr</span> <span class='ocrx_word' id='word_1_306' title='bbox 1160 2664 1202 2697; x_wconf 90' lang='grc'>21</span> <span class='ocrx_word' id='word_1_307' title='bbox 1229 2663 1322 2697; x_wconf 88' lang='lat' dir='ltr'>uiam</span> <span class='ocrx_word' id='word_1_308' title='bbox 1350 2663 1440 2697; x_wconf 83' lang='lat' dir='ltr'>Sab:</span> <span class='ocrx_word' id='word_1_309' title='bbox 1466 2664 1524 2696; x_wconf 86' lang='lat' dir='ltr'>uia</span> <span class='ocrx_word' id='word_1_310' title='bbox 1542 2663 1577 2697; x_wconf 90' lang='lat' dir='ltr'><strong><em>P</em></strong></span> 
     </span>
     <span class='ocr_line' id='line_1_35' title="bbox 177 2719 1665 2755; baseline -0.002 0"><span class='ocrx_word' id='word_1_311' title='bbox 177 2721 220 2754; x_wconf 90' lang='grc'>22</span> <span class='ocrx_word' id='word_1_312' title='bbox 245 2721 280 2754; x_wconf 87' lang='grc'>111</span> <span class='ocrx_word' id='word_1_313' title='bbox 306 2722 379 2755; x_wconf 73' lang='lat' dir='ltr'>add</span> <span class='ocrx_word' id='word_1_314' title='bbox 413 2722 478 2755; x_wconf 83' lang='lat' dir='ltr'>Gel</span> <span class='ocrx_word' id='word_1_315' title='bbox 639 2721 754 2754; x_wconf 78' lang='lat' dir='ltr'>foedi-0</span> <span class='ocrx_word' id='word_1_316' title='bbox 781 2721 814 2753; x_wconf 75' lang='lat'>1³</span> <span class='ocrx_word' id='word_1_317' title='bbox 840 2720 1024 2754; x_wconf 78' lang='lat' dir='ltr'>Phaedone</span> <span class='ocrx_word' id='word_1_318' title='bbox 1053 2720 1115 2754; x_wconf 82' lang='lat' dir='ltr'>Gel</span> <span class='ocrx_word' id='word_1_319' title='bbox 1267 2731 1341 2753; x_wconf 55' lang='lat' dir='ltr'>mex</span> <span class='ocrx_word' id='word_1_320' title='bbox 1367 2720 1402 2753; x_wconf 88' lang='lat' dir='ltr'><em>P</em></span> <span class='ocrx_word' id='word_1_321' title='bbox 1553 2720 1597 2753; x_wconf 83' lang='lat'>23</span> <span class='ocrx_word' id='word_1_322' title='bbox 1622 2719 1665 2752; x_wconf 85' lang='lat' dir='ltr'>ad</span> 
     </span>
     <span class='ocr_line' id='line_1_36' title="bbox 180 2776 1577 2822; baseline 0 -12"><span class='ocrx_word' id='word_1_323' title='bbox 180 2777 270 2811; x_wconf 76' lang='lat' dir='ltr'>Sab:</span> <span class='ocrx_word' id='word_1_324' title='bbox 306 2778 349 2812; x_wconf 89' lang='lat' dir='ltr'>ad</span> <span class='ocrx_word' id='word_1_325' title='bbox 374 2778 409 2812; x_wconf 91' lang='grc'>111</span> <span class='ocrx_word' id='word_1_326' title='bbox 436 2780 471 2812; x_wconf 88' lang='lat' dir='ltr'><strong><em>P</em></strong></span> <span class='ocrx_word' id='word_1_327' title='bbox 606 2778 878 2822; x_wconf 81' lang='lat' dir='ltr'>pollicitationes</span> <span class='ocrx_word' id='word_1_328' title='bbox 903 2777 1211 2811; x_wconf 74' lang='lat' dir='ltr'>Hildebrcmclius:</span> <span class='ocrx_word' id='word_1_329' title='bbox 1244 2776 1515 2822; x_wconf 76' lang='lat' dir='ltr'>pollicitationis</span> <span class='ocrx_word' id='word_1_330' title='bbox 1541 2777 1577 2810; x_wconf 90' lang='lat' dir='ltr'><strong><em>P</em></strong></span> 
     </span>
    </p>
   </div>
   <div class='ocr_carea' id='block_1_4' title="bbox 178 2833 1578 2870">
    <p class='ocr_par' dir='ltr' id='par_1_4' title="bbox 178 2833 1578 2870">
     <span class='ocr_line' id='line_1_37' title="bbox 178 2833 1578 2870; baseline 0.001 -4"><span class='ocrx_word' id='word_1_331' title='bbox 178 2834 221 2867; x_wconf 85' lang='grc'>24</span> <span class='ocrx_word' id='word_1_332' title='bbox 246 2835 363 2868; x_wconf 87' lang='lat' dir='ltr'>cultus</span> <span class='ocrx_word' id='word_1_333' title='bbox 389 2835 482 2870; x_wconf 65' lang='lat' dir='ltr'>Sal).-</span> <span class='ocrx_word' id='word_1_334' title='bbox 509 2836 620 2869; x_wconf 79' lang='lat' dir='ltr'>cultos</span> <span class='ocrx_word' id='word_1_335' title='bbox 647 2836 681 2868; x_wconf 91' lang='lat' dir='ltr'><strong><em>P</em></strong></span> <span class='ocrx_word' id='word_1_336' title='bbox 819 2835 862 2868; x_wconf 83' lang='grc'>28</span> <span class='ocrx_word' id='word_1_337' title='bbox 887 2835 1117 2868; x_wconf 81' lang='lat' dir='ltr'>sustcrnixnur</span> <span class='ocrx_word' id='word_1_338' title='bbox 1143 2834 1235 2869; x_wconf 71' lang='lat' dir='ltr'><strong><em>Sub.-</em></strong></span> <span class='ocrx_word' id='word_1_339' title='bbox 1260 2833 1517 2868; x_wconf 85' lang='lat' dir='ltr'>substernimus</span> <span class='ocrx_word' id='word_1_340' title='bbox 1544 2833 1578 2866; x_wconf 85' lang='lat' dir='ltr'><strong><em>P</em></strong></span> 
     </span>
    </p>
   </div>
  </div>
 </body>
</html>
