2032 3248
288 1207 341 1245 36

363 205 448 246 244
1000 203 1242 248 Appendix.
2011 153 2016 258 ἔ

363 311 490 347 cedem
516 310 713 357 apostatae
736 309 855 355 feret,
894 309 1067 357 quisquis
1090 311 1160 348 hoc
1183 309 1308 347 animo
1331 310 1443 356 uiuit,
1482 311 1523 347 ut
1546 310 1738 348 Christum
1760 321 1881 359 nega-
2010 311 2014 372 j

365 381 475 417 turus
498 378 560 426 sit,
584 379 616 416 si
638 378 785 417 iactura
807 379 989 416 bonorum
1012 381 1079 416 aut
1106 378 1278 426 corporis
1301 378 1489 417 cruciatus
1512 380 1578 416 aut
1607 390 1709 417 mors
1741 379 1792 416 sit
1814 390 1879 417 ac-

366 448 553 495 cipienda.
579 447 643 495 qui
665 448 710 485 ob
733 447 933 494 paululum
954 447 1135 495 pecuniae
1157 447 1301 495 peierat
1324 459 1372 485 an
1394 448 1428 485 is
1458 447 1652 485 uerebitur
1683 449 1870 496 abnegare

364 516 567 564 Christum,
588 516 619 554 si
638 518 720 554 tota
735 527 797 554 res
813 516 1063 564 periclitetur,
1084 516 1116 554 si
1133 516 1342 555 intentetur
1358 516 1526 563 infamia,
1545 528 1671 555 carcer
1687 519 1725 554 01
1743 528 1843 555 111013
1859 519 1876 555 ἱ)

362 586 427 634 qui
449 587 495 624 ob
517 585 738 624 febriculam
761 586 808 623 ad
830 586 1125 624 incantatricum
1147 586 1315 624 remedia
1336 586 1510 634 confugit
1531 598 1579 624 an
1601 586 1634 624 is
1656 585 1765 623 malit
1786 597 1872 624 cru·

361 654 486 692 ciatus
507 657 627 694 morte
648 654 840 693 tristiores
861 655 1029 703 perferre
1068 666 1181 702 quam
1204 654 1355 693 Christo
1377 654 1624 693 renuntiare?
1658 654 1770 694 immo
1811 654 1876 702 qui

360 725 499 763 totiens
522 724 568 762 ob
589 724 744 762 breuem
768 724 892 762 carnis
914 724 1286 771 delectatiunculam,
1311 725 1356 762 ob
1377 726 1679 762 momentaneam
1711 723 1874 772 gloriam

362 793 487 831 deficit
509 805 530 831 a
552 793 715 840 Christo,
738 793 859 831 uitam
880 792 1037 831 habebit
1059 793 1173 831 uilem
1194 804 1261 841 pro
1280 792 1460 831 Christo?
1484 804 1553 831 nec
1569 793 1669 830 hunc
1688 794 1874 841 tyrannus

359 863 449 901 fecit
470 863 698 910 apostatam,
722 862 787 900 sed
809 862 856 899 ad
877 864 1080 911 tyrannum
1101 862 1261 900 accessit
1283 863 1471 910 apostata.
1505 863 1547 899 ut
1569 864 1696 900 autem
1728 863 1787 900 est
1819 861 1873 899 si-

358 931 459 970 milis
481 932 652 970 certandi
673 932 770 970 ratio
783 962 792 979 ‚
815 931 870 969 ita
890 931 1024 969 iisdem
1042 932 1158 969 armis
1175 932 1337 970 fratrum
1354 931 1470 969 animi
1489 931 1763 969 communiendi
1781 932 1870 969 sunt
1888 945 1921 968 10

358 1002 405 1039 ad
429 1002 497 1038 has
530 1012 678 1049 pugnas
700 1001 837 1049 quibus
861 1000 1096 1039 ostendimus
1127 1000 1403 1039 confirmandos
1428 1002 1475 1038 ad
1496 1000 1733 1050 martyrium.
1776 1000 1873 1038 fides

358 1072 428 1117 est,
452 1081 546 1118 quae
562 1071 709 1118 pugnat
731 1071 768 1108 et
789 1072 944 1117 superat
965 1069 1005 1107 in
1026 1070 1283 1124 martyribus:
1321 1082 1390 1108 nec
1425 1070 1627 1118 quisquam
1665 1069 1806 1107 defecit
1831 1070 1871 1107 in
2010 1122 2012 1126 y

357 1139 556 1178 tormentis
577 1139 653 1177 nisi
674 1138 762 1178 fidei
784 1139 946 1178 defectu.
2004 1143 2011 1185 s}

415 1206 586 1247 Orandus
608 1208 728 1257 igitur
750 1209 902 1247 assidue
925 1209 1041 1256 Deus,
1077 1211 1120 1247 ut
1150 1209 1262 1247 fidem
1284 1209 1324 1246 in
1345 1209 1454 1247 nobis
1476 1209 1635 1256 augeat:
1675 1210 1733 1246 est
1770 1207 1870 1245 enim

357 1278 426 1315 Dei
448 1279 586 1316 donum
609 1280 646 1316 et
667 1278 725 1316 1111
748 1278 906 1316 debetur
928 1278 1050 1317 omnis
1081 1279 1263 1317 uictoriae
1294 1278 1429 1326 gloria.
1463 1278 1682 1325 ingeramus
1713 1276 1866 1314 illorum
1883 1291 1914 1316 15

356 1347 492 1385 animis
515 1348 552 1385 et
573 1347 790 1395 infigam11S‚
828 1360 941 1396 quam
976 1348 1204 1386 horrendum
1247 1348 1387 1386 crimen
1420 1346 1471 1385 sit
1492 1347 1614 1384 omnis
1636 1345 1867 1393 idololatria,

355 1428 467 1464 quam
489 1428 618 1455 seuere
639 1417 775 1464 punita
796 1417 846 1455 sit
868 1429 890 1455 a
909 1418 985 1456 Deo
1008 1418 1076 1455 sub
1097 1417 1182 1465 lege
1214 1419 1355 1464 uetere,
1389 1418 1479 1464 quot
1510 1416 1631 1453 millia
1662 1414 1868 1453 trucidarit

354 1485 504 1534 Moyses
526 1486 572 1524 ob
594 1486 758 1524 uitulum
781 1497 947 1524 aureum.
972 1486 1106 1525 deinde
1127 1488 1362 1534 proponatur
1384 1485 1615 1533 comparatio
1638 1484 1866 1522 manifestae

354 1553 593 1593 idololatriae
615 1567 699 1593 cum
722 1555 940 1594 immolatur
961 1556 1175 1595 simulacris
1206 1558 1244 1594 et
1266 1556 1435 1594 occultae
1459 1567 1542 1594 cum
1574 1555 1764 1594 contemto
1786 1554 1865 1592 Deo

357 1623 533 1661 obeditur
554 1635 622 1671 per
652 1624 996 1672 concupiscentiam
1032 1626 1200 1665 satanae.
1243 1625 1376 1664 deinde
1413 1625 1656 1663 conferantur
1691 1624 1790 1661 inter
1827 1633 1866 1661 se
1880 1638 1915 1663 20

354 1691 455 1729 Deus
478 1693 562 1730 fons
583 1692 702 1731 omnis
724 1693 812 1731 boni
835 1695 872 1731 et
894 1694 1066 1732 diabolus
1088 1694 1209 1732 omnis
1231 1694 1399 1732 malitiae
1421 1694 1610 1742 princeps.
1645 1693 1866 1732 ostendatur

354 1764 392 1799 et
414 1761 667 1809 inaequalitas
699 1763 957 1801 contubernii:
999 1763 1038 1801 in
1060 1764 1181 1802 altera
1217 1766 1325 1811 parte
1355 1765 1444 1801 sunt
1477 1763 1547 1800 filii
1568 1762 1652 1810 Dei,
1690 1762 1864 1800 concines

353 1831 576 1879 angelorum
599 1832 637 1868 et
659 1831 815 1869 heredes
847 1833 983 1871 beatae
1020 1830 1344 1871 immortalitatis:
1387 1832 1426 1870 in
1462 1832 1584 1870 altera
1620 1831 1690 1869 filii
1726 1831 1863 1878 Belial,

352 1900 513 1938 societas
537 1901 703 1939 omnium
725 1902 946 1940 daemonum
969 1905 1007 1941 et
1024 1903 1182 1940 heredes
1205 1903 1413 1950 gehennae.
1446 1902 1662 1941 conferatur
1683 1902 1720 1940 et
1742 1902 1864 1949 impar

351 1968 511 2006 militiae
533 1981 673 2017 genus,
711 1972 976 2017 comparentur
998 1971 1148 2009 diuersa
1172 1971 1374 2019 stipendia.
1410 1971 1505 2009 haec
1536 1970 1569 2008 si
1589 1970 1696 2018 prius
1718 1969 1860 2008 fuerint
1876 1982 1911 2007 25

350 2049 532 2085 persuasa
553 2040 591 2077 et
612 2038 759 2077 intimis
781 2039 896 2077 infixa
917 2039 1152 2086 uisceribus,
1191 2040 1316 2077 facilis
1334 2040 1408 2077 erit
1443 2038 1617 2077 uictoria.
1649 2050 1748 2078 nunc
1769 2038 1863 2076 fides

349 2107 482 2145 multis
505 2109 613 2146 natat
633 2108 673 2145 in
693 2108 821 2156 labiis,
846 2120 929 2147 cum
946 2109 986 2146 in
1008 2109 1117 2147 corde
1139 2111 1205 2147 aut
1225 2109 1331 2147 nulla
1352 2108 1402 2146 311
1424 2110 1490 2146 aut
1511 2109 1754 2146 uehementer
1775 2107 1862 2145 lan-

349 2179 476 2224 gueat.
500 2176 585 2225 quis
602 2177 702 2215 enim
723 2189 797 2216 non
812 2178 1023 2226 profitetur,
1047 2179 1146 2226 quod
1162 2178 1201 2216 in
1218 2178 1510 2216 Deuteronomio
1528 2177 1712 2226 legimus:
1736 2188 1789 2214 au
1801 2177 1823 2213 d
1835 2176 1860 2223 i,

348 2245 578 2284 Dominus
609 2246 735 2285 Deus
777 2249 901 2294 tuus,
934 2247 1165 2285 Dominus
1196 2259 1315 2285 unus
1356 2249 1457 2285 est?
1505 2248 1563 2285 et:
1612 2245 1860 2284 Dominum

348 2314 496 2353 Deum
526 2317 659 2353 tuum
691 2316 942 2364 adorabis,
974 2318 1020 2355 et
1051 2316 1132 2354 illi
1163 2317 1258 2355 soli
1290 2314 1515 2355 seruies?
1561 2315 1645 2363 quis
1666 2326 1741 2353 non
1763 2326 1855 2362 quo·
1873 2330 1906 2354 30

347 2383 442 2421 tidie
478 2384 614 2422 recitat
635 2395 698 2423 ore
739 2382 863 2424 ‘credo
885 2385 925 2423 in
945 2386 1063 2423 Deum
1087 2387 1236 2432 patrem
1257 2382 1578 2433 omnipotentem)
1617 2386 1658 2422 at
1679 2396 1753 2422 non
1775 2394 1856 2421 cre-

348 2451 403 2489 dit
425 2452 464 2489 in
487 2452 606 2491 Deum
630 2453 694 2500 uui
715 2453 754 2490 in
777 2465 819 2492 eo
843 2454 922 2493 3010
945 2454 1106 2493 collocat
1123 2454 1242 2492 totius
1259 2454 1457 2493 felicitatis
1472 2452 1766 2500 suaefiduciam,
1788 2463 1857 2490 nec

1996 1611 2007 2154 ,Ἢι»κ,-ψ
2002 1474 2008 1605 -..r-...m
2003 1376 2009 1467 ‚nm-...2
2004 1323 2010 1370 „f-
2004 1285 2011 1317 Ν»,
2006 1227 2011 1277 -m-
2006 1207 2011 1221 -2
2006 1190 2008 1201 ⁷

295 2570 296 2573 Ἴ
345 2532 462 2557 111111111
483 2521 598 2560 habet
619 2522 740 2560 Deum
762 2534 806 2561 ac
827 2523 1028 2561 Dominum
1056 2523 1121 2571 qui
1142 2535 1209 2571 per
1230 2523 1509 2570 scortationem,
1547 2533 1615 2570 per
1650 2522 1780 2560 luxum
1817 2518 1858 2558 et

346 2589 548 2627 auaritiam
569 2592 725 2629 satanae
746 2591 839 2629 facit
860 2591 1060 2639 imperata,
1078 2603 1147 2630 nec
1168 2592 1227 2629 illi
1250 2592 1322 2631 3011
1341 2591 1459 2630 seruit
1482 2591 1547 2639 qui
1573 2591 1694 2630 seruit
1715 2590 1853 2637 uentri,

347 2657 412 2705 qui
434 2658 584 2697 deditus
607 2661 665 2697 est
686 2659 776 2699 huic
796 2661 949 2708 mundo,
972 2660 1037 2708 qui
1057 2661 1098 2699 in
1118 2673 1236 2709 prauo
1257 2661 1404 2709 positus
1426 2662 1496 2699 est.
1870 2675 1903 2701 35

436 2826 481 2860 28
506 2825 610 2860 Dent.
638 2827 668 2861 G,
696 2827 755 2869 34;
784 2830 835 2871 10,
862 2831 918 2865 20.
