2032 3248
262 225 314 268 10
896 195 1142 244 Appendix.

262 341 342 369 cum
379 322 543 365 hominis
574 328 710 357 canora
738 323 829 352 uoce
859 305 1094 348 contendens
1116 298 1255 349 spiritu
1279 306 1346 334 suo
1370 302 1481 340 quem
1504 289 1549 326 de
1570 282 1785 324 uisceribus

267 398 346 437 suis
369 390 624 442 superioribus
648 386 773 424 nitens
794 377 973 419 hauserat
994 373 1176 412 tibiarum
1195 364 1383 406 foramina
1412 357 1655 398 modulatur:
1685 362 1786 390 nunc

268 468 384 507 effuso
422 466 460 501 et
494 471 595 499 nunc
630 457 733 495 intus
768 451 916 490 recluso
952 457 995 484 ac
1030 450 1203 490 represso
1236 446 1336 474 nunc
1376 429 1492 470 certis
1530 422 1786 465 foraminibus

271 537 408 577 emisso
445 534 557 579 atque
591 528 630 566 in
666 534 790 563 aerem
825 518 992 568 profuso,
1022 514 1114 551 item
1143 510 1183 547 in
1212 504 1394 546 articulos
1426 509 1561 538 sonum
1590 495 1789 540 frangens,

271 605 375 654 loqui
397 600 530 651 digitis
552 596 736 640 elaborat,
758 590 932 639 ingratus
954 581 1091 623 artifici
1114 579 1179 628 qui
1199 577 1371 624 linguam
1395 568 1511 608 dedit.
1545 563 1636 613 quid
1657 562 1792 608 loquar
1806 572 1822 597 5
1850 568 1861 573 ’

275 674 435 715 comicas
471 667 629 708 inutiles
664 673 790 707 curas,
829 657 919 707 quid
955 654 1043 692 illas
1073 658 1232 696 magnas
1267 641 1437 691 tragicae
1475 635 1580 676 uocis
1610 629 1794 675 insanias,

276 744 365 793 quid
401 750 536 779 neruos
580 747 664 775 cum
701 733 862 771 clamore
900 721 1148 764 commissos?
1194 717 1289 754 haec
1333 711 1449 751 etiam
1486 706 1519 745 si
1554 715 1630 743 non
1667 700 1798 740 essent

279 810 489 853 simulacris
521 806 658 851 dicata,
691 798 863 840 obeunda
883 797 1010 834 tamen
1034 792 1073 829 et
1099 784 1306 837 spectanda
1327 793 1403 819 non
1425 777 1554 817 essent
1575 768 1799 812 christianis

280 881 474 921 fidelibus:
510 874 685 925 quoniam
717 869 791 908 etsi
812 878 887 906 non
907 860 1099 903 habebant
1120 856 1274 902 crimen,
1307 850 1449 891 habent
1470 847 1511 885 in
1533 856 1574 884 se
1595 841 1802 881 maximam

279 955 316 991 et
336 961 469 1001 parum
492 943 761 993 congruentem
781 935 957 975 fidelibus
979 930 1202 970 uanitatem.
1813 922 1846 947 10

252 1029 276 1067 8
335 1021 434 1058 Nam
456 1017 523 1055 illa
545 1014 666 1053 altera
686 1008 917 1056 reliquorum
939 999 1129 1040 dementia
1157 997 1216 1034 est
1238 990 1448 1031 manifesta
1476 984 1612 1026 otiosis
1631 978 1798 1021 homini-

278 1093 349 1131 bus
384 1085 613 1137 negotiatio:
649 1082 689 1119 in
724 1076 900 1116 iniuriam
941 1082 1048 1111 suam
1082 1063 1300 1118 pinguescit
1336 1061 1376 1099 in
1414 1057 1550 1107 sagina
1587 1062 1725 1101 corpus
1761 1050 1807 1087 ut

280 1158 471 1199 robustius
502 1155 566 1192 aut
594 1151 708 1190 feriat
736 1143 997 1192 antua-pulet,
1029 1140 1068 1178 et
1096 1137 1219 1186 prima
1246 1130 1413 1172 uictoria
1434 1130 1493 1167 est
1513 1126 1617 1164 ultra
1636 1122 1805 1168 modum,

283 1226 437 1268 humani
458 1222 604 1263 uentris
626 1218 769 1259 esurire
785 1214 970 1264 potuisse,
995 1220 1108 1257 super
1127 1204 1242 1245 titulo
1264 1211 1426 1242 coronae
1449 1196 1576 1236 edacis
1593 1191 1809 1242 flagitiosae

285 1297 491 1337 nundinae:
524 1291 663 1331 ictibus
685 1286 816 1326 infelix
837 1282 956 1322 facies
977 1280 1138 1323 locatur,
1160 1277 1202 1313 ut
1224 1271 1415 1312 infelicior
1436 1269 1572 1307 uenter
1594 1263 1808 1312 saginetur.
1824 1274 1857 1299 15

290 1378 400 1415 quam
435 1363 548 1402 foeda
582 1360 776 1408 praeterea
812 1354 896 1402 ipsa
931 1347 1160 1393 luctamina,
1197 1344 1258 1382 uir
1287 1341 1389 1380 infra
1416 1339 1542 1376 uirum
1570 1335 1699 1373 iacens
1729 1343 1811 1370 am-

290 1435 467 1484 plexibus
488 1428 701 1469 inhonestis
722 1427 758 1464 et
779 1422 939 1462 nexibus
960 1417 1190 1467 implicatur.
1222 1413 1262 1451 in
1285 1410 1357 1450 tali
1378 1406 1586 1449 certamine
1618 1405 1721 1443 stare
1743 1422 1763 1442 ,κ

294 1504 434 1543 uiderit
456 1501 540 1550 quis
563 1499 704 1544 uincat,
726 1495 846 1543 pudor
866 1492 992 1530 uictus
1014 1489 1083 1527 est.
1117 1496 1201 1523 ecce
1223 1482 1296 1521 tibi
1318 1481 1419 1519 alter
1440 1477 1566 1516 nudus
1588 1473 1691 1520 salit,
1715 1471 1814 1510 alter

296 1575 422 1614 orbem
458 1580 615 1609 aeneum
652 1563 841 1605 contentis
872 1561 912 1599 in
952 1570 1076 1598 aerem
1107 1555 1255 1594 uiribus
1286 1552 1418 1590 iactat.
1465 1549 1560 1586 111100
1597 1542 1721 1592 gloria
1757 1541 1818 1580 est

392 1806 411 1842 1
431 1805 473 1839 de
499 1792 607 1848 spfiZ
678 1799 700 1834 2
719 1797 792 1832 suis
817 1807 883 1831 om.
903 1795 934 1829 Z
1005 1789 1197 1837 superioris
1215 1799 1273 1833 ru,
1299 1787 1336 1821 in
1365 1783 1546 1829 superiora
1571 1778 1726 1824 corporis
1745 1777 1777 1811 Z

301 1862 535 1900 foraminibus
553 1861 606 1895 Zv
758 1854 964 1890 modulante
982 1852 1018 1886 et
1035 1860 1065 1893 r,
1090 1846 1317 1883 modulanter
1336 1857 1360 1889 μ
1378 1854 1395 1877 r
1412 1853 1439 1877 s.
1458 1842 1480 1876 l.
1637 1846 1733 1878 nunc
1765 1844 1823 1877 om

304 1924 362 1968 Ζμ
501 1920 523 1955 3
547 1918 684 1953 incluso
710 1916 751 1957 Z,
779 1914 918 1948 occluso
943 1921 963 1945 v
1057 1919 1097 1943 ac
1121 1915 1280 1951 represso
1307 1913 1401 1937 nunc
1426 1911 1485 1946 νμ,
1511 1900 1620 1943 atque
1643 1897 1683 1931 in
1708 1904 1824 1929 aerem

301 1991 365 2026 pro
390 1980 443 2014 Zv
561 1975 678 2019 certis]
704 1972 811 2007 tortis
835 1981 855 2006 ν
978 1966 1193 2002 foraminum
1220 1961 1400 1997 meatibus
1427 1959 1483 1994 Zv
1531 1992 1537 2001 ¹
1605 1955 1629 1990 4
1654 1955 1762 1998 atque
1786 1951 1826 1986 in

304 2048 418 2073 aerem
442 2035 583 2081 profuso
608 2035 694 2067 item
719 2042 778 2076 γμ,
803 2039 896 2063 1111110
921 2027 959 2061 111
986 2026 1039 2061 Ζυ
1178 2020 1332 2056 articulo
1359 2019 1419 2063 Ζμ
1562 2024 1669 2048 5011115
1693 2022 1741 2056 ru

307 2098 328 2132 6
352 2095 500 2131 comicas
526 2094 562 2127 et
585 2102 615 2133 υ,
641 2090 682 2125 (10
709 2088 852 2124 001111015
877 2087 909 2121 Ζ
1019 2084 1153 2118 traicae
1176 2091 1226 2125 ru
1341 2078 1359 2112 7
1387 2076 1517 2110 missos
1542 2083 1589 2118 νμ
1700 2070 1722 2104 8
1747 2070 1828 2104 sim.

308 2154 438 2198 dicata]
465 2149 685 2186 simulatoris
710 2139 775 2182 dea
799 2146 834 2180 Z
966 2141 1125 2177 obeunda
1148 2151 1206 2186 τμ,
1234 2135 1396 2172 adeunda
1422 2135 1477 2168 Zv
1617 2131 1639 2165 9
1663 2127 1832 2164 fidelibus

312 2224 382 2248 non
403 2212 503 2246 erant
523 2210 553 2243 Z
645 2205 819 2241 haberent
835 2213 855 2237 υ
948 2202 984 2236 01
1001 2200 1191 2234 maximam
1209 2208 1276 2242 ’νμ;
1301 2195 1387 2239 fort.
1405 2192 1464 2227 uel
1481 2202 1526 2226 m.
1622 2189 1667 2223 10
1689 2185 1830 2232 parum]

310 2281 381 2305 11011
405 2279 551 2314 paruam
577 2267 609 2301 Z
737 2262 1032 2306 incongruentem
1059 2259 1092 2293 Z
1222 2256 1265 2290 11
1290 2254 1353 2288 1110
1378 2263 1398 2287 r
1517 2249 1736 2293 reliquorum
1763 2255 1832 2280 om.

312 2339 358 2373 νμ
503 2324 694 2360 manifesta
719 2320 896 2356 dementia
920 2319 975 2353 est
999 2318 1034 2351 Z
1179 2315 1223 2349 12
1249 2310 1450 2358 negotiatio
1478 2310 1532 2344 est
1557 2308 1599 2349 Z,
1632 2303 1833 2350 negotiatio

313 2396 375 2420 sua
399 2386 439 2418 ut
463 2382 609 2427 uapulet
627 2395 662 2425 μ,
686 2379 833 2424 negotia
858 2387 922 2411 sua
946 2377 987 2410 ut
1012 2386 1051 2409 ra
1075 2385 1095 2409 r
1117 2377 1200 2418 post
1224 2382 1264 2406 ra
1288 2371 1423 2405 lacuna
1443 2370 1463 2403 5
1481 2368 1548 2403 litt.
1679 2364 1717 2398 in
1742 2362 1836 2396 iniu-

314 2443 403 2477 riam
424 2469 430 2475 .
453 2468 460 2474 .
485 2469 491 2477 .
511 2439 657 2484 uapulet
682 2448 747 2472 om.
764 2447 834 2481 ’νμυ
927 2433 972 2468 13
989 2434 1030 2468 111
1047 2432 1145 2466 ultra
1163 2431 1218 2466 Zv
1312 2428 1357 2463 14
1373 2428 1571 2462 humanum
1596 2423 1721 2457 uenter
1738 2421 1793 2456 Zv

316 2500 492 2546 potuisset
518 2498 572 2532 Zv
706 2494 820 2539 super]
846 2492 911 2527 sub
938 2492 970 2526 Z
1106 2498 1254 2524 coronae
1279 2486 1396 2521 edacis
1421 2496 1479 2530 νμ,
1509 2481 1698 2518 coronatae
1723 2477 1837 2513 edaci-

315 2558 404 2592 tatis
430 2557 483 2591 Zv
578 2554 621 2589 15
645 2552 790 2597 ictibus]
817 2550 950 2585 ictibus
979 2548 1166 2583 uulnerum
1193 2547 1249 2581 Zv
1343 2544 1514 2588 loquatur
1540 2541 1574 2575 Z
1678 2537 1722 2572 16
1749 2537 1840 2585 ipsa]

317 2617 388 2650 ista
414 2625 432 2648 v
555 2612 686 2646 uirium
712 2624 736 2654 μ
853 2609 890 2643 01
914 2607 1095 2651 amplexus
1120 2619 1156 2650 μ,
1189 2604 1370 2648 amplexus
1394 2612 1413 2636 ‘r
1539 2598 1582 2633 17
1610 2598 1646 2632 et
1663 2607 1730 2631 om.
1750 2605 1797 2639 ’νμ

321 2674 413 2707 stare
430 2670 563 2705 uideris
589 2669 668 2713 quis
692 2679 750 2712 νμ,
774 2666 908 2701 uiderit
931 2665 990 2700 uel
1008 2665 1081 2707 Zv‚·
1101 2666 1187 2708 post
1213 2663 1308 2696 stare
1327 2660 1478 2695 uidetur
1495 2658 1549 2692 051
1565 2656 1678 2691 iacere
1695 2653 1755 2688 uel
1772 2651 1845 2686 tale

322 2729 411 2774 quid
436 2727 662 2763 intercidisse
761 2725 805 2759 18
829 2723 962 2767 uincat]
990 2722 1075 2757 add.
1101 2722 1150 2756 Z:
1177 2720 1256 2764 quis
1282 2718 1411 2754 uicerit
1505 2714 1631 2760 pudor]
1658 2712 1745 2747 add.
1772 2710 1845 2745 Zv:

323 2790 442 2821 tamen
596 2784 738 2818 uinctus
763 2796 788 2827 μ
941 2781 985 2815 19
1012 2790 1152 2814 aereum
1178 2779 1234 2813 Zv
1386 2773 1604 2818 comptentis
1630 2785 1667 2816 μ,
1693 2768 1847 2804 extensis

328 2846 418 2879 coni.
445 2842 632 2877 Pamelius
770 2839 893 2883 iactat]
920 2838 1008 2872 iacit
1032 2838 1065 2872 Z
1203 2846 1273 2870 non
1299 2835 1354 2869 est
1379 2832 1439 2867 sed
1466 2830 1644 2867 dementia
1669 2828 1726 2863 Zv
