2032 3248
293 781 319 817 f.
332 782 393 815 65¹⁰

427 245 530 286 114-
830 243 1021 278 Arnobii
1055 243 1270 278 aduersus
1303 246 1513 279 nationes

421 359 563 402 silium
596 371 675 401 non
707 360 768 401 est
799 360 915 413 parte
945 359 989 400 111
1021 359 1098 401 hac
1128 371 1273 401 causae
1305 360 1462 401 diutius
1492 360 1713 411 inmorari,
1746 372 1796 405 ne
1828 361 1923 403 lites

420 429 620 472 maximas
652 429 855 471 concitare
887 441 932 471 ac
962 429 1221 471 tumultuosa
1242 441 1451 471 conserere
1475 429 1688 471 uideamur
1708 430 1815 472 uelle
1836 443 1923 473 cer-

420 498 590 540 tamina.
634 498 691 539 sit
718 498 820 548 ista,
852 499 901 538 ut
930 497 1194 550 praedicatiS,
1226 497 1342 552 plebs
1373 498 1609 550 numinum,
1642 498 1726 540 sint
1756 499 1922 541 deorum

419 568 659 610 innumerae
694 566 975 622 gentilitates,
1016 567 1318 620 adstipulamur
1348 567 1649 621 adquiescimus
1689 568 1923 610 coniuemus

419 649 492 678 nec
521 637 564 678 in
595 636 734 689 aliqua
772 635 1006 688 quaestione
1043 635 1276 678 dubitabile
1313 635 1427 678 istud
1465 636 1788 690 ambiguumque
1827 649 1922 679 con—

419 705 597 760 figimus.
645 704 751 746 illud
788 704 928 746 tamen
960 717 984 745 a
1013 704 1131 746 uobis
1161 704 1303 746 audire
1342 705 1597 758 exposcimus
1637 705 1681 746 et
1709 718 1921 759 rogamus:

419 776 527 817 unde
574 774 691 817 uobis
743 776 1000 828 compertum
1042 775 1104 816 est
1139 773 1145 829 Ι
1179 775 1247 816 1161
1287 775 1436 828 quibus
1484 774 1713 817 rationibus
1755 788 1921 830 conpre-

415 844 600 893 hensum,
631 843 728 885 hine
759 843 844 884 sint
873 843 916 884 111
947 843 1059 885 caelo
1092 855 1191 896 quos
1223 856 1309 886 esse
1347 844 1594 886 existimatis
1631 844 1673 886 et
1707 844 1841 886 colitis
1871 857 1922 887 an

417 912 550 954 nescio
581 913 647 965 qui
681 911 754 953 alii
785 911 990 965 opinionis
1020 913 1062 953 et
1092 912 1274 954 nominis
1294 912 1501 955 inauditi?
1532 913 1667 966 potest
1688 913 1798 955 enim
1818 913 1920 965 fieri,

1953 653 1967 677 5

415 984 462 1023 ut
493 984 534 1023 et
564 980 607 1022 hi
638 980 723 1022 sint
753 992 853 1034 quos
885 993 972 1023 esse
1003 992 1083 1022 non
1120 981 1268 1023 remini
1306 983 1347 1023 et
1385 994 1485 1036 quos
1518 994 1604 1024 esse
1642 982 1845 1023 confiditis
1876 984 1968 1024 inm

413 1050 529 1092 nulla
565 1050 831 1091 inueniantur
870 1050 979 1103 parti
1018 1050 1202 1092 naturae.
1254 1063 1384 1104 neque
1424 1051 1535 1092 enim
1565 1050 1669 1093 caeli
1701 1050 1920 1104 aliquando

414 1118 663 1161 subuolastis
694 1119 746 1160 ad
776 1118 923 1169 sidera,
965 1119 1224 1173 singulorum
1256 1120 1383 1162 facies
1413 1121 1536 1173 atque
1567 1131 1637 1161 ora
1667 1119 1847 1170 uidistis,
1880 1122 1921 1162 et

413 1200 514 1242 quos
544 1200 632 1230 esse
661 1186 935 1229 memineritis
972 1187 1061 1229 illic
1099 1188 1194 1230 deos
1234 1188 1395 1230 eosdem
1434 1188 1500 1229 hic
1538 1187 1667 1230 colere
1704 1190 1920 1241 tamquam

411 1257 528 1298 notos
558 1256 803 1298 instituistis
832 1267 880 1298 ac
911 1256 1034 1298 uisos.
1067 1257 1138 1298 sed
1169 1257 1211 1298 et
1241 1256 1348 1298 illud
1379 1269 1521 1298 rursus
1544 1256 1823 1299 desideramus
1844 1270 1919 1299 au-

412 1326 519 1375 dire,
573 1338 597 1367 a
636 1324 806 1367 uobisne
856 1325 1038 1379 inposita
1082 1325 1262 1367 habeant
1305 1326 1403 1368 haec
1450 1325 1616 1367 nomina
1662 1326 1811 1379 quibus
1853 1338 1919 1368 eos
1934 1344 1965 1368 1⁵

411 1394 570 1437 uocatis
601 1406 652 1436 an
680 1394 761 1448 ipsi
788 1394 888 1436 haec
919 1394 1000 1436 sibi
1031 1394 1177 1437 diebus
1198 1394 1470 1448 imposuerint
1490 1395 1687 1437 lustricis.
1722 1395 1757 1437 si
1778 1395 1920 1437 diuina

410 1464 511 1506 haec
546 1465 644 1506 sunt
683 1465 725 1505 et
761 1463 956 1505 caelestia
993 1463 1180 1514 nomina,
1229 1463 1322 1517 quis
1360 1462 1513 1506 detulit
1550 1463 1601 1505 ad
1632 1475 1705 1505 uos
1736 1465 1811 1506 ea?
1856 1464 1918 1505 sin

410 1534 550 1575 autem
581 1545 604 1574 a
634 1532 751 1574 uobis
798 1532 1005 1587 appositas
1050 1532 1346 1587 appellationes
1385 1532 1460 1574 has
1497 1532 1672 1583 habent,
1722 1534 1917 1586 quemad-

409 1602 579 1644 modum
608 1601 802 1655 potuistis
832 1601 1034 1642 uocabula
1062 1601 1127 1643 his
1159 1601 1255 1643 dare
1293 1613 1392 1655 quos
1430 1614 1560 1655 neque
1600 1601 1798 1644 uideratis
1838 1602 1917 1644 ali-

409 1671 570 1724 quando
610 1682 741 1724 neque
783 1670 927 1723 quales
965 1671 1038 1712 aut
1075 1671 1146 1724 qui
1178 1672 1313 1713 essent
1344 1670 1431 1713 ulla
1471 1670 1702 1725 cognitione
1732 1670 1964 1713 noratis?20

372 1739 479 1781 5sed
509 1741 556 1781 ut
586 1739 717 1781 uultis
747 1739 790 1780 et
818 1738 985 1780 creditis
1017 1740 1139 1791 atque
1169 1742 1216 1780 ut
1245 1739 1362 1781 uobis
1391 1751 1632 1793 persuasum
1663 1739 1745 1789 est,
1785 1740 1827 1781 hi
1859 1740 1918 1781 dii

410 1808 507 1859 sint,
524 1808 760 1850 nominibus
777 1808 1037 1861 appellentur
1053 1808 1116 1849 his
1134 1808 1260 1850 etiam
1278 1809 1425 1861 quibus
1443 1820 1510 1850 608
1527 1809 1555 1860 ’1-
1571 1809 1810 1861 popularem
1828 1821 1917 1850 cen-

408 1877 486 1919 seri
502 1877 709 1932 popularis
723 1876 953 1930 uulgaritas
966 1876 1099 1919 ducit:
1121 1877 1228 1919 unde
1242 1879 1380 1919 tamen
1394 1877 1511 1919 uobis
1522 1876 1664 1930 liquet,
1682 1877 1916 1919 nominibus

408 1946 451 1989 hi
482 1947 567 1988 suis
593 1959 761 1988 censum
792 1945 1022 1999 compleant
1052 1958 1104 1988 an
1134 1945 1220 1988 sint
1250 1945 1379 1999 aliqui
1410 1946 1527 1988 uobis
1557 1946 1756 2000 incogniti
1788 1957 1917 1998 neque

453 2120 472 2152 1
498 2120 621 2162 partae
638 2118 674 2152 P
692 2128 773 2152 corr
911 2117 933 2152 3
957 2117 1055 2161 plebs
1083 2116 1178 2151 Sab:
1204 2116 1328 2161 praebs
1355 2117 1390 2151 P
1527 2116 1549 2151 4
1573 2116 1795 2161 gentilitates
1820 2115 1913 2151 Sab:

407 2175 626 2221 gentilitatis
651 2176 688 2210 P
870 2175 1126 2220 atquiescimus
1152 2175 1188 2209 P
1380 2174 1585 2209 conibemus
1616 2175 1647 2210 e‘
1671 2185 1727 2209 om
1753 2174 1826 2210 Sab

405 2246 428 2281 5
453 2245 657 2280 conficimus
681 2244 872 2279 Meursius
1009 2244 1031 2278 8
1055 2243 1138 2277 hine
1164 2243 1256 2278 Sab:
1288 2244 1371 2278 hine
1397 2244 1439 2278 de
1464 2228 1521 2299 (tle
1536 2246 1569 2287 r)
1585 2244 1620 2278 P
1635 2243 1719 2278 hine
1736 2243 1774 2278 di
1789 2244 1915 2278 Meur-

405 2315 483 2348 sius
578 2313 622 2348 10
637 2311 678 2348 ut
694 2313 732 2347 111
749 2313 875 2348 omisso
892 2314 929 2346 et
948 2312 1019 2347 Sab
1121 2313 1162 2347 11
1182 2313 1276 2356 parti
1293 2312 1604 2348 Hildebrandius:
1627 2312 1741 2357 partis
1758 2313 1794 2347 P
1817 2313 1915 2356 parte

410 2371 481 2406 Sal)
581 2371 625 2405 14
639 2381 689 2414 sq.
707 2370 829 2404 audire
845 2381 866 2404 a
888 2369 1002 2411 uobis,
1021 2369 1236 2414 impositane
1254 2380 1334 2404 cum
1352 2370 1425 2404 Sab
1441 2371 1564 2415 uulqo,
1582 2371 1657 2404 nasi
1672 2370 1766 2414 quod
1783 2370 1914 2404 Hilde-

406 2428 562 2462 brandio
579 2432 612 2462 et
636 2428 785 2463 Oehlero
809 2438 852 2461 ne
877 2428 1048 2471 imposita
1061 2427 1205 2471 placuit
1346 2428 1387 2462 16
1412 2428 1571 2462 lustricis
1590 2428 1798 2462 Meursius:
1823 2426 1914 2460 lubi-

406 2485 487 2520 driis
504 2485 702 2520 Pludicris
729 2485 801 2520 Sab
940 2485 983 2520 17
1009 2486 1047 2518 at
1072 2485 1108 2519 P
1124 2495 1204 2519 corr
1345 2485 1388 2519 18
1413 2484 1664 2530 appellationis
1690 2485 1726 2519 P
1741 2494 1823 2519 corr

408 2543 450 2577 19
475 2542 645 2577 uideratis
670 2542 877 2577 Meursius:
904 2541 1083 2576 uidebatis
1108 2542 1143 2575 P
1305 2542 1351 2577 20
1375 2542 1450 2576 ulla
1474 2542 1623 2585 scripsi:
1656 2541 1693 2575 in
1718 2541 1792 2575 ulla
1817 2542 1852 2576 P
1876 2541 1913 2575 in

406 2600 507 2634 nulla
533 2600 606 2635 Sab
730 2600 934 2646 cognitione
959 2599 1049 2634 Sab:
1075 2599 1284 2644 cognatione
1308 2600 1345 2634 P
1466 2600 1510 2634 21
1534 2599 1586 2632 hii
1612 2599 1648 2633 P
1769 2599 1815 2633 22
1839 2599 1915 2633 sint

412 2657 497 2692 GeZ:
522 2659 606 2692 sunt
630 2657 667 2692 P
803 2657 989 2702 populares
1016 2657 1089 2691 Sab
1115 2656 1172 2691 del
1197 2657 1266 2691 Urs
1289 2657 1487 2701 populatim
1514 2656 1721 2701 Riyaztius:
1745 2656 1915 2691 laewnam

404 2715 548 2760 signare
571 2715 713 2749 mauult
737 2714 893 2749 Zinkius
1030 2713 1074 2748 23
1103 2713 1217 2758 liquet
1241 2714 1416 2749 Zinkius:
1448 2724 1536 2758 quae
1561 2714 1597 2747 P
1630 2723 1759 2757 quaeso
1785 2713 1912 2747 Mem·-

405 2773 483 2807 sius
499 2773 587 2806 scire
604 2773 691 2816 quot
709 2772 807 2807 Salm
914 2771 1070 2806 nominis
1090 2770 1158 2806 Gel
1262 2771 1307 2806 24
1323 2771 1362 2806 hi
1380 2771 1454 2806 suis
1472 2771 1648 2806 Zinkius:
1666 2771 1770 2805 huius
1787 2771 1822 2804 P

405 2840 546 2864 sensum
572 2830 645 2864 Sab
789 2828 986 2873 compleant
1011 2827 1132 2863 Salm:
1157 2828 1334 2872 complent
1358 2829 1395 2863 P
1539 2828 1597 2873 an]
1623 2828 1692 2862 etsi
1718 2827 1820 2863 Salm

406 2887 489 2921 sunt
517 2886 585 2921 Gel
745 2885 920 2930 incogniti
944 2895 1055 2930 neque
1079 2885 1254 2921 Zinkius:
1290 2885 1325 2919 in
1351 2886 1552 2930 cognitione
1584 2895 1671 2929 quae
1696 2885 1732 2919 P
1767 2885 1805 2919 in
1830 2894 1910 2930 cog—

404 2945 540 2979 nitione
564 2943 638 2980 Sab
664 2943 701 2978 in
726 2942 962 2987 cognitionem
993 2942 1063 2977 Urs

2030 2934 2032 2948 1

2030 2949 2032 2963 1
