2032 3248
357 220 441 262 254
988 217 1235 261 AppendiX.

354 325 583 373 gyptiorum,
618 327 655 363 et
690 337 766 363 non
795 324 1000 363 secundum
1029 326 1180 372 epactas
1210 325 1375 371 lunares,
1398 337 1472 364 non
1493 328 1695 374 potuerunt
1719 310 1880 365 errasse

357 396 394 432 et
430 394 512 432 ideo
550 394 697 441 quando
733 392 896 442 primum
932 393 971 430 in
1001 394 1179 445 Aegypto
1217 394 1340 441 pridie
1378 394 1428 433 id.
1451 395 1543 442 Apr.
1584 396 1747 434 secunda
1769 396 1864 433 feria

357 463 472 500 XIIII
493 463 584 501 luna
618 462 913 501 immolauerunt
939 462 1100 509 Pascha,
1138 462 1314 510 suppleto
1338 463 1457 511 primo
1495 475 1591 502 anno
1630 475 1760 502 eorum
1789 477 1864 503 non

353 534 558 580 potuerunt
593 531 714 580 pridie
736 531 787 569 id.
811 532 904 580 Apr.
942 531 1133 571 celebrare
1155 533 1317 580 Pascha,
1358 533 1533 580 quoniam
1554 545 1628 571 non
1649 534 1765 571 XIIII
1796 534 1862 572 sed

355 601 460 640 XXV
482 601 637 639 inuenta
659 602 716 639 est
738 601 785 639 ab
807 601 861 639 eis
882 601 984 640 luna.
1016 601 1144 649 itaque
1183 603 1409 649 quaerentes
1431 602 1547 639 XIIII
1567 613 1719 641 necesse
1741 604 1862 641 habe·
1878 619 1891 643 ε,

355 673 449 710 bant
484 670 662 708 immissis
684 670 814 708 XVIII
836 670 968 708 diebus
1005 670 1127 718 pridie
1150 670 1201 707 kl.
1225 670 1345 708 Maias
1383 670 1553 709 inuenire
1575 671 1691 708 XIIII
1719 671 1860 710 lunam.

353 741 419 778 sed
441 751 487 778 ne
511 740 674 778 secundo
710 751 838 777 mense
867 738 1080 786 inciperent
1118 750 1229 787 agere
1253 740 1401 778 Pascha
1422 742 1460 778 et
1482 751 1556 778 non
1577 740 1697 788 primo
1719 752 1859 788 mense,

352 809 417 858 qui
439 812 498 848 est
520 821 541 847 a
561 808 649 847 XVI
670 809 721 847 kl.
756 808 886 857 April.
919 821 1042 857 usque
1072 808 1117 845 in
1148 808 1278 846 XVII
1295 809 1348 847 kl.
1371 809 1507 858 Maias,
1538 810 1582 848 de
1604 809 1707 849 XXV
1729 809 1862 848 diebus

350 878 461 918 lunae
499 880 708 917 retrorsum
742 880 1004 926 computantes
1026 878 1065 916 id
1088 880 1146 916 est
1168 878 1220 915 XI
1242 878 1323 916 dies
1353 878 1474 926 ipsius
1495 879 1607 917 lunae
1629 879 1859 918 deducentes

350 948 579 986 inuenerunt
600 948 716 985 XIIII
737 947 827 985 luna
846 950 883 985 et
901 952 1005 985 sexta
1024 947 1132 994 feria,
1156 947 1209 984 kl.
1233 948 1342 995 Apr.,
1367 948 1432 995 qui
1454 947 1528 985 suit
1551 959 1671 986 annus
1694 959 1857 986 commu·
1875 961 1906 986 10

350 1016 410 1055 nis
433 1019 471 1055 et
506 1017 663 1064 primus.
697 1017 859 1055 secundo
896 1028 993 1055 auno
1026 1016 1118 1054 item
1140 1017 1326 1055 communi
1347 1017 1421 1054 XII
1442 1017 1518 1055 kal.
1542 1017 1636 1065 Apr.
1660 1018 1721 1054 III
1742 1017 1859 1056 feria:

347 1086 462 1125 tertio
500 1088 627 1125 autem
663 1097 761 1124 anno
797 1097 870 1124 non
909 1088 1117 1124 retrorsum
1148 1087 1422 1133 computantes,
1459 1097 1505 1124 ne
1528 1086 1750 1125 excederent
1772 1087 1860 1124 XVI

346 1155 422 1193 kal.
445 1156 553 1202 Apr.,
585 1154 650 1203 qui
672 1156 729 1193 est
760 1155 841 1193 dies
862 1155 1006 1202 primus
1028 1154 1169 1193 mensis
1190 1154 1316 1203 primi,
1348 1157 1385 1193 et
1407 1155 1446 1192 in
1467 1166 1634 1193 mensem
1655 1155 1730 1193 XII
1751 1168 1859 1204 prae-

347 1224 450 1262 teriti
474 1224 565 1262 anni
599 1223 822 1271 inciderent,
860 1223 973 1261 aliter
997 1226 1323 1271 computauerunt.
1356 1224 1419 1262 hic
1442 1224 1543 1262 enim
1563 1224 1637 1262 fuit
1660 1236 1795 1272 annus,
1820 1225 1860 1262 in

348 1305 420 1341 quo
442 1305 517 1331 non
537 1293 638 1341 XIX,
675 1293 743 1332 sed
765 1293 922 1331 deducto
944 1304 1017 1331 uno
1040 1292 1170 1330 XVIII
1207 1293 1286 1331 dies
1309 1303 1372 1331 eos
1403 1293 1609 1331 immittere
1647 1294 1857 1341 oportebat.
1876 1309 1906 1333 15

345 1363 432 1411 quis
471 1365 597 1401 autem
617 1362 679 1401 hic
700 1375 796 1401 unus
819 1363 864 1401 de
888 1362 1039 1401 XVIIII
1061 1363 1125 1411 qui
1147 1363 1344 1401 deducitur
1374 1362 1468 1412 dies,
1507 1364 1673 1402 dicemus
1703 1375 1769 1412 per
1790 1363 1863 1402 Dei

344 1433 522 1480 gratiam.
568 1432 688 1480 primo
728 1432 827 1470 enim
863 1434 1053 1480 tempore,
1092 1432 1241 1480 quando
1277 1432 1317 1470 in
1352 1432 1528 1481 Aegypto
1565 1433 1767 1471 obseruata
1803 1435 1861 1471 est

345 1503 505 1550 Pascha,
544 1502 618 1540 fuit
654 1502 736 1549 ipso
769 1513 866 1540 anno
898 1501 1066 1539 debitum
1098 1503 1308 1549 quadrans
1320 1515 1333 1539 .·
1374 1503 1508 1550 primo
1539 1513 1646 1538 anno
1677 1505 1860 1550 sequente

340 1570 504 1620 factum
535 1575 593 1608 est
622 1570 763 1608 semis:
796 1570 959 1608 secundo
983 1581 1080 1608 anno
1102 1570 1247 1609 adiecto
1270 1570 1412 1609 factum
1435 1572 1492 1609 est
1521 1570 1707 1608 dodrans:
1746 1570 1858 1608 tertio

344 1642 471 1679 autem
509 1651 606 1678 anno
642 1640 785 1678 factum
821 1641 880 1677 est
910 1651 973 1677 as:
1006 1639 1145 1677 tertius
1182 1639 1300 1688 igitur
1335 1651 1455 1678 annus
1477 1639 1516 1677 in
1538 1639 1683 1688 pinace,
1720 1639 1760 1676 in
1782 1650 1852 1686 quo
1868 1655 1901 1681 20

340 1710 449 1748 modo
487 1709 678 1747 bissextus
713 1710 751 1747 et
788 1709 1032 1747 embolismus
1054 1708 1260 1747 inuenitur.
1294 1708 1333 1746 in
1354 1720 1426 1757 quo
1454 1720 1551 1747 anno
1573 1708 1722 1747 Pascha
1743 1708 1857 1745 XIIII

340 1779 432 1817 luna
453 1779 508 1817 VI
529 1778 581 1816 id.
604 1778 697 1826 Apr.
721 1779 759 1817 et
780 1778 821 1815 II
841 1778 937 1817 feria
959 1778 1078 1817 fuisse
1109 1778 1343 1817 ostenditur:
1376 1780 1508 1826 quarto
1538 1789 1635 1816 anno
1667 1777 1855 1816 communi

344 1848 379 1887 V
399 1848 475 1886 kal.
499 1847 623 1895 April.
647 1847 743 1885 feria
765 1847 839 1886 VI:
872 1848 964 1886 item
1001 1847 1132 1895 quinto
1156 1859 1252 1886 anno
1283 1847 1470 1887 communi
1500 1847 1617 1884 XIIII
1653 1847 1744 1885 luna
1765 1846 1853 1884 XVI

431 2041 450 2074 1
477 2050 593 2074 errare
619 2050 658 2074 cv
797 2040 819 2073 2
844 2038 923 2073 idus
950 2048 1022 2082 apr.
1050 2039 1082 2079 b,
1107 2038 1233 2072 iduum
1258 2037 1468 2082 apriliarum
1493 2048 1533 2073 cv
1681 2038 1703 2072 3
1728 2048 1848 2072 eorum

338 2098 368 2138 b,
394 2098 524 2131 iterum
552 2107 591 2132 cv
774 2097 798 2131 4
822 2096 936 2140 pridie
961 2095 1041 2130 idus
1068 2096 1100 2137 b,
1125 2096 1163 2130 II
1189 2095 1235 2129 id.
1262 2106 1301 2130 ev
1479 2095 1663 2139 quonia-m]
1691 2106 1759 2140 quo
1787 2106 1804 2129 c

339 2155 450 2189 XIIII
475 2154 609 2190 decima
634 2155 653 2189 b
770 2155 792 2189 5
817 2154 862 2188 ab
889 2155 939 2188 eis
964 2153 1112 2187 inuenta
1138 2155 1193 2188 est
1219 2164 1258 2188 cv
1368 2153 1502 2198 itaque]
1530 2153 1582 2188 ita
1608 2164 1625 2188 c
1737 2153 1851 2188 XIIII

338 2212 511 2247 decimam
535 2213 555 2248 b
704 2213 725 2247 6
750 2211 921 2246 immissis
947 2222 1014 2247 om.
1042 2222 1059 2246 c
1206 2210 1328 2245 XVIII
1353 2222 1381 2252 c,
1408 2211 1550 2246 XVIIII
1576 2212 1596 2246 b
1735 2210 1849 2255 pridie

339 2270 388 2304 kl.
421 2270 535 2304 maias
560 2270 590 2313 b,
623 2270 692 2304 III.
719 2270 791 2304 kal.
823 2269 912 2304 maii
937 2281 966 2311 c,
998 2269 1046 2304 II.
1075 2268 1122 2302 kl.
1157 2269 1245 2304 maii
1269 2280 1290 2304 v
1533 2269 1655 2303 lunam
1689 2279 1755 2304 om.
1782 2269 1802 2304 b

336 2328 356 2362 7
387 2329 422 2362 et
451 2339 590 2363 non...
608 2328 732 2363 diebus
765 2328 871 2363 lunae
907 2339 975 2363 om.
1004 2339 1041 2369 c;
1081 2327 1208 2363 addito
1249 2339 1320 2362 non
1355 2329 1557 2362 antrorsum
1587 2327 1648 2362 sed
1679 2327 1849 2362 lacunam

335 2386 480 2430 supplet
499 2386 546 2421 W
639 2387 661 2421 8
677 2386 774 2432 XVI]
791 2386 883 2421 XIII
900 2387 920 2421 b
1020 2385 1123 2431 april.
1141 2396 1253 2430 usque
1270 2386 1308 2420 in
1326 2386 1429 2420 XVII
1445 2385 1494 2419 kl.
1513 2395 1578 2420 om.
1598 2385 1630 2426 b,
1649 2385 1733 2420 add.
1757 2385 1808 2420 W

333 2444 354 2478 9
380 2443 440 2477 sed
465 2445 657 2478 retrorsum
684 2455 702 2479 c
795 2444 840 2479 10
863 2443 980 2479 XIIII
1006 2443 1076 2478 dec.
1104 2444 1123 2478 b
1218 2444 1306 2488 ipsis
1331 2444 1379 2478 kl.
1408 2444 1427 2478 b
1524 2443 1567 2477 11
1591 2442 1677 2488 XII]
1703 2442 1755 2476 XI
1780 2443 1800 2477 b

333 2500 378 2534 12
402 2501 511 2536 tertio
544 2503 663 2536 autem
697 2512 790 2536 anno
822 2501 860 2536 in
891 2502 1015 2547 pinace
1040 2501 1077 2535 in
1111 2511 1178 2546 quo
1203 2501 1399 2536 bissextum
1425 2502 1460 2535 et
1492 2499 1721 2534 embolismus
1747 2500 1845 2535 inue-

331 2557 431 2593 nitur
448 2562 512 2593 etc.
538 2560 678 2594 omissis
703 2560 841 2604 aliquot
867 2559 1033 2594 uersibus
1057 2558 1284 2594 intemnediis
1309 2569 1327 2593 c
1450 2556 1494 2591 13
1517 2567 1638 2591 mense
1662 2557 1743 2591 XII.
1771 2556 1844 2592 dec.

331 2616 520 2660 praeteriti
545 2617 629 2650 anni
654 2616 830 2651 inciderat
855 2616 875 2651 b
1017 2616 1061 2651 15
1085 2615 1184 2661 XIX]
1210 2626 1304 2650 nono
1328 2614 1362 2649 X
1378 2615 1398 2649 b
1537 2614 1678 2659 XVIII]
1703 2614 1844 2649 XVIIII

335 2673 414 2707 octo
441 2673 460 2708 b
600 2674 643 2709 16
670 2673 711 2708 de
736 2673 879 2709 XVIIII
904 2673 978 2719 qui]
999 2673 1141 2708 XVIIII
1157 2684 1246 2708 noue
1264 2671 1350 2718 quid
1367 2673 1387 2707 b
1528 2672 1572 2706 18
1590 2671 1765 2717 quadrans
1783 2699 1790 2706 .
1806 2698 1813 2706 .
1830 2699 1836 2706 .

332 2730 438 2764 semis
463 2740 530 2765 om.
556 2731 586 2774 b,
612 2731 698 2766 add.
730 2731 781 2766 W
930 2732 973 2766 19
998 2730 1149 2766 dodrans
1173 2731 1281 2766 tertio
1311 2731 1369 2772 W,
1397 2730 1523 2774 quarto
1549 2730 1569 2764 b
1719 2729 1765 2764 20
1789 2731 1843 2764 est

330 2787 446 2831 igitur
470 2788 490 2823 b
599 2789 724 2832 pinaxe
748 2789 768 2824 b
884 2789 928 2824 21
954 2788 1059 2824 modo
1085 2799 1153 2824 om.
1179 2799 1197 2824 c
1313 2787 1511 2822 bissextum
1535 2798 1553 2822 c
1662 2787 1708 2822 22
1732 2786 1842 2821 fuisse

330 2854 396 2879 om.
423 2856 440 2880 c
580 2845 625 2880 23
650 2845 759 2881 XIIII
782 2847 867 2881 luna
892 2857 958 2882 om.
984 2846 1004 2881 b
