2032 3248
459 257 516 290 De
542 255 876 299 singularitate
902 254 1174 287 clericorum
1207 264 1234 287 c.
1261 252 1399 287 <io—42
1601 252 1684 293 217

187 366 232 402 in
265 364 445 401 mundo.
488 362 540 400 sic
578 362 714 408 ubique
752 360 998 408 singularibus
1035 359 1221 406 splendet,
1266 361 1307 395 ut
1344 369 1471 395 omnes
1513 370 1577 405 pro
1615 356 1679 393 illu

186 433 367 480 spondere
390 443 462 469 non
485 431 669 476 dubitent,
693 432 730 467 et
752 430 805 466 ita
836 428 1078 466 sanctitatem
1101 428 1140 464 in
1162 428 1280 465 semet
1303 427 1385 474 ipsa
1407 426 1603 472 clarificat,
1643 429 1682 462 ut

186 501 335 539 laudem
372 500 444 537 sibi
467 500 514 537 ab
550 499 644 546 ipsis
667 509 813 546 quoque
849 497 1011 535 inimicis
1034 498 1266 544 extorqueat.
1310 496 1408 543 quod
1447 496 1606 532 maxime
1638 496 1683 532 de

186 569 397 616 praeposito
433 580 663 616 quocumque
701 566 842 604 Paulus
879 566 1072 613 apostolus
1103 566 1256 602 mandat
1296 565 1445 602 dicens:
1489 566 1687 611 oportet

159 640 346 676 5001001
397 648 496 674 01101
527 635 928 675 ettestimonium
960 635 1136 672 habere
1169 634 1342 671 bonum
1387 634 1441 670 ab
1483 633 1559 670 1113
1608 633 1687 680 (101

186 706 305 744 foris
346 708 475 752 sunt,
515 708 564 743 01
609 717 699 742 000
731 705 777 741 in
809 702 1121 751 opprobrium
1154 702 1341 740 incidat
1381 703 1426 739 et
1466 702 1688 748 laqueum

186 775 386 813 diaboli.
443 775 540 812 hanc
589 774 707 821 igitur
751 775 872 810 amate
889 803 897 819 ‚
951 773 1045 809 hanc
1089 774 1212 809 tenete
1228 801 1236 817 ‚
1290 782 1384 818 quae
1426 770 1506 808 sola
1556 773 1682 817 potest

187 844 345 882 feminas
376 843 576 881 debellare.
621 854 704 880 01110
745 843 867 879 adhuc
904 840 1206 888 concupiscentia
1251 840 1354 877 nulla
1391 841 1522 887 peetus
1559 840 1684 886 inpul-

189 915 247 950 sat
283 914 320 950 et
356 913 443 949 dum
475 912 597 949 adhuc
633 910 857 958 simplicitas
889 910 1105 956 incorrupta
1146 911 1340 956 permanet
1372 909 1432 945 uel
1455 909 1595 955 quieta,
1638 908 1686 945 ad

146 997 179 1021 10
193 983 375 1019 secretam
397 980 676 1028 singularitatis
698 979 856 1017 tutelam
887 979 960 1016 cito
983 978 1219 1025 concurrite,
1255 989 1300 1015 ne
1336 978 1574 1025 postmodum
1609 989 1683 1015 non

187 1050 347 1087 ualeatis
369 1050 545 1096 effugere.

244 1119 580 1166 Praeoccupandus
603 1119 661 1155 est
683 1118 807 1155 aditus
831 1117 974 1155 cunctis
997 1117 1166 1162 insidiis,
1199 1128 1245 1154 ne
1267 1116 1459 1155 hostilitas
1491 1115 1593 1163 prior
1615 1115 1681 1153 ob·
1698 1115 1750 1152 42

186 1198 320 1234 repens
343 1189 514 1225 occurrat
535 1186 758 1233 inprouidis.
807 1187 975 1224 salutare
999 1186 1204 1224 remedium
1236 1187 1295 1224 est
1317 1185 1537 1232 praeuenire
1558 1184 1684 1232 potius

188 1268 300 1303 quam
322 1256 534 1303 praeueniri
556 1257 593 1293 et
615 1255 825 1303 anticipare
847 1255 973 1303 potius
1013 1267 1125 1302 quam
1161 1254 1360 1302 anticipari
1398 1255 1489 1292 uiris
1525 1254 1688 1292 fortibus

142 1342 173 1366 15
188 1325 374 1373 congruit.
397 1324 620 1372 ubicumque
640 1324 754 1362 fuerit
771 1324 1022 1372 prouidentia,
1042 1324 1273 1362 frustrantur
1285 1325 1461 1361 uniuersa
1479 1322 1687 1361 contraria:

187 1395 251 1432 ubi
272 1396 398 1432 autem
419 1394 659 1441 prouidentia
682 1393 910 1441 neglegitur,
951 1393 1073 1431 omnia
1095 1393 1284 1431 contraria
1306 1392 1558 1431 dominantur.
1601 1394 1688 1429 ante

188 1463 326 1501 famem
347 1464 556 1509 certamus,
593 1465 681 1499 ante
707 1462 870 1509 inopiam
893 1461 1097 1499 laborando
1120 1461 1343 1509 satagimus.
1386 1460 1440 1498 sic
1476 1472 1541 1507 per
1562 1460 1687 1498 omnia

188 1531 469 1569 calamitatibus
507 1531 652 1569 cunctis
691 1531 862 1569 tollimus
894 1530 1037 1576 100001,
1083 1531 1170 1567 dum
1207 1530 1374 1577 gerimus
1411 1529 1686 1577 prouidentiam

190 1602 398 1648 temporum
421 1600 644 1637 futurorum.
679 1602 819 1647 quanto
842 1599 965 1646 magis
990 1602 1077 1637 ante
1100 1599 1377 1647 praeuenienda
1399 1601 1457 1636 est
1479 1599 1580 1637 omni
1602 1611 1687 1646 pro-

143 1681 175 1705 20
191 1668 334 1707 11131000
368 1668 564 1706 calamitas
601 1668 849 1713 feminarum,
887 1668 994 1706 cuius
1033 1668 1166 1716 cupido
1204 1668 1236 1705 si
1275 1668 1488 1706 admittitur
1526 1667 1690 1715 incipere

190 1749 393 1785 numquam
418 1749 574 1785 prorsus
597 1737 735 1785 accipit
757 1735 901 1775 finem?
942 1737 1048 1774 cuius
1084 1737 1401 1784 comparationem
1423 1737 1596 1774 Salomon
1625 1747 1689 1774 ex-

190 1807 308 1854 plicat
343 1807 492 1844 dicens:
543 1806 766 1844 infernus
814 1809 859 1844 et
904 1817 1030 1843 amor
1076 1806 1299 1843 mulieris
1331 1808 1376 1843 et
1407 1807 1542 1843 terra
1573 1816 1692 1852 quae

191 1887 283 1913 non
326 1875 540 1913 satiatur
572 1887 694 1923 aqua
740 1877 785 1913 et
831 1876 964 1923 ignis
1009 1888 1100 1913 000
1131 1874 1274 1913 dicit:
1318 1874 1530 1912 sufficit.
1569 1886 1689 1912 unus-

192 1946 349 1993 quisqne
372 1945 499 1992 itaque
522 1945 586 1991 qui
608 1956 761 1982 securus
783 1946 854 1991 est,
878 1944 967 1992 quia
992 1944 1150 1982 necdum
1171 1945 1392 1991 temptatur,
1424 1944 1569 1982 timeat.
1606 1943 1694 1991 quia

148 2026 179 2050 25
195 2014 291 2051 nihil
314 2015 357 2051 de
380 2013 445 2051 illo
467 2013 618 2059 dicitur,
642 2013 848 2060 prospiciat
869 2025 914 2051 ne
936 2014 1105 2051 dicatur:
1148 2013 1318 2051 homines
1340 2024 1482 2059 sumus,
1502 2012 1692 2060 fragilita-

193 2086 269 2120 tem
290 2084 455 2120 nostram
479 2094 590 2120 carne
612 2084 819 2129 portamus.
844 2082 898 2120 310
920 2082 994 2119 iam
1017 2082 1182 2129 undique
1203 2094 1270 2120 nos
1292 2081 1565 2129 circumspecta
1583 2080 1693 2118 uiua-

194 2151 308 2189 citate
331 2151 560 2189 circumdare
600 2151 777 2188 debemus
813 2152 851 2188 et
887 2151 1063 2198 cingere,
1099 2152 1141 2188 ut
1172 2162 1246 2188 non
1268 2150 1319 2187 sit
1340 2162 1428 2198 pars
1450 2150 1578 2197 aliqua
1599 2159 1694 2196 quae

195 2219 360 2258 uacillet.
405 2219 607 2266 accipimus
629 2216 781 2266 quidem
804 2219 1065 2257 fortitudinem
1101 2219 1325 2266 spiritalem,
1363 2230 1430 2266 per
1464 2230 1576 2266 quam
1609 2219 1694 2256 sub-

195 2289 356 2327 stantiae
380 2290 529 2326 nostrae
552 2288 742 2335 fragilitas
766 2289 973 2326 roboretur.
998 2289 1063 2325 sed
1086 2288 1139 2326 ita
1163 2288 1272 2326 nobis
1295 2287 1481 2335 spiritalis
1504 2287 1686 2325 fortitudo

284 2458 306 2491 4
331 2457 348 2491 I
374 2457 465 2492 Tim.
491 2457 521 2498 3,
550 2458 581 2490 7.
722 2458 766 2491 22
792 2457 894 2491 Ρ1·00.
920 2458 974 2498 30,
1004 2458 1054 2490 16.

286 2630 307 2664 2
333 2629 499 2674 spondere
529 2630 565 2670 C,
593 2629 777 2673 splendore
803 2640 822 2663 v
915 2629 936 2663 4
962 2639 1180 2673 quocumque
1200 2629 1228 2663 C
1252 2639 1330 2662 cum
1347 2638 1374 2662 s.
1396 2629 1418 2662 l.
1521 2629 1540 2662 7
1568 2629 1696 2671 tenete]

198 2687 320 2721 timete
345 2690 367 2721 2
393 2687 495 2722 codd.
608 2687 651 2721 10
675 2689 827 2721 secretae
853 2698 872 2721 v
980 2687 1022 2720 14
1048 2686 1136 2719 uiris
1167 2687 1204 2725 C,
1232 2685 1366 2719 uiribus
1392 2696 1410 2719 v
1519 2686 1560 2720 17
1587 2688 1698 2720 certa-

198 2754 274 2777 mus
300 2755 343 2778 eae
368 2745 540 2779 acerimus
571 2744 600 2779 C
623 2755 667 2778 m.
693 2747 715 2777 2
841 2744 1040 2787 satagimus
1071 2744 1108 2783 C,
1134 2743 1329 2787 fatigamus
1355 2754 1375 2778 v
1496 2744 1542 2778 25
1567 2743 1629 2777 1110
1661 2743 1699 2784 C,

199 2812 236 2834 00
262 2813 281 2836 v
463 2802 508 2835 26
533 2811 672 2836 carnem
699 2801 743 2837 0¹
931 2801 1001 2834 iam
1027 2801 1055 2835 C
1078 2811 1105 2835 s.
1131 2801 1153 2835 l.
1179 2812 1223 2834 m.
1250 2803 1272 2834 2
1442 2811 1506 2835 nos
1531 2811 1596 2836 om.
1624 2801 1652 2835 C

203 2858 247 2891 28
273 2860 468 2903 accepimus
499 2859 527 2894 C
