2032 3248
392 235 444 276 62
1021 232 1267 275 Appendix.

390 338 586 386 gestiam?
647 338 951 386 quandoquidem
1006 337 1194 376 Niniuitis
1246 337 1466 385 Allophylis
1512 339 1550 375 et
1594 338 1706 386 longe
1752 350 1774 376 a
1817 339 1900 386 lege

389 407 540 445 Domini
571 407 789 444 constitutis
827 409 982 454 propter
1029 407 1199 446 ciuitatis
1237 419 1325 445 suae
1357 407 1620 444 adnuntiatam
1666 407 1900 445 euersionem

391 476 681 523 deprecantibus
725 475 982 513 misericordia
1014 476 1083 514 Dei
1129 489 1202 515 non
1250 477 1469 523 denegatur.
1516 475 1590 524 ipsi
1620 476 1679 513 illi
1709 475 1898 513 Pharaoni

389 545 575 591 sacrilega
619 544 832 582 temeritate
877 546 1128 592 repugnanti,
1175 558 1260 584 cum
1306 545 1453 593 quando
1500 545 1727 582 caelestibus
1772 544 1899 592 plagis

389 614 652 651 uerberaretur
698 614 736 650 et
781 624 984 651 conuersus
1022 614 1144 662 Moysi
1175 616 1213 652 et
1254 614 1365 652 fratri
1411 613 1491 651 eius
1537 613 1713 651 dixisset:
1762 610 1928 651 orate5

388 694 472 730 pro
518 694 587 720 me
634 683 688 720 ad
727 682 998 729 Dominum,
1045 684 1154 731 quia
1196 683 1414 731 peccaui,
1462 683 1501 719 in
1543 682 1751 720 continenti
1781 683 1827 719 ab
1859 693 1900 719 eo

389 751 690 798 suspendebatur
730 752 786 789 ira
815 751 896 788 Dei.
946 753 984 789 et
1015 754 1056 789 tu
1087 752 1181 799 iam,
1215 752 1448 797 Nouatiane,
1497 751 1643 789 iudicas
1673 753 1711 789 et
1755 751 1900 788 nullam

389 831 493 867 spem
525 820 628 867 pacis
659 832 702 859 ac
733 820 1011 859 misericordiae
1044 822 1182 859 habere
1213 821 1341 869 lapsos
1372 820 1568 868 praedicas
1599 831 1667 857 nec
1689 819 1901 866 increpanti

387 892 425 927 te
457 890 628 938 apostolo
660 902 789 929 aurem
811 892 1073 930 adcommodas
1095 891 1255 930 dicenti:
1288 893 1337 928 tu
1369 891 1478 938 quis
1510 902 1557 928 es
1589 891 1672 938 qui
1703 889 1901 927 iudicas

388 970 578 997 seruum
623 960 865 998 alienum?
913 961 1102 999 domino
1149 972 1231 998 suo
1279 962 1379 998 stat
1425 961 1508 997 aut
1547 959 1694 997 cadit.
1743 959 1947 997 stabitlo

391 1030 561 1075 autem,
593 1031 768 1076 potens
800 1031 879 1066 est
910 1029 1034 1067 Deus
1067 1029 1300 1067 stabilire
1341 1029 1495 1066 illum.
1539 1029 1635 1067 unde
1666 1028 1902 1076 pertinenter

390 1099 429 1135 et
458 1098 667 1136 necessarie
698 1109 743 1135 ex
779 1108 942 1145 persona
978 1098 1180 1136 eorundem
1211 1098 1402 1145 lapsorum
1434 1097 1604 1145 increpat
1634 1109 1702 1135 uos
1743 1097 1901 1145 spiritus

389 1168 545 1204 sanctus
595 1166 682 1203 dum
734 1166 846 1204 dicit:
903 1166 1007 1205 noli
1056 1167 1309 1214 gratulari
1364 1166 1565 1204 inimica
1612 1178 1711 1204 mea
1765 1165 1897 1213 mihi,

389 1235 614 1283 quoniam
663 1235 704 1273 si
752 1235 932 1283 cecidi,
989 1237 1035 1274 et
1084 1247 1365 1284 exsurgam:
1412 1238 1458 1274 et
1499 1236 1541 1273 si
1582 1235 1629 1273 in
1677 1235 1901 1273 tenebris

388 1304 723 1351 ambuIauero,
773 1304 1004 1343 Dominus
1045 1306 1205 1343 lumen
1245 1307 1321 1343 est
1363 1304 1494 1343 mihi.
1550 1305 1669 1342 iram
1709 1303 1946 1342 Dominim

386 1373 627 1420 tolerabo,
670 1373 896 1422 quoniam
935 1374 1137 1421 peccaui
1177 1374 1273 1420 illi,
1310 1385 1462 1421 usque
1500 1373 1603 1411 duni
1645 1372 1900 1411 iustificet

387 1453 581 1480 causam
617 1454 762 1480 meam
798 1444 844 1480 et
879 1443 1039 1488 faciat,
1070 1442 1321 1481 iustitiam
1358 1444 1404 1480 et
1440 1442 1677 1480 iudicium
1713 1444 1759 1480 et
1795 1454 1898 1489 pro-

389 1512 533 1549 ducat
562 1522 629 1549 me
667 1513 723 1549 ad
750 1512 915 1550 lucem.
954 1512 1128 1550 uidebo
1160 1512 1413 1549 iustitiam
1445 1511 1589 1549 illius
1627 1513 1672 1549 et
1705 1511 1899 1550 uidebit

387 1589 453 1616 me
493 1578 695 1617 inimica
734 1590 832 1617 mea
873 1581 919 1616 et
959 1579 1210 1627 cooperiet
1253 1590 1301 1616 se
1341 1578 1641 1617 confusione.

321 1648 372 1686 13
445 1647 538 1694 Oro,
584 1659 658 1686 non
698 1647 846 1695 legisti:
890 1648 1047 1686 nolite
1093 1647 1327 1696 gloriari,
1364 1649 1417 1701 vet
1457 1647 1615 1685 nolite
1650 1647 1787 1695 loqui
1821 1659 1943 1689 ex-2o

389 1716 534 1763 celsa,
572 1718 618 1754 et
647 1728 701 1754 ne
733 1718 873 1755 exeat
904 1717 1334 1765 magniloquentia
1364 1728 1418 1754 ex
1449 1728 1527 1755 ore
1562 1717 1753 1763 uestro,
1791 1728 1900 1764 quo-

390 1785 516 1823 niam
550 1785 705 1834 erigit
736 1798 758 1824 a
789 1787 924 1824 terra
954 1797 1214 1834 pauperem
1246 1787 1293 1823 et
1325 1786 1380 1824 ab
1402 1785 1707 1833 sterquilino
1744 1785 1902 1834 erigit

390 1854 580 1902 inopem
621 1856 668 1892 et
710 1856 880 1893 sedere
922 1854 1047 1893 facit
1088 1866 1189 1892 eum
1224 1866 1324 1892 eum
1364 1854 1655 1902 potentibus
1701 1855 1899 1903 populi?

389 1935 463 1961 non
484 1923 636 1972 legisti:
669 1925 720 1962 tu
755 1924 835 1972 qui
864 1924 967 1961 stas
997 1923 1105 1962 uide
1127 1935 1182 1962 ne
1205 1924 1377 1962 cadas?
1410 1935 1485 1961 non
1506 1923 1658 1971 legisti:
1681 1924 1899 1971 quiaDo-

392 1992 550 2030 minus
605 1993 835 2041 superbis
891 1992 1237 2040 contrasistit,
1294 1992 1569 2030 humilibus
1618 1994 1776 2030 autem
1816 1993 1943 2032 dat25

389 2062 631 2109 gratiam?
675 2073 750 2100 non
774 2061 924 2110 legisti:
966 2062 1047 2109 qui
1084 2073 1132 2100 se
1169 2061 1374 2099 extollit
1404 2060 1786 2100 humiliabitur?
1825 2074 1899 2100 non

480 2231 502 2266 5
526 2231 589 2267 Ex.
616 2231 649 2272 9,
673 2231 729 2266 28.
835 2232 857 2266 9
881 2231 981 2266 Rom.
1010 2231 1063 2274 14,
1088 2231 1120 2265 4.
1230 2230 1276 2264 13
1299 2230 1408 2264 Mich.
1433 2230 1465 2272 8,
1492 2231 1524 2264 8.
1551 2230 1604 2264 10.
1699 2230 1745 2264 20
1768 2229 1787 2264 Ι
1811 2230 1897 2274 Reg.

388 2289 420 2330 2,
447 2289 480 2323 3.
505 2289 537 2323 8.
678 2289 724 2324 24
746 2289 765 2323 I
790 2288 868 2324 Cor.
896 2289 949 2330 10,
978 2288 1032 2323 12.
1080 2288 1098 2322 Ι
1124 2287 1216 2322 Petr.
1243 2288 1275 2329 5,
1301 2288 1333 2329 5,
1475 2288 1520 2322 26
1543 2287 1676 2322 Matth.
1700 2287 1756 2330 23,
1783 2287 1837 2322 12.

481 2449 498 2482 1
526 2449 701 2483 nineuitis
727 2448 874 2483 allofilis
899 2449 942 2483 K
1092 2448 1201 2493 longo
1228 2449 1271 2483 K
1406 2448 1554 2492 domini]
1580 2447 1787 2482 hominibus
1812 2447 1855 2482 K

387 2506 409 2540 3
434 2506 712 2541 misericordiam
738 2507 781 2541 K
868 2507 891 2541 4
916 2506 1054 2551 quando
1078 2506 1126 2548 K,
1153 2507 1330 2551 quondam
1355 2517 1375 2541 v
1469 2507 1489 2541 6
1515 2505 1794 2540 incontinentiae
1813 2505 1856 2540 K

386 2565 408 2598 9
433 2565 469 2599 te
493 2575 560 2599 om.
586 2576 606 2599 v
830 2566 910 2609 quis
935 2565 991 2606 K,
1018 2565 1079 2608 qui
1104 2575 1125 2599 v
1348 2564 1483 2599 iudicas
1509 2575 1554 2598 em
1578 2563 1666 2598 dicis
1692 2564 1735 2598 K
1755 2575 1800 2598 m.
1825 2565 1851 2598 2

389 2622 433 2656 10
457 2622 559 2657 cadet
583 2623 638 2657 K¹
750 2623 792 2657 11
817 2623 923 2657 illum
948 2623 996 2663 K,
1023 2632 1103 2656 eum
1128 2634 1148 2657 v
1259 2622 1305 2659 12
1332 2621 1521 2657 earundem
1546 2613 1590 2656 K
1693 2622 1807 2656 amica
1830 2632 1850 2656 v

388 2679 432 2713 16
456 2680 556 2714 illius
582 2690 671 2724 quae
694 2679 778 2714 dum
796 2680 839 2714 K
928 2680 970 2714 17
996 2679 1168 2714 iudicium
1193 2681 1228 2714 et
1251 2680 1431 2714 iustitiam
1456 2691 1477 2715 υ
1571 2678 1616 2712 22
1642 2680 1678 2713 et
1702 2679 1759 2724 ab]
1785 2689 1806 2713 a
1830 2690 1851 2714 v

387 2737 578 2771 sterculino
604 2737 659 2771 K¹
798 2737 843 2771 23
867 2748 946 2771 eum
970 2736 1059 2771 facit
1075 2747 1095 2771 v
1235 2737 1280 2771 24
1304 2748 1373 2771 non
1398 2737 1521 2781 legisti
1539 2763 1546 2771 .
1568 2762 1575 2770 .
1596 2763 1603 2771 .
1623 2736 1726 2771 cadas
1744 2747 1809 2771 om.
1829 2748 1850 2772 v

386 2793 432 2828 25
457 2794 618 2838 superbis
643 2794 686 2829 K
706 2805 732 2829 s.
759 2795 781 2829 l.
806 2806 852 2829 m.
877 2796 903 2829 2
1057 2794 1280 2829 contrasistit
1305 2794 1354 2838 K,
1378 2793 1517 2828 resistit
1541 2805 1577 2836 υς
1604 2794 1650 2836 cf.
1674 2794 1789 2829 Prou.
1815 2796 1895 2836 3,15

342 2856 345 2859 ’
386 2851 428 2885 in
452 2851 528 2887 cod.
559 2851 713 2887 Vindob.
739 2863 776 2886 n.
801 2853 871 2887 954
1008 2851 1053 2886 26
1076 2851 1216 2885 extollit
1241 2851 1290 2893 K,
1316 2851 1450 2886 exaltat
1474 2862 1495 2886 v
