2032 3248
755 173 883 207 Liber
914 173 992 208 vn.
1527 179 1610 220 ‘245

127 286 367 329 inminentia
405 286 598 327 fortuitis.
646 298 723 327 non
756 288 943 341 exiguam
983 300 1120 329 curam
1158 289 1268 330 locus
1301 290 1376 331 iste
1408 290 1610 331 desiderat

126 368 196 398 nec
226 355 332 408 quod
362 354 511 395 dicitur
542 354 660 396 facile
693 356 779 396 tam
811 358 1047 397 consuetum
1071 358 1132 397 est
1154 358 1220 398 uel
1243 358 1375 399 audiri
1397 358 1463 399 uel
1486 359 1608 400 credi.

126 423 334 466 aduolabit
372 423 479 465 enim
517 423 707 465 continuo
748 424 959 465 uniuersus
990 425 1060 466 ille
1092 425 1419 466 doctissimorum
1451 427 1607 475 chorus,

126 493 194 546 qui
239 492 478 533 adseuerans
521 492 560 533 et
599 492 846 544 conprobans
884 491 888 546 Ι
924 493 1005 533 fato
1052 493 1135 533 fieri
1184 506 1458 546 quaecumque
1505 495 1726 536 fiunts.139

99 577 112 601 ⁵
127 561 270 613 eripiat
300 559 415 602 nobis
447 572 467 600 e
489 560 678 601 manibus
701 560 931 612 opinionem
953 561 1075 602 istam
1096 563 1138 602 et
1160 561 1347 603 inanibus
1372 574 1443 603 nos
1465 564 1610 616 arguat

125 627 453 683 persuasionibus
485 628 620 669 fidere.
654 628 848 681 quicquid
879 629 920 669 in
952 629 1115 678 mundo,
1151 630 1318 683 inquiet,
1350 632 1513 684 gestum
1537 632 1608 681 est,

126 698 281 752 geritur
312 698 351 737 et
381 698 566 750 geretur,
607 697 706 737 olim
738 697 951 738 definitum
983 698 1023 739 et
1054 699 1177 739 fixum
1209 700 1269 739 est
1299 699 1499 751 habetque
1533 699 1610 739 im-

126 766 296 807 mobiles
327 777 480 814 causas,
513 777 582 817 per
612 777 712 816 quas
744 765 827 805 sint
858 765 936 807 sibi
965 778 1027 806 res
1050 779 1170 807 nexae
1192 768 1232 807 et
1253 767 1610 820 inexpugnabilem

126 834 338 876 conserant
379 833 690 886 praeteritorum
731 846 823 874 cum
868 834 1176 875 imminentibus
1224 836 1525 876 necessitatem.
1577 835 1610 875 si

83 903 338 944 iodefinitum
369 902 409 942 et
439 901 563 941 fixum
605 902 686 944 est.
735 902 831 953 quid
869 902 1078 955 optingere
1117 902 1289 956 singulis
1329 903 1428 944 mali
1468 903 1611 944 debeat

125 971 270 1014 boniue
300 971 383 1011 iam
421 970 576 1011 certum
609 971 680 1010 est.
729 970 834 1022 quod
866 969 899 1010 si
932 973 1086 1011 certum
1119 971 1181 1011 est
1212 974 1250 1011 et
1282 971 1423 1018 fixum,
1464 972 1610 1012 uacant

125 1039 260 1081 omnia
290 1039 457 1080 deorum
489 1037 653 1088 auxilia,
686 1039 831 1079 uacant
862 1038 972 1088 odia,
1021 1042 1163 1080 uacant
1195 1039 1478 1093 benignitates.
1526 1042 1611 1079 tam

125 1108 231 1149 enim
270 1107 472 1159 praestare
514 1118 591 1146 non
640 1106 807 1158 possunt
848 1105 887 1146 id
926 1106 1030 1158 quod
1071 1119 1148 1147 non
1189 1108 1322 1158 potest
1360 1107 1444 1147 fieri
1490 1119 1608 1158 quam

124 1175 335 1229 prohibere
390 1187 438 1215 ne
476 1174 547 1214 fiat
586 1174 625 1214 id
665 1174 771 1226 quod
811 1186 969 1215 necesse
1016 1175 1077 1215 est
1115 1175 1286 1215 euenire.
1332 1177 1357 1226 ἢ
1390 1175 1468 1215 nisi
1508 1174 1612 1227 quod

81 1243 301 1288 15ualidius
347 1255 527 1296 premere
573 1242 801 1294 opinionem
848 1243 982 1288 istam,
1023 1243 1057 1283 si
1088 1242 1302 1291 noluerint,
1349 1243 1533 1295 quibunt,
1568 1245 1612 1284 ut

125 1313 246 1354 etiam
278 1313 385 1364 ipsos
417 1311 509 1353 deos
546 1311 696 1351 frustra
732 1311 868 1351 dicant
900 1324 921 1351 a
953 1311 1066 1351 uobis
1105 1311 1182 1351 coli
1220 1311 1260 1351 ot
1305 1311 1612 1363 superuacaneis

126 1380 490 1434 supplicationibus
532 1379 701 1421 adorari.
753 1392 846 1420 011111
892 1379 1000 1419 0111111
1038 1379 1220 1419 ordinem
1265 1380 1420 1419 uertere
1466 1380 1506 1419 et
1551 1379 1612 1420 fa-

126 1450 226 1491 talia
266 1449 467 1501 nequeant
509 1447 735 1489 constituta
775 1447 945 1496 mutare,
979 1447 1076 1499 quid
1118 1446 1196 1495 rei,
1237 1446 1333 1498 quid
1375 1458 1513 1487 causae
1553 1450 1613 1486 est

126 1518 297 1571 fatigare
350 1518 389 1558 et
441 1516 662 1558 obtundere
713 1526 850 1556 eorum
901 1527 1016 1556 aures
1066 1515 1171 1555 uelle
1230 1527 1399 1567 quorum
1450 1514 1612 1555 auxiliis

81 1598 297 1638 20nequeas
339 1584 537 1637 supremis
578 1584 620 1624 in
660 1583 971 1624 necessitatibus
1013 1583 1163 1624 fidere?
1213 1584 1414 1635 postremo
1454 1584 1486 1623 si
1518 1583 1673 1625 tris-ll

126 1654 184 1695 tia
229 1656 350 1706 atque
388 1654 605 1705 inportuna
642 1652 700 1692 dii
738 1651 917 1704 pellunt,
959 1652 993 1692 si
1032 1664 1078 1692 ea
1130 1663 1231 1703 quae
1271 1652 1366 1692 sunt
1403 1651 1510 1692 laeta
1550 1651 1613 1692 at-

126 1734 201 1775 que
239 1722 371 1763 amica
418 1721 668 1773 largiuntur:
714 1720 820 1761 unde
863 1722 960 1761 sunt
1000 1720 1150 1761 mundo
1196 1720 1299 1761 tanti
1340 1720 1504 1771 tamque
1549 1719 1612 1759 in-

126 1791 395 1832 numerabiles
430 1791 589 1841 miseri,
630 1790 734 1831 unde
776 1791 837 1830 tot
868 1789 1051 1830 infelices
1082 1787 1376 1829 lacrimabilem
1410 1788 1539 1827 uitam
1571 1786 1611 1827 in

125 1860 304 1901 extrema
325 1860 430 1900 sorte
452 1859 675 1901 ducentes?
709 1872 779 1899 cur
810 1858 1010 1899 immunes
1032 1871 1054 1898 a
1076 1856 1380 1897 calamitatibus
1411 1867 1487 1894 non
1518 1855 1613 1894 sunt

82 1945 112 1969 25
126 1928 193 1980 qui
233 1930 439 1969 momenta
480 1940 549 1981 per
590 1927 767 1980 singula,
822 1926 889 1978 qui
921 1938 990 1979 per
1031 1926 1179 1978 puncta
1209 1923 1415 1965 sacrificiis
1446 1924 1612 1963 onerant

126 1997 243 2048 atque
283 1996 547 2038 adcumulant
588 1999 706 2037 aras?
756 2007 884 2036 nonne
926 1994 1045 2043 alios,
1088 1993 1298 2045 inquiunt,
1341 1991 1524 2032 uidemus
1566 2002 1610 2031 ex

126 2063 209 2104 illis
248 2065 455 2106 domicilia
493 2077 577 2105 esse
611 2064 864 2112 morborum,
905 2061 1093 2102 extinctis
1133 2060 1356 2100 luminibus
1388 2060 1507 2110 atque
1539 2070 1611 2098 au-

126 2131 238 2174 ribus
269 2133 482 2184 obseratis,
515 2133 663 2186 pedum
694 2144 825 2173 carere
862 2142 1071 2183 processu,
1105 2131 1267 2169 truncos
1304 2128 1388 2168 sine
1426 2126 1610 2167 manibus

128 2200 287 2255 degere,
339 2202 555 2250 incendiis,
603 2200 829 2253 naufragiis
870 2200 910 2239 et
948 2198 1076 2238 ruinis
1125 2196 1252 2250 mergi
1298 2195 1411 2236 obrui
1460 2194 1611 2242 confici,

83 2269 380 2321 ³0patrimoniis
417 2270 421 2323 Ι
458 2270 506 2310 ab
547 2269 783 2322 ingentibus
825 2267 1006 2308 euolutos
1046 2264 1318 2306 mercennario
1359 2274 1441 2304 sese
1474 2262 1748 2304 lab01·ef.139b

171 2427 192 2460 3
228 2427 410 2461 aduolabit
444 2427 533 2461 Sub:
572 2426 756 2460 aduolauit
783 2425 816 2458 1³
998 2424 1019 2456 5
1057 2423 1154 2456 uobis
1190 2421 1367 2455 canterus
1551 2428 1611 2451 1105

129 2484 304 2518 canterm-
443 2486 463 2517 (5
488 2483 659 2527 quidquid
686 2483 721 2516 P
743 2492 824 2515 corr
961 2481 979 2513 7
1008 2479 1203 2522 habetquae
1229 2479 1261 2510 Ι)
1276 2488 1356 2511 corr
1494 2477 1515 2509 8
1541 2475 1613 2507 sint

127 2540 195 2573 sibi
226 2542 376 2584 scripsi.-
418 2541 486 2574 sibi
520 2541 554 2574 P
595 2539 663 2572 sibi
696 2539 770 2571 sint
804 2536 1092 2571 llz'ldcbramlz'ns
1289 2536 1323 2566 et
1360 2543 1414 2566 om
1457 2532 1523 2566 Gel

130 2597 171 2630 14
196 2597 262 2631 nisi
288 2598 390 2641 quod]
416 2598 581 2641 yrazcitcr
603 2596 836 2639 perturbatus
861 2594 1008 2627 uidetur
1034 2603 1103 2626 esse
1128 2592 1183 2625 hic
1207 2592 1304 2625 locus
1452 2589 1493 2621 15
1520 2598 1613 2631 prae-

128 2663 216 2687 mere
243 2655 275 2687 Γ
408 2654 587 2688 noluerint
614 2653 684 2686 Sub
824 2652 865 2684 16
891 2649 1177 2693 superuacuam-is
1196 2648 1230 2680 1¹
1243 2657 1323 2682 corr
1341 2657 1359 2679 r
1493 2645 1534 2678 17
1561 2656 1614 2678 or-

126 2710 257 2744 dimem
277 2712 309 2744 P
446 2712 488 2744 29
514 2710 611 2743 obrui
631 2709 742 2751 mergi
759 2708 972 2742 Steweclcius
1110 2706 1153 2738 30
1179 2703 1415 2738 mercennario
1433 2713 1504 2736 sese
1523 2702 1613 2735 Sub.-

129 2781 376 2814 mercennarios
405 2771 441 2813 ee
467 2780 499 2811 P
