2032 3248
381 226 467 269 304
1014 224 1254 268 Appendix.

634 332 735 369 Vera
757 331 847 379 quid
868 343 890 369 a
911 330 1036 378 falsis,
1061 330 1151 379 quid
1172 331 1219 369 ab
1240 331 1383 369 umbris
1405 332 1548 370 lumina
1569 333 1726 371 distant.

635 399 908 448 Philosophum
928 399 1051 447 fingis,
1075 411 1157 437 cum
1178 401 1216 438 te
1237 400 1423 438 sententia
1447 402 1586 439 mutet:

636 469 735 507 Nam
755 468 827 507 tibi
848 469 881 506 si
902 469 1136 507 stomachum
1156 469 1350 516 popularis
1370 469 1532 507 mouerit
1553 470 1621 517 ira,

554 539 608 577 50
640 539 689 575 Et
710 539 873 575 Iudaeus
895 537 969 576 eris
989 539 1167 585 totusque
1189 537 1355 576 incertus
1378 538 1542 576 haberis.

638 607 797 654 Indulge
820 606 945 653 dictis,
968 606 1154 654 sapientia
1175 618 1249 645 non
1269 607 1392 654 placet
1413 607 1504 645 alta.

638 676 755 714 Omne
777 676 876 724 quod
897 676 956 713 est
977 675 1133 713 nimium
1154 677 1285 714 contra
1306 676 1426 714 cadit:
1449 689 1571 714 unum
1592 678 1799 725 operantur

638 745 689 782 Et
711 745 812 784 calor
833 746 870 783 et
891 745 1033 792 frigus:
1057 744 1111 783 sic
1131 745 1214 792 hoc,
1238 745 1292 782 sic
1313 745 1410 783 illud
1430 745 1568 784 adurit.

637 815 697 852 Sic
718 814 896 853 tenebrae
918 814 1055 861 uisum,
1081 815 1134 852 sic
1157 814 1213 852 sol
1235 813 1448 853 contrarius
1470 815 1607 862 aufert,

554 884 606 921 55
638 883 688 922 Et
708 884 851 932 pariter
872 883 1027 921 laedunt
1048 883 1216 932 gelidum
1238 884 1466 932 feruensque
1488 884 1702 923 lauacrum:

641 953 740 991 Esca
760 953 875 991 alitur
895 963 1041 1000 corpus,
1067 964 1201 1000 corpus
1223 953 1475 1001 corrumpitur
1497 964 1596 1000 esca,

642 1021 802 1070 Vimque
825 1033 929 1059 suam
950 1021 1101 1069 minuit,
1124 1022 1157 1060 si
1179 1022 1269 1070 quid
1289 1022 1529 1070 protenditur
1549 1023 1663 1061 ultra.

644 1091 813 1139 Denique
834 1091 867 1130 si
891 1091 1034 1137 sedeas,
1056 1090 1206 1138 requies
1228 1091 1286 1129 est
1305 1102 1443 1138 magna
1459 1091 1624 1129 laboris:

644 1161 683 1198 Si
703 1160 864 1198 multum
886 1161 1031 1207 sedeas,
1054 1160 1161 1198 labor
1181 1160 1252 1198 est.
1276 1160 1380 1198 Maro
1403 1171 1563 1207 namque
1584 1162 1696 1208 poeta

558 1229 611 1268 60
641 1229 713 1267 Pro
734 1241 854 1277 poena
873 1229 1019 1277 posuit:
1050 1220 1204 1267 ‘sedet
1234 1230 1577 1276 aeternumque
1617 1229 1809 1268 sedebit

642 1299 827 1336 Infelix
857 1289 1096 1337 'Theseus’
1119 1309 1266 1346 semper
1285 1299 1394 1336 nocet
1415 1299 1509 1336 utile
1530 1299 1708 1346 longum:

641 1368 807 1406 Prandia
827 1367 941 1415 longa
961 1369 1110 1414 nocent,
1133 1367 1274 1405 ieiunia
1294 1367 1409 1416 longa
1425 1367 1602 1415 fatigant.

644 1437 704 1475 Sic
724 1436 881 1474 nimium
903 1447 1034 1484 sapere
1057 1436 1217 1474 stultum
1238 1437 1342 1474 facit.
1371 1431 1557 1483 ‘improba
1582 1438 1699 1484 secta,

648 1506 710 1543 Me
733 1506 802 1543 dea
823 1505 877 1543 sic
899 1505 1039 1552 docuit,
1062 1506 1301 1544 moderamen
1321 1505 1483 1543 amabile
1505 1495 1628 1543 dixit',

567 1575 619 1613 65
652 1575 724 1613 Sed
743 1576 786 1612 tu
806 1586 873 1613 nec
895 1576 1035 1613 sectam
1056 1575 1163 1613 modo
1185 1586 1253 1612 nec
1273 1574 1528 1612 moderamina
1550 1586 1669 1612 curas.

649 1645 757 1682 Mens
778 1646 905 1682 autem
927 1643 1078 1682 stabilis
1099 1644 1203 1682 nullo
1223 1644 1457 1691 peruertitur
1479 1645 1587 1682 aestu

648 1715 810 1762 Ipsaque
831 1713 1054 1761 simplicitas
1075 1725 1279 1761 numquam
1308 1714 1407 1752 mala
1429 1713 1574 1761 cogitat
1596 1712 1685 1751 ulla.

647 1783 748 1821 Hinc
769 1782 914 1821 sincera
935 1782 1026 1820 fides
1049 1783 1203 1820 aeterna
1224 1783 1311 1820 sede
1333 1782 1493 1830 fruetur,

647 1853 697 1890 Et
719 1853 825 1891 dolus
848 1863 867 1889 e
890 1853 1020 1890 contra
1036 1852 1149 1900 longo
1172 1851 1400 1890 cruciabitur
1422 1852 1514 1900 igni.

563 1923 616 1960 70
645 1922 754 1971 Elige
777 1922 866 1970 quid
886 1921 996 1969 uelis,
1018 1923 1061 1960 ut
1083 1922 1198 1970 digna
1218 1921 1368 1970 piacula
1388 1922 1499 1960 uites

650 1991 709 2029 Sic
729 1992 856 2029 tamen
875 1991 972 2028 hanc
993 1990 1143 2029 ueniam
1164 1991 1351 2029 mereatur
1370 1990 1533 2028 creditor
1553 1990 1719 2038 inquam.

646 2057 701 2099 Vt
722 2060 807 2098 leue
828 2059 968 2098 crimen
989 2060 1073 2107 erit,
1096 2059 1129 2098 si
1149 2059 1248 2098 nolis
1269 2071 1420 2098 noscere
1438 2072 1547 2097 uera:

647 2130 734 2167 Non
754 2129 836 2167 leue
858 2129 997 2167 crimen
1019 2129 1105 2175 erit,
1128 2129 1160 2167 si
1181 2128 1333 2176 cognita
1353 2140 1443 2166 uera
1464 2128 1669 2176 relinquas

651 2198 723 2237 Sed
743 2199 781 2236 te
803 2199 1010 2237 correctum
1031 2198 1161 2236 forsan
1182 2199 1330 2235 matura
1351 2199 1524 2235 senectus

566 2268 618 2306 75
648 2269 694 2306 In
715 2267 850 2305 melius
871 2268 1022 2305 reuocat
1043 2267 1225 2305 satiatum
1247 2266 1435 2304 erroribus
1458 2265 1561 2303 istis:

651 2412 695 2447 60
719 2412 897 2457 Vergilius
921 2411 1005 2446 Aen.
1030 2411 1081 2445 VI
1107 2411 1184 2445 617.

490 2549 533 2583 47
559 2560 579 2582 a
604 2559 647 2583 eac
671 2548 715 2583 ad
739 2549 779 2583 F
797 2559 842 2582 m.
868 2551 891 2584 2
983 2548 1119 2582 distent
1143 2559 1162 2582 v
1254 2549 1299 2583 48
1323 2548 1581 2593 phylosophum
1607 2559 1699 2583 corr.
1724 2549 1765 2583 in
1788 2551 1893 2593 teque

403 2606 551 2651 sophum
575 2604 615 2638 F
635 2617 679 2640 m.
704 2608 730 2641 2
851 2606 896 2640 49
922 2606 1118 2640 stomacum
1142 2606 1188 2640 Η
1305 2606 1356 2640 ira
1380 2606 1465 2647 FH,
1493 2616 1577 2639 aura
1600 2616 1621 2640 v
1743 2606 1788 2640 50
1812 2616 1892 2650 sup.

401 2665 534 2707 totusq.
560 2673 626 2698 scr.
653 2664 702 2698 sic
727 2663 831 2708 plane
855 2663 894 2697 F
915 2674 958 2698 m.
986 2665 1008 2698 2
1146 2663 1259 2697 aberis
1283 2663 1346 2706 F¹‚
1371 2662 1509 2697 aberres
1533 2662 1619 2704 fort.
1759 2664 1806 2700 54
1831 2675 1894 2697 au-

400 2720 474 2755 fret
496 2721 542 2755 H
695 2721 740 2755 55
764 2720 934 2765 gelidum]
961 2720 1121 2764 tepidum
1145 2721 1194 2762 H,
1221 2720 1390 2764 tepudum
1415 2720 1454 2753 F
1610 2720 1655 2755 58
1679 2722 1815 2765 requies
1840 2723 1892 2754 est

402 2789 449 2813 ex
471 2777 646 2821 requiesse
671 2778 710 2812 F
730 2789 774 2812 m.
800 2779 826 2812 2
1056 2777 1102 2811 60
1125 2777 1261 2812 sedebit
1285 2777 1338 2819 F3
1370 2777 1509 2821 reliqua
1542 2777 1671 2813 desunt
1707 2779 1747 2813 in
1771 2777 1851 2812 ΕΗ

403 2836 446 2869 71
472 2835 628 2879 inquam]
655 2846 846 2879 numquam
871 2835 958 2877 fort.

2023 2877 2029 2900 -
2024 2693 2032 2874 .——.—......,
