2032 3248
755 250 884 284 Liber
917 250 996 284 Vll.
1537 256 1615 297 257

126 364 241 406 cendi
274 365 475 417 posituros
508 366 686 407 mentem
718 364 883 419 fierique
916 379 962 407 ex
995 366 1068 408 hoe
1101 367 1244 408 bonos:
1285 368 1406 420 atque
1438 368 1496 409 ita
1528 381 1618 422 per-

126 432 289 473 ducitur
330 445 392 474 res
432 444 476 475 eo
515 434 560 474 ut
598 446 725 486 neque
756 434 799 475 hi
832 433 985 475 dexteri
1029 446 1156 487 neque
1188 435 1250 476 illi
1283 436 1365 476 siut
1397 436 1502 478 laeui
1535 439 1617 479 aut.

127 501 233 554 quod
264 501 350 543 fieri
382 513 460 543 non
483 503 629 555 potest,
663 503 824 556 utrique
845 503 922 556 ipsi
945 503 1026 544 sint
1048 504 1201 545 dexteri
1224 505 1264 545 et
1287 504 1448 557 utrique
1472 506 1618 546 iterum

127 569 246 610 laeui.
294 569 398 620 esto,
441 571 683 613 concedatur
713 571 1016 613 infelicissimas
1055 572 1224 624 pecudes
1256 584 1333 613 non
1363 573 1447 614 sine
1479 573 1613 626 aliquo
1629 578 1679 618 24

99 638 340 692 areligionis
373 638 504 680 officio
535 639 725 681 diuorum
758 642 862 692 apud
894 640 1048 692 templa
1080 641 1249 681 mactari
1282 644 1320 682 et
1351 641 1455 693 quod
1477 654 1522 682 ex
1545 654 1617 683 usu

129 706 432 748 consuetudinis
478 707 633 749 factum
681 709 742 749 est
786 708 954 750 rationis
1006 708 1180 749 alicuius
1229 721 1393 750 causam
1439 710 1618 762 aliquam

130 775 350 816 continere:
397 775 465 816 sed
497 776 531 816 si
564 776 826 830 magnificum
858 776 1022 817 uidetur
1054 778 1176 829 atque
1218 777 1400 830 amplum
1432 778 1616 832 iugulare

130 842 208 884 diis
240 845 388 894 tauros,
421 844 454 885 si
486 844 679 894 inlibata,
721 844 755 886 si
787 844 920 885 solida
951 846 1199 887 concremari
1231 846 1503 887 animantium
1535 848 1618 888 uis-

130 924 233 957 cera.
268 912 366 965 quid
397 912 474 954 sibi
505 913 659 965 reliqua
691 913 788 954 haec
819 912 964 954 uolunt
1001 925 1214 967 magorum
1247 914 1504 956 cohaerentia
1536 915 1619 957 dis-

83 980 306 1034 iociplinis‚
340 993 441 1033 quae
472 981 512 1022 in
544 993 750 1022 sacrorum
788 981 1006 1023 reconditis
1047 982 1207 1035 legibus
1240 982 1487 1035 pontificalia
1509 985 1535 1032 ἢ
1558 995 1619 1024 re-

130 1050 298 1091 stituere
334 1050 527 1104 mysteria
566 1051 607 1091 et
646 1049 766 1091 rebus
805 1050 1007 1091 inseruere
1049 1051 1229 1092 diuinis?
1276 1051 1390 1103 quid,
1439 1051 1618 1104 inquam.

129 1118 207 1159 sibi
254 1119 352 1160 haec
398 1119 562 1160 uolunt:
613 1130 832 1171 apexaones
876 1118 1027 1160 hirciae
1058 1119 1263 1160 silicernia
1294 1119 1488 1174 longaui‘?
1520 1132 1620 1172 quae

130 1187 225 1228 sunt
263 1187 427 1228 nomina
464 1187 505 1228 et
543 1186 803 1228 farciminum
842 1199 1011 1241 genera,
1059 1187 1246 1240 hirquino
1284 1188 1365 1229 alia
1403 1189 1610 1242 sanguine.

130 1256 391 1297 comminutis
436 1256 518 1297 alia
567 1256 771 1297 inculcata
816 1255 1089 1308 pulmonibus.
1129 1255 1132 1310 Ι
1169 1256 1266 1309 quid
1311 1256 1468 1306 taedae,
1517 1256 1639 1309 quida
1659 1269 1739 1301 146⁶

85 1325 290 1374 1⁵neniae,
334 1324 432 1378 quid
463 1324 560 1366 offae
601 1337 679 1366 non
710 1324 826 1378 uulgi
866 1325 930 1366 set
958 1324 1105 1376 quibus
1133 1325 1194 1365 est
1215 1335 1360 1366 nomen
1381 1324 1622 1378 appellatio—

130 1405 206 1444 que
237 1393 431 1446 penitae?
478 1406 524 1434 ex
555 1393 702 1446 quibus
734 1393 839 1446 quod
870 1392 1051 1446 primum
1084 1393 1167 1442 est,
1212 1392 1251 1433 in
1285 1393 1448 1446 exiguas
1480 1393 1621 1434 aruina

131 1462 191 1502 est
229 1461 400 1503 miculas
439 1461 739 1502 catillaminum
778 1461 933 1502 insecta
971 1460 1018 1501 de
1059 1472 1191 1509 more,
1236 1460 1342 1513 quod
1380 1461 1420 1502 in
1452 1462 1624 1502 seeundo

131 1530 257 1572 situm
296 1530 377 1580 est,
417 1530 605 1571 intestini
645 1532 704 1571 est
742 1529 958 1583 permotio,
999 1540 1069 1581 per
1100 1541 1223 1581 quam
1254 1529 1458 1582 proluuies
1491 1529 1625 1570 editur

131 1598 239 1640 sucis
270 1599 540 1652 perexsiccata
571 1598 783 1640 uitalibus.
832 1598 911 1639 offa
943 1599 1080 1638 autem
1111 1598 1248 1651 penita
1280 1599 1341 1638 est
1374 1609 1466 1639 eum
1497 1598 1624 1650 parti-

85 1682 117 1707 ρο
131 1669 221 1709 cula
263 1667 432 1709 uisceris
477 1668 605 1709 cauda
650 1667 805 1721 pecoris
850 1667 1075 1720 amputata.
1124 1666 1221 1719 quid
1262 1665 1478 1719 polimina,
1527 1666 1623 1719 quid

131 1737 312 1785 omenta,
357 1735 455 1789 quid
492 1737 655 1789 palasea
694 1735 781 1777 siue
828 1736 875 1776 ut
914 1735 1078 1788 quidam
1125 1734 1413 1788 cognominant
1458 1734 1625 1787 plasea?

132 1817 176 1845 ex
198 1805 347 1858 quibus
370 1805 431 1846 est
452 1805 662 1846 omentum
685 1816 777 1858 pars
799 1803 1010 1857 quaedam,
1044 1815 1122 1855 qua
1143 1803 1396 1856 receptacula
1418 1803 1624 1844 uentrium

133 1873 412 1914 circumretita
443 1873 663 1922 finiuntur,
703 1871 820 1913 bouis
852 1871 978 1913 cauda
1009 1873 1070 1912 est
1101 1870 1236 1923 plasea
1267 1871 1429 1924 siligine
1461 1874 1500 1912 et
1531 1883 1622 1912 san-

132 1941 254 1996 guine
287 1941 490 1991 delibuta,
531 1941 729 1994 polimina
760 1952 876 1994 porro
909 1942 1004 1981 sunt
1035 1952 1079 1980 ea
1111 1951 1211 1992 quae
1244 1951 1313 1981 nos
1346 1939 1477 1992 proles
1509 1951 1621 1980 uere-

179 2112 199 2145 2
224 2122 279 2145 eo*
305 2112 339 2146 P
485 2112 505 2145 9
531 2111 731 2145 coherentia
758 2110 792 2143 P
941 2110 982 2144 10
1008 2109 1192 2144 instituere
1226 2109 1242 2143 Ζ)
1389 2109 1427 2142 11
1456 2109 1626 2142 inseruew²

135 2168 226 2203 Sub.-
265 2168 432 2202 inseruire
457 2168 491 2202 P
643 2168 684 2200 12
718 2166 869 2210 apexabo
905 2166 975 2200 sab
1015 2166 1226 2210 apexabones
1252 2165 1538 2200 Ilihlebranclius

135 2225 274 2269 hirciae]
309 2225 426 2259 issicia
453 2224 525 2259 Sab
704 2223 848 2267 longaui
874 2223 993 2257 iS'aIm:
1028 2223 1192 2266 longaeui
1219 2223 1253 2256 P
1284 2223 1434 2266 longauo
1468 2222 1538 2256 Sub

136 2282 178 2315 13
203 2282 321 2316 omina
347 2283 382 2316 P
402 2292 481 2316 corr
642 2281 864 2315 farciminum
899 2280 989 2315 Sab:
1031 2280 1222 2313 facinorum
1249 2279 1283 2312 P
1442 2278 1510 2312 alia
1537 2278 1628 2312 Sub:

134 2338 222 2372 alias
247 2339 281 2372 P
466 2339 507 2372 14
540 2337 674 2382 tacdae]
701 2340 819 2372 tuceta
851 2337 913 2371 Gel
946 2337 1059 2370 taxiae
1086 2336 1284 2371 Salmasius
1309 2336 1356 2369 ad
1381 2336 1490 2369 Solc'n.
1519 2346 1555 2379 1).
1585 2338 1630 2369 90

136 2395 241 2429 codac
259 2396 443 2430 Meursius
583 2396 625 2430 15
642 2395 778 2429 taeniae
797 2394 965 2438 Scaliqer,
990 2393 1057 2428 Urs
1196 2393 1295 2436 uulgi
1315 2393 1372 2426 sed
1392 2392 1482 2427 Sab:
1509 2392 1629 2435 uulgis

135 2466 171 2498 et
197 2465 232 2498 P
369 2465 411 2498 16
437 2463 576 2508 penitae
604 2463 695 2498 Sab:
721 2458 878 2507 pentissae
904 2463 936 2494 P
1070 2461 1109 2494 17
1137 2460 1392 2495 catillaminum
1418 2460 1626 2494 Meursius:

137 2521 433 2555 cat*illaniinuam
462 2521 495 2555 P
529 2528 566 2554 at
591 2520 654 2553 illa
680 2520 846 2553 minutim
873 2519 942 2553 Sal)
1106 2518 1146 2551 18
1172 2517 1330 2551 intistini
1358 2517 1392 2551 P
1415 2527 1496 2551 corr
1522 2527 1539 2550 c

137 2580 190 2611 est
227 2578 397 2622 peri-ectio
434 2580 486 2611 est
520 2577 554 2611 P
578 2587 659 2610 corr
840 2575 1010 2619 porrectio
1046 2574 1116 2608 sab
1298 2573 1472 2617 prolubies
1509 2573 1542 2607 P

139 2635 181 2668 19
199 2638 359 2679 pereocta
376 2638 411 2669 et
428 2634 601 2668 exsiccata
623 2633 639 2667 ἓ
743 2632 884 2676 pennita
906 2633 939 2666 P
1043 2631 1087 2664 ⁸2⁴)
1104 2633 1273 2673 {inputata
1293 2631 1325 2664 P
1430 2631 1470 2663 :21
1491 2632 1628 2663 omenta

140 2692 230 2726 Sab:
268 2694 446 2726 momenta
479 2692 513 2726 P
687 2690 844 2733 palasaea
879 2689 912 2722 P
1081 2687 1197 2730 plasea
1228 2687 1310 2721 Gel:
1348 2687 1482 2730 plassea.
1509 2687 1542 2720 P

140 2749 182 2782 22
208 2759 244 2782 ex
271 2760 322 2782 om
356 2749 424 2783 Urs
563 2748 745 2781 omentum
770 2746 918 2789 scripsi:
944 2755 1066 2778 nomen
1094 2744 1225 2777 omenti
1253 2743 1286 2777 P
1311 2743 1439 2776 omenti
1474 2743 1539 2777 Urs

141 2815 209 2847 qua
234 2806 382 2848 scripsi:
413 2815 479 2849 qno
507 2805 541 2838 P
678 2803 720 2836 23
746 2802 846 2836 bouis
878 2801 961 2837 Gel:
994 2801 1091 2835 uobis
1118 2801 1152 2834 P
1288 2800 1330 2833 24
1355 2799 1514 2833 delibuta
1540 2798 1630 2832 Sab:

142 2860 298 2895 dilibuta
324 2862 358 2895 P

281 2930 341 2964 IV.
1456 2924 1496 2957 17
