2032 3248
377 291 431 331 80
1009 286 1249 331 Appendix.

378 393 477 441 quod
508 393 612 430 nulla
643 392 717 429 alia
747 393 891 431 ratione
923 393 1041 430 uitam
1063 394 1254 431 aeternam
1283 391 1343 429 his
1374 393 1636 438 praestaturus
1668 392 1780 438 esset,
1813 391 1886 429 nisi

378 461 541 510 primum
580 461 660 508 ipse
698 460 817 498 uitam
860 464 958 499 hanc
989 461 1237 509 temporalem
1269 472 1352 498 cum
1383 459 1451 497 illa
1481 460 1634 497 aeterna
1664 459 1703 496 111
1735 470 1773 497 se
1806 460 1886 507 ipse

378 529 648 568 continuasset.
682 530 841 577 denique
873 542 956 568 cum
980 532 1294 568 conuersarentur
1315 529 1354 566 in
1377 527 1545 566 Galilaea
1567 527 1662 565 dixit
1683 527 1736 565 eis
1758 528 1885 566 Iesus:

376 598 559 645 incipit
609 597 756 636 filius
807 598 1017 636 hominis
1068 598 1201 636 tradi
1247 598 1294 634 in
1340 608 1505 634 manus
1554 596 1797 635 hominum
1843 599 1887 634 et

380 666 693 704 interficient
724 679 836 714 eum,
870 668 914 704 et
945 669 1053 715 post
1084 667 1297 705 triduum
1327 667 1566 713 resurget.
1607 666 1644 703 et
1674 664 1915 703 contristati-7

378 737 467 774 sunt
490 735 613 781 nimis,
640 735 739 782 quia,
763 735 874 774 sicuti
892 736 1065 783 diximus,
1089 736 1199 783 longe
1219 736 1409 773 diuersum
1431 734 1537 781 prius
1553 733 1688 772 animis
1705 746 1748 772 ac
1765 736 1888 774 mente

381 806 641 852 conceperant.
675 804 836 852 denique
867 804 927 843 hic
958 804 1031 842 fuit
1053 805 1164 843 etiam
1189 805 1414 842 Iudaeorum
1436 814 1556 841 sermo
1578 803 1889 841 contradictionis

380 874 562 911 aduersus
584 884 681 920 eum,
715 885 797 911 cum
819 885 856 911 se
878 874 959 921 ipse
982 873 1134 921 quidem
1156 874 1306 911 doceret
1335 884 1398 911 eos
1421 874 1458 910 et
1479 872 1608 909 futura
1630 872 1887 921 annuntiaret,

378 941 437 979 illi
474 943 600 979 autem
636 941 830 980 dicerent:
873 954 961 980 nos
1004 942 1277 980 audiuimus
1309 953 1331 979 a
1359 941 1467 989 lege
1510 940 1622 988 quia
1662 940 1890 979 Christus

380 1012 536 1048 manet
567 1010 612 1047 in
644 1012 910 1049 aeternum:
955 1013 999 1048 et
1031 1012 1258 1058 quomodo
1290 1012 1340 1048 tu
1372 1010 1497 1048 dicis
1529 1010 1640 1058 quia
1673 1010 1936 1048 exaltariio

378 1081 575 1127 oportet
605 1079 623 1116 f
631 1079 767 1117 ilium
798 1080 1036 1118 hominis?
1069 1081 1198 1127 itaque
1232 1079 1306 1117 fuit
1336 1073 1606 1127 discipulorum
1638 1080 1768 1117 eadem
1797 1080 1891 1117 haec

379 1148 637 1196 praesumptio
668 1149 712 1186 de
745 1148 908 1195 Christo,
945 1151 1213 1197 prorumpente
1243 1149 1282 1186 in
1311 1149 1428 1186 istum
1451 1159 1658 1186 sermonem
1680 1147 1888 1186 incrudeli-

380 1217 473 1255 tatis
505 1228 594 1255 suae
616 1217 728 1255 Petro
749 1218 830 1264 ipso
853 1218 944 1256 duce
966 1229 1010 1255 ac
1034 1217 1203 1266 principe
1240 1217 1507 1264 apostolorum.
1543 1229 1626 1255 cum
1648 1216 1747 1255 enim
1770 1229 1793 1254 a
1813 1216 1890 1254 Do-

381 1287 482 1325 mino
505 1285 617 1324 simul
639 1297 722 1323 cum
755 1286 891 1324 ceteris
913 1285 1050 1325 fuisset
1072 1286 1328 1334 interrogatus
1350 1286 1529 1334 quidnam
1548 1285 1706 1323 sentiret
1728 1286 1773 1324 de
1794 1285 1890 1332 ipso,

380 1356 419 1393 id
439 1357 497 1394 est
519 1366 629 1403 quem
656 1366 736 1393 esse
759 1366 843 1392 eum
866 1354 1111 1403 existimaret,
1134 1357 1171 1394 et
1187 1355 1308 1403 primo
1325 1355 1526 1393 ueritatem
1545 1355 1738 1393 confessus
1755 1354 1892 1392 fuisset
1905 1366 1936 1390 15

384 1424 511 1462 dicens
534 1435 615 1463 esse
638 1435 722 1462 eum
744 1422 936 1461 Christum
965 1424 1087 1462 filium
1114 1423 1185 1462 Dei
1211 1424 1291 1462 uiui
1323 1426 1361 1461 et
1381 1426 1581 1472 propterea
1602 1424 1736 1461 beatus
1758 1424 1805 1461 ab
1827 1422 1892 1460 illo

382 1493 572 1531 iudicatus
595 1494 709 1539 esset,
734 1493 831 1539 quod
853 1493 923 1531 hoc
944 1504 1018 1530 non
1042 1493 1246 1531 carnaliter
1262 1494 1331 1530 sed
1359 1505 1426 1541 per
1446 1493 1567 1541 patris
1589 1492 1764 1531 caelestis
1785 1502 1892 1530 reue-

378 1562 561 1600 lationem
596 1561 798 1599 adsecutus
827 1563 939 1608 esset,
978 1561 1077 1600 idem
1108 1563 1247 1608 tamen,
1285 1562 1350 1600 ubi
1386 1561 1508 1609 coepit
1548 1561 1655 1599 Iesus
1694 1562 1892 1599 ostendere

380 1630 578 1679 discipulis
613 1630 692 1668 suis
725 1630 815 1678 quia
846 1631 1036 1678 oporteret
1066 1642 1150 1668 eum
1171 1630 1473 1679 Hierosolymam
1494 1630 1548 1667 ire
1570 1631 1608 1667 et
1628 1629 1749 1667 multa
1770 1629 1851 1677 pati
1871 1640 1894 1666 a

387 1700 598 1738 senioribus
628 1701 666 1737 et
687 1699 948 1738 sacerdotibus
979 1700 1016 1737 et
1039 1698 1174 1737 scribis
1196 1701 1235 1737 et
1267 1698 1429 1737 interfici
1450 1700 1488 1737 et
1508 1700 1594 1747 post
1616 1698 1714 1737 diem
1735 1698 1891 1736 tertium
1905 1712 1938 1736 tm

383 1780 593 1817 resurgere,
618 1768 865 1806 nihilominus
887 1767 953 1805 ille
975 1778 1088 1806 uerus
1110 1767 1253 1806 Christi
1282 1767 1473 1806 confessor
1502 1769 1589 1816 post
1610 1767 1790 1815 pauculos
1814 1766 1894 1804 dies

384 1838 578 1885 assumpto
610 1848 652 1875 eo
684 1837 808 1884 coepit
848 1837 956 1874 illum
998 1836 1185 1884 corripere
1218 1836 1367 1875 dicens:
1408 1836 1658 1884 propitius
1689 1836 1755 1873 sit
1785 1835 1891 1882 tibi,

381 1917 472 1945 non
503 1906 600 1944 erit
629 1905 775 1953 istud,
807 1905 862 1943 ita
897 1907 940 1943 ut
975 1907 1175 1953 propterea
1210 1906 1340 1944 audire
1369 1917 1391 1943 a
1412 1905 1571 1944 Domino
1602 1903 1890 1944 commeruerit:

380 1975 501 2013 uade
531 1976 641 2023 post
672 1985 738 2012 me
776 1975 998 2021 satanas,
1043 1974 1323 2012 scandalum
1353 1974 1474 2012 mihi
1505 1986 1577 2024 es,
1617 1974 1663 2012 ob
1694 1974 1765 2012 hoc
1797 1973 1894 2021 quod

383 2055 454 2082 non
480 2045 629 2091 saperet
650 2055 693 2081 ea
714 2053 808 2091 quae
831 2044 920 2080 sunt
941 2042 1011 2080 Dei
1033 2044 1099 2081 sed
1122 2054 1164 2081 ea
1184 2053 1280 2091 quae
1302 2045 1391 2081 sunt
1413 2043 1617 2081 hominum.
1647 2054 1742 2091 quae
1764 2042 1889 2081 incre·
1907 2062 1938 2086 -25

383 2113 486 2160 patio
523 2113 704 2150 aduersus
732 2113 888 2150 Petrum
924 2112 1046 2160 magis
1077 2113 1274 2161 magisque
1306 2112 1425 2151 eluxit
1459 2113 1692 2160 adprehenso
1715 2111 1891 2159 Domino,

383 2193 466 2220 cum
488 2193 509 2219 a
530 2181 754 2220 muliercula
775 2181 1002 2219 conterritus
1032 2182 1192 2220 diceret:
1224 2182 1390 2220 nescio
1422 2181 1536 2230 quid
1567 2181 1711 2227 dicas,
1742 2191 1894 2228 neque

381 2251 496 2289 noui
526 2252 594 2298 te,
626 2253 664 2289 et
694 2251 833 2289 iterum
864 2262 947 2288 cum
979 2253 1050 2290 hoc
1082 2251 1180 2289 idem
1210 2251 1352 2289 diceret
1383 2251 1553 2289 adhibito
1585 2250 1825 2288 iureiurando
1857 2252 1895 2287 et

384 2319 498 2357 tertio
531 2320 714 2358 denotans
736 2322 774 2358 et
795 2320 925 2358 iurans
956 2320 1172 2358 adfirmaret
1200 2319 1376 2368 quoniam
1398 2331 1473 2357 non
1493 2321 1625 2358 nosset
1644 2318 1834 2357 hominem
1857 2320 1895 2355 et

384 2399 459 2426 non
482 2389 598 2427 semel
620 2390 686 2428 sed
707 2390 857 2437 saepius
879 2401 961 2428 eum
985 2391 1177 2437 negasset,
1200 2390 1300 2437 quod
1317 2388 1514 2427 consilium
1532 2388 1566 2426 ei
1584 2388 1758 2436 quoniam
1777 2399 1893 2435 usque
1909 2405 1941 2429 30

393 2458 440 2494 ad
476 2457 689 2504 passionem
724 2458 877 2497 Domini
911 2460 1243 2506 perseueraturum
1277 2460 1359 2495 erat
1393 2457 1512 2495 multo
1547 2457 1653 2505 prius
1683 2468 1705 2494 a
1735 2455 1895 2494 Domino

387 2525 512 2573 palam
549 2526 690 2564 factum
728 2529 799 2574 est,
836 2529 879 2565 ut
918 2539 986 2566 nos
1019 2537 1164 2575 quoque
1187 2526 1225 2564 id
1259 2538 1333 2565 non
1354 2527 1581 2575 ignoremus.
1614 2524 1774 2572 denique
1810 2526 1896 2572 post

477 2659 500 2693 4
524 2658 651 2693 Matth
684 2660 716 2700 9,
742 2660 798 2694 30.
1000 2659 1021 2693 9
1046 2660 1096 2694 10.
1123 2660 1177 2702 12,
1203 2660 1261 2696 34.
1464 2660 1508 2694 22
1534 2658 1664 2693 Matth.
1693 2658 1749 2698 16,
1775 2657 1819 2691 16
1844 2667 1894 2700 sq.

385 2716 428 2750 27
456 2715 588 2750 Matth.
615 2716 670 2758 26,
696 2717 740 2751 ΤΟ
764 2728 813 2761 sq.

482 2847 503 2881 6
527 2846 612 2891 quia
631 2873 638 2881 .
659 2872 667 2881 .
686 2874 693 2880 .
712 2848 840 2882 animis
865 2859 931 2884 om.
957 2849 1040 2894 Rz’y.
1193 2849 1236 2883 19
1260 2850 1401 2893 oportet
1425 2848 1529 2882 illum
1554 2847 1634 2892 Εἰς.
1775 2844 1819 2878 23
1843 2843 1896 2877 ita

393 2914 459 2939 om.
486 2904 568 2949 Riy.
708 2905 753 2940 28
776 2905 869 2939 idem
895 2916 960 2941 om.
987 2907 1069 2952 Εἰς.
