2032 3248
806 249 935 282 Liber
970 248 1006 281 v.
1572 251 1649 291 182³

163 375 303 404 nomen
336 365 499 404 castus?
539 375 667 404 nonne
699 363 810 404 illius
843 363 1035 416 temporis
1067 362 1246 404 imitatio
1285 366 1344 404 est
1383 376 1460 416 quo
1500 376 1541 405 se
1574 377 1648 404 nu-

163 444 252 473 men
286 432 335 472 ab
369 431 525 473 Cereris
557 431 674 486 fruge
706 432 901 473 uiolentia
933 432 1126 473 maeroris
1157 433 1391 474 abstinuit?
1436 434 1507 474 aut
1538 434 1571 474 si
1604 446 1648 474 ea
1669 432 1714 472 ¹7

161 512 260 552 quae
292 500 467 541 dicimus
500 512 575 541 non
608 504 703 541 sunt
735 500 805 550 ita,
837 513 908 541 uos
941 501 1191 551 edissertate,
1226 513 1295 542 uos
1327 502 1470 542 dicite:
1503 502 1648 543 euirati

163 569 230 609 isti
264 569 498 622 mollesque,
534 582 632 621 quos
663 570 858 610 interesse
889 569 1100 611 uobiscum
1127 570 1168 610 in
1191 570 1311 610 istius
1333 571 1512 612 numinis
1535 571 1648 612 uide-

134 650 251 678 smus
283 639 421 687 sacris,
456 638 649 690 quidnam
672 638 766 679 istic
800 638 975 679 habeant
1010 639 1163 692 negotii
1196 639 1486 680 sollicitudinis
1518 652 1646 684 curae,

162 709 201 746 et
232 718 301 747 cur
332 719 442 747 more
486 706 717 760 lugentium
757 707 926 748 caedant
965 719 1057 748 cum
1098 707 1327 759 pectoribus
1360 708 1530 749 lacertos
1568 708 1572 761 1
1610 709 1648 749 01
1664 716 1766 748 f.107

164 775 365 815 fortunam
399 775 613 816 imitentur
643 775 686 815 in
728 775 986 815 lamentabili
1019 775 1334 816 constitutorum
1366 777 1504 817 sorte?
1552 776 1648 828 quid

162 855 344 892 coronae,
391 843 488 895 quid
533 843 685 893 uiolae,
739 843 835 895 quid
881 843 1045 884 uolucra
1090 844 1277 884 mollium
1324 845 1558 885 uelamenta
1590 845 1649 885 la-

162 915 332 953 narum?
382 924 452 952 cur
497 912 548 952 ad
596 912 789 952 ultimum
834 912 951 963 pinus
1001 912 1087 963 ipsa
1133 912 1251 964 paulo
1298 914 1389 953 ante
1435 913 1475 953 in
1514 914 1647 954 dumis

118 1000 147 1022 lo
162 981 457 1022 inertissimum
498 981 645 1020 nutans
684 981 842 1034 lignum
888 992 979 1020 mox
1019 983 1064 1021 ut
1104 981 1266 1033 aliquod
1305 993 1489 1033 praesens
1529 983 1649 1033 atque

161 1049 500 1103 augustissimum
541 1062 690 1090 numen
730 1049 848 1089 deum
888 1050 1031 1090 matris
1070 1050 1344 1090 constituatur
1382 1050 1422 1090 in
1455 1050 1649 1091 sedibus?

162 1118 233 1159 aut
263 1118 371 1159 enim
402 1118 502 1159 haec
534 1130 654 1158 causa
687 1120 759 1165 est,
793 1131 913 1170 quam
946 1118 985 1159 in
1019 1119 1165 1159 uest-ris
1199 1119 1360 1171 scriptis
1385 1120 1424 1159 et
1446 1131 1649 1160 commen-

161 1186 275 1227 tariis
306 1187 552 1235 inrieiiimus,
588 1188 628 1227 et
660 1187 924 1227 manifestum
958 1199 1027 1227 uos
1060 1188 1122 1228 est
1155 1199 1231 1228 uon
1263 1188 1424 1229 diuinas
1458 1188 1649 1229 conficere

162 1255 426 1296 caerimonias
459 1255 528 1296 sed
558 1255 779 1308 imaginem
809 1255 991 1296 tristium
1014 1257 1289 1309 redintegrare
1311 1258 1546 1310 gestorum;
1580 1258 1649 1297 aut

119 1345 145 1367 ιε,
162 1324 195 1364 si
228 1325 308 1365 alia
338 1324 442 1365 ratio
474 1324 546 1373 est,
580 1337 702 1376 quam
736 1325 919 1377 mysterii
953 1324 1067 1365 nobis
1099 1325 1319 1379 abnegauit
1341 1325 1577 1370 obscuritas,
1610 1328 1649 1366 et

163 1393 250 1445 ipsa
288 1386 445 1445 quoque
485 1405 643 1433 necesse
682 1394 743 1433 est
774 1393 1042 1444 turpitudinis
1081 1393 1254 1434 alicuius
1287 1394 1555 1446 participetur
1587 1393 1648 1433 in-

163 1460 299 1502 famia.
349 1462 438 1513 quis
471 1462 531 1502 ost
563 1461 671 1501 enim
703 1462 770 1513 qui
803 1461 958 1510 credat,
1004 1462 1230 1502 honestatis
1270 1462 1424 1514 aliquid
1456 1462 1498 1502 in
1531 1474 1575 1502 ea
1607 1474 1647 1501 re

161 1541 244 1571 esse
298 1543 418 1581 quam
459 1530 597 1570 ineant
636 1530 738 1570 uiles
770 1528 902 1572 Galli.
951 1530 1172 1571 effeminati
1214 1530 1428 1571 conficiant
1474 1530 1648 1571 exoleti?

162 1599 340 1651 postulat
372 1598 534 1651 quidem
568 1598 808 1652 magnitudo
845 1600 1038 1639 materiae
1079 1600 1198 1651 atque
1240 1599 1366 1652 ipsius
1405 1598 1647 1639 defensionis
1670 1597 1716 1636 18

117 1667 353 1717 2oofticium,
388 1669 433 1708 ut
456 1668 648 1708 similiter
670 1670 822 1708 ceteras
845 1668 1149 1720 turpitudinum
1173 1668 1324 1720 species
1347 1680 1644 1720 persequamur.

162 1736 226 1776 uel
258 1749 356 1788 quas
389 1736 563 1788 produnt
595 1736 856 1788 antiquitatis
888 1737 1079 1777 historiae
1112 1737 1177 1777 uel
1210 1736 1403 1788 mysteria
1424 1736 1497 1776 illa
1519 1735 1646 1776 conti-

162 1806 256 1845 nent
295 1807 433 1845 sancta
472 1806 618 1856 quibus
658 1805 789 1845 initiis
837 1817 980 1845 nomen
1027 1807 1087 1846 est
1127 1807 1166 1845 et
1198 1818 1298 1857 quae
1340 1817 1416 1845 uon
1460 1805 1646 1844 omnibus

163 1873 284 1926 uulgo
330 1874 398 1913 sed
444 1885 662 1925 paucorum
711 1874 1062 1914 taciturnitatibus
1102 1873 1277 1914 traditis.
1331 1874 1399 1914 sed
1445 1885 1644 1913 sacrorum

163 1941 361 1981 innumeri
387 1942 487 1982 ritus
510 1943 628 1993 atque
647 1941 777 1982 adfixa
794 1941 1029 1982 deformitas
1047 1942 1218 1994 singulis
1235 1944 1261 1992 †
1280 1942 1541 1993 corporaliter
1559 1953 1644 1993 pro-

118 2010 276 2050 2⁵hibet
308 2010 498 2050 uniuersa
531 2022 600 2050 nos
633 2010 811 2062 exsequi:
846 2010 1084 2061 quinimmo,
1119 2012 1163 2050 ut
1194 2011 1327 2050 uerius
1360 2009 1646 2062 exprimamus,

162 2090 184 2117 a
215 2077 458 2129 quibusdam
490 2090 560 2118 nos
593 2078 669 2129 ipsi
703 2078 869 2118 consilio
903 2080 941 2118 et
974 2079 1131 2119 ratione
1163 2078 1436 2126 deflectimus,
1471 2090 1518 2118 ne
1550 2078 1644 2118 duni

162 2147 358 2199 explicare
390 2146 670 2197 contendimus
702 2150 860 2195 cuncta,
895 2146 1153 2199 expositionis
1186 2146 1312 2199 ipsius
1337 2146 1647 2186 contaminatio-

207 2351 227 2383 2
253 2350 419 2383 uiolentia
437 2350 599 2382 mou-roris
620 2349 708 2383 Sub:
735 2339 905 2382 1110101111ῑῖ
930 2349 1050 2381 erroris
1073 2349 1103 2382 Ι)
1239 2351 1259 2383 4
1278 2349 1367 2382 stius
1389 2352 1418 2382 l'
1433 2359 1511 2382 corr
1529 2352 1556 2383 ε’

161 2409 182 2441 5
198 2407 350 2441 habeant
369 2407 452 2443 Sab,
471 2418 507 2440 r:
534 2406 659 2439 lrabeat
679 2407 711 2439 Ι)
835 2406 985 2448 nogotiis
1006 2407 1039 2439 1>
1054 2416 1133 2439 corr
1258 2407 1277 2438 (3
1296 2417 1409 2439 morae
1431 2407 1464 2439 P
1480 2417 1559 2440 corr

161 2465 182 2497 8
214 2464 353 2497 uoluere
382 2464 409 2496 Ῑ.
437 2464 500 2496 Fr.
540 2464 745 2496 (armannus
896 2462 1100 2495 molliumuc
1133 2461 1300 2495 oehlerus
1450 2463 1649 2496 uelamenta

160 2520 301 2554 seclusit
334 2520 620 2553 Jz'lmenlmrstz'as
656 2522 690 2552 01
724 2519 921 2552 uelamenta
955 2519 1053 2553 Salm
1212 2520 1251 2551 10
1281 2522 1408 2552 nutans
1441 2519 1531 2553 Sal).-
1571 2530 1647 2552 niu-

162 2580 241 2610 tans
268 2578 300 2610 1)
472 2578 510 2609 11
540 2587 676 2609 numeni
706 2577 738 2609 Ι)
762 2587 840 2609 corr
1015 2576 1053 2609 14
1079 2575 1306 2609 caerimonias
1340 2576 1421 2609 Gel:
1455 2575 1648 2619 quaerimo-

163 2634 236 2667 nias
258 2635 288 2666 P
425 2636 465 2667 18
492 2634 609 2666 incant
631 2634 715 2666 (lels
744 2634 881 2667 inhiant
900 2634 932 2665 P
955 2633 1099 2666 initient
1123 2632 1188 2665 Urs
1328 2634 1370 2665 22
1396 2643 1465 2666 11011
1484 2632 1647 2665 omnibus

168 2691 246 2724 Gel:
273 2691 433 2724 omuibus
459 2701 526 2723 non
559 2690 588 2722 I'
725 2691 768 2723 23
793 2690 946 2723 traditis.
973 2689 1031 2723 sed
1059 2690 1263 2722 Mem-sius.-
1297 2688 1485 2722 tradidisse
1511 2690 1544 2721 P
1574 2692 1646 2723 tra-

162 2748 302 2781 duntur.
330 2748 386 2781 sed
418 2748 480 2781 (iel
514 2746 669 2780 tradunt.
695 2745 755 2779 scd
788 2746 854 2780 Urs
992 2746 1034 2779 :24
1061 2746 1260 2789 specialiter
1286 2746 1340 2779 uel
1369 2746 1547 2789 partiliter
1580 2746 1646 2779 Urs

165 2804 370 2847 propriatim
396 2805 413 2838 ’.Α
550 2804 592 2837 25
619 2813 735 2836 uerum
755 2803 827 2836 Sao
967 2803 1009 2837 26
1034 2802 1241 2846 quibusdam
1263 2804 1345 2837 Gel:
1370 2803 1495 2846 quibus
1516 2803 1550 2836 P
