2032 3248
829 209 959 242 Liber
994 209 1069 243 VII.
1605 213 1683 254 251

207 321 437 375 pariterque
468 334 560 363 cum
592 322 655 363 his
687 322 795 374 porci
818 334 936 363 sensu
963 322 1097 375 aliquo
1119 323 1390 364 humanitatis
1411 326 1571 377 accepto
1593 325 1687 366 deos

206 390 394 444 putarent
425 392 547 443 atque
578 390 859 431 existimarent
889 403 960 431 uos
983 403 1068 432 esse
1089 403 1278 443 sacraque
1300 392 1412 433 uobis
1434 392 1688 433 intenderent

206 458 369 500 honoris
400 471 495 512 ergo
528 458 668 509 facere,
701 470 779 499 non
810 471 858 500 ex
889 459 1071 500 materiis
1101 459 1193 500 aliis
1215 460 1387 512 aliisque
1408 461 1456 501 de
1478 460 1597 501 rebus
1618 460 1688 501 sed

207 527 352 580 quibus
384 525 439 568 ali
472 526 595 567 moris
626 526 686 567 est
717 526 802 567 illis
825 527 865 567 et
886 527 1065 568 naturali
1089 528 1336 579 adpetitione
1357 528 1512 569 fulciri:
1548 528 1687 569 audire

181 607 230 636 sa
260 595 376 636 uobis
415 595 685 647 exposcimus,
726 595 917 635 utrumne
956 595 1063 636 hunc
1102 595 1291 636 honorem
1322 608 1370 636 an
1402 597 1685 637 contumeliam

208 663 343 716 potius
390 675 475 704 esse
520 663 756 704 iudicaretis
801 663 1117 716 amplissimam,
1168 676 1258 704 cum
1304 664 1535 705 hirundines
1575 664 1688 705 uobis

208 744 382 781 muscas,
414 731 647 772 motacillae
678 732 891 772 caederent
922 732 1277 784 consecrarentque
1309 731 1565 782 formiculas,
1599 744 1689 772 cum

209 801 406 842 altaribus
438 800 586 841 uestris
618 800 758 841 darent
788 800 890 841 asini
922 799 1088 842 faenum
1123 800 1338 852 paleasque
1369 801 1563 850 libarent,
1595 813 1686 841 cum

209 869 448 923 inponerent
488 881 604 910 canes
644 880 734 910 ossa
771 869 812 910 et
849 869 1015 910 humani
1054 869 1240 910 stercoris
1272 869 1499 921 proluuiem
1530 881 1690 910 concre-

165 955 197 979 ιο
210 938 384 987 marent,
425 949 516 978 cum
549 937 599 978 ad
631 936 827 978 ultimum
865 938 1018 989 porculi
1060 949 1227 978 caenum
1258 938 1373 978 uobis
1405 937 1692 990 profunderent

210 1018 255 1047 ex
286 1004 515 1047 uolutabris
546 1004 816 1055 horrentibus,
851 1005 995 1046 lutosis
1017 1006 1057 1046 et
1079 1005 1340 1059 uoraginibus
1363 1006 1603 1057 sumptum?
1634 1006 1693 1046 ita

211 1086 304 1127 ergo
335 1086 413 1115 non
444 1074 584 1126 despui
608 1074 763 1114 uestras
792 1073 1149 1114 inflammaremini
1178 1073 1398 1127 dignitates
1430 1073 1692 1115 stercoribus-

211 1154 288 1194 que
319 1153 391 1183 uos
412 1142 541 1194 accipi
562 1141 668 1183 inter
689 1142 844 1183 atroces
866 1143 1140 1195 conputaretis
1162 1141 1361 1183 iniurias?
1393 1142 1461 1182 sed
1484 1145 1690 1182 taurorum

212 1211 445 1263 corporibus
476 1211 683 1252 honoratis
714 1223 785 1251 uos
817 1210 911 1252 deos
943 1212 984 1251 et
1006 1211 1180 1252 aliorum
1202 1210 1469 1251 animantium
1492 1209 1690 1251 caedibus

168 1293 198 1317 15
212 1281 253 1321 et
283 1279 380 1332 quid
410 1279 484 1320 hoc
515 1280 564 1320 ab
596 1280 667 1320 illo
699 1279 849 1329 differt,
883 1292 975 1320 cum
996 1281 1036 1320 et
1057 1280 1144 1331 ipsa
1165 1279 1198 1319 si
1220 1279 1410 1329 nondum,
1444 1290 1534 1319 mox
1556 1279 1692 1319 tamen

213 1349 351 1390 futura
392 1348 476 1389 sint
506 1349 682 1389 stercora
716 1350 757 1389 et
787 1348 922 1402 exigui
954 1348 1148 1401 temporis
1181 1348 1385 1389 contracta
1414 1346 1694 1387 interiectione

212 1416 452 1469 putescant?
483 1417 654 1470 denique
677 1416 849 1458 desinite
871 1428 1095 1470 supponere
1116 1416 1196 1457 aris
1219 1416 1378 1469 ignem:
1413 1415 1495 1456 iam
1518 1415 1693 1467 profecto

213 1485 383 1526 cernetis
427 1484 582 1526 uiscera
626 1485 700 1526 illa
744 1486 955 1526 taurorum
1001 1496 1133 1533 sacra,
1179 1484 1326 1536 quibus
1365 1483 1491 1524 honor
1529 1495 1551 1523 a
1582 1483 1694 1523 uobis

215 1553 471 1596 auctificatur
509 1554 693 1603 deorum,
733 1553 956 1595 seruescere
989 1553 1195 1594 uermibus
1227 1553 1267 1593 et
1297 1551 1511 1600 fluctuare,
1552 1551 1695 1591 uitiare

169 1625 257 1664 met
289 1634 544 1675 corrumpere
585 1623 739 1663 statum
778 1621 880 1663 caeli
918 1622 959 1662 et
989 1634 1036 1662 ex
1067 1620 1255 1662 odoribus
1286 1619 1483 1661 morbidis
1515 1619 1695 1672 regiones

216 1693 466 1733 consauciare
517 1691 690 1732 uicinas:
742 1703 863 1743 quam
910 1690 943 1731 si
988 1689 1103 1730 uobis
1153 1688 1407 1742 praecipiant
1452 1687 1508 1728 dii
1560 1699 1694 1728 curam

216 1760 395 1801 uestram
425 1760 467 1800 in
489 1760 767 1801 ualetudinem
799 1759 968 1807 uertere,
1001 1758 1168 1811 prandia
1197 1757 1292 1798 inde
1328 1754 1333 1810 Ι
1370 1756 1434 1796 uel
1467 1768 1583 1796 cenas
1616 1755 1694 1795 sol·
1711 1762 1730 1792 f.
1753 1763 1812 1794 143

217 1828 343 1869 lemni
381 1841 427 1869 ex
470 1839 580 1869 more
626 1827 839 1877 conficere,
887 1826 1006 1880 longe
1052 1825 1221 1879 fugiatis
1267 1824 1519 1876 execratique
1566 1823 1697 1863 odoris

216 1909 344 1951 genus
374 1896 534 1937 ueniam
565 1896 740 1949 poscatis
772 1909 794 1936 a
827 1895 982 1948 superis
1014 1893 1273 1945 facturosque
1303 1904 1374 1933 uos
1396 1892 1453 1932 eis
1476 1903 1695 1943 numquam

172 1976 202 2001 2⁵
216 1965 319 2006 talia
350 1977 461 2006 sacra
492 1965 646 2006 iuretis.
693 1965 751 2005 ita
782 1963 893 2004 istud
923 1974 1000 2004 non
1022 1963 1159 2003 ludere
1189 1962 1261 2010 est,
1294 1972 1370 2001 non
1393 1958 1586 2007 confiteri,
1621 1970 1696 1998 non

217 2033 400 2086 pandere,
433 2033 529 2086 quid
560 2033 614 2074 sit
644 2034 742 2074 deus
774 2032 925 2073 nescire
955 2043 1026 2072 nec
1058 2030 1121 2071 cui
1154 2029 1358 2082 potentiae
1389 2027 1531 2068 debeat
1569 2026 1698 2066 nomi-

217 2101 280 2143 nis
310 2101 430 2142 huius
462 2102 525 2143 uis
557 2101 676 2142 subdi
708 2100 1007 2154 appellatioque
1039 2098 1237 2152 supponi?
1268 2097 1370 2138 cibis
1394 2095 1540 2136 uestris
1570 2095 1697 2135 aucti-

218 2171 348 2213 ficatis
379 2171 486 2222 deos,
519 2170 728 2211 nidoribus
759 2168 1032 2210 cohonestatis
1064 2168 1103 2207 et
1133 2165 1253 2215 sucis,
1294 2165 1334 2206 et
1365 2165 1460 2217 quia
1491 2163 1604 2204 uobis
1635 2163 1697 2203 iu-

219 2240 347 2281 cunda
378 2241 418 2281 et
450 2240 567 2294 grata
597 2239 690 2279 sunt
722 2250 766 2279 ea
797 2250 898 2290 quae
928 2248 998 2278 uos
1030 2236 1159 2284 alunt,
1191 2235 1285 2275 deos
1317 2233 1440 2274 etiam
1471 2230 1636 2272 creditis
1659 2230 1695 2270 in

175 2322 205 2345 :50
220 2320 358 2349 eorum
389 2308 564 2349 adfluere
595 2307 838 2359 uoluptates,
872 2306 1115 2346 latratorum
1146 2304 1186 2344 et
1217 2314 1359 2343 canum
1391 2301 1473 2341 ritu
1502 2298 1590 2339 offis
1611 2310 1696 2339 sae-

221 2376 342 2418 uitias
374 2389 517 2429 ponere
547 2377 668 2427 atque
690 2375 880 2415 adludere
901 2371 1202 2426 porrigentibus
1227 2368 1415 2421 saepius?
1446 2369 1486 2408 et
1507 2366 1696 2419 quoniam
1720 2366 1764 2404 ¹⁸

264 2536 285 2569 3
311 2535 454 2569 honores
473 2544 553 2576 ergo
572 2533 725 2566 facerent
743 2532 815 2566 Sub
952 2530 972 2562 4
990 2528 1208 2572 appetitione
1232 2527 1317 2561 Urs:
1343 2524 1558 2568 adpositione
1578 2525 1611 2557 P

223 2592 259 2625 11
287 2594 339 2626 e*t
364 2593 399 2625 P
580 2590 620 2623 16
646 2591 806 2623 contacta
838 2587 855 2621 :2
1038 2586 1079 2619 ls
1113 2585 1260 2618 cernetis
1292 2583 1374 2616 Gel:
1411 2581 1554 2615 cernitis
1580 2582 1614 2614 P

220 2650 262 2682 21
289 2660 390 2693 quarn
418 2649 445 2681 si
473 2648 562 2682 sab:
595 2646 694 2690 quasi
722 2647 755 2679 P
787 2655 875 2688 quac
900 2644 929 2676 si
956 2643 1054 2677 Salm
1190 2641 1361 2674 culturam
1393 2639 1460 2672 Urs
1595 2638 1638 2671 22
1665 2637 1697 2670 in

222 2708 384 2748 uestram,
405 2707 440 2738 in
460 2706 558 2739 Salm
673 2703 889 2745 uoluptatem
914 2700 980 2733 Urs
1094 2698 1136 2731 24
1155 2697 1287 2740 superis
1307 2696 1396 2730 Sub.-
1415 2695 1561 2739 superiis
1582 2695 1613 2727 1¹

221 2762 262 2796 ’.Ξῖ
287 2763 352 2806 uis]
381 2764 451 2796 suis
480 2763 513 2795 P
537 2772 616 2795 corr
765 2758 891 2792 uestris
916 2756 1062 2799 scripsi:
1096 2754 1194 2787 nouis
1223 2754 1255 2786 I’
1394 2753 1437 2785 28
1462 2752 1565 2794 sucis]
1592 2750 1696 2784 sumi>-

221 2820 407 2853 Meursius
544 2818 586 2851 29
611 2827 715 2859 eaque
742 2815 813 2849 Sal)
949 2814 993 2846 30
1018 2811 1160 2845 seuitias
1186 2811 1220 2842 P
