2032 3248
362 231 417 273 24
784 225 971 260 Arnobii
998 225 1212 260 aduersus
1237 222 1442 258 nationes

361 368 530 399 ouorum
561 353 772 409 progenies
816 352 874 394 dii
906 350 1026 406 Syri?
1072 350 1174 404 Apis
1212 348 1479 403 Peloponensi
1518 349 1701 403 proditus
1733 348 1773 390 et
1810 348 1851 389 in

360 425 548 480 Aegypto
581 423 742 477 Serapis
789 422 1074 475 nuncupatus?
1122 419 1377 474 Aethiopicis
1415 418 1569 460 solibus
1608 418 1685 460 Isis
1730 417 1850 459 furua

359 507 542 537 maerens
572 493 778 548 perditum
808 491 941 533 filium
974 491 1014 532 et
1034 489 1298 532 membratim
1321 489 1538 543 coniugem
1569 487 1852 530 lancinatum?

357 563 624 618 praeterimus
655 563 696 604 et
726 560 1047 616 transgredimur
1070 559 1168 613 Opis
1191 559 1353 602 suboles
1373 558 1520 612 regias,
1553 569 1651 610 quas
1672 557 1714 598 in
1736 556 1852 598 libris

357 632 539 673 auctores
569 629 698 672 uestri
729 640 831 682 quae
862 627 1016 670 fuerint
1047 627 1088 669 et
1117 626 1256 680 quales
1302 625 1419 668 uobis
1457 625 1730 668 ediscentibus
1760 636 1851 679 pro-
1872 646 1887 670 5

358 699 569 741 diderunt:
601 698 697 741 hine
728 710 823 753 ergo
854 696 1065 740 Christum
1097 696 1176 738 coli
1207 696 1247 738 et
1279 708 1303 738 a
1333 695 1449 737 nobis
1480 694 1609 750 accipi
1640 696 1681 737 et
1712 695 1852 737 existi—

357 769 462 811 mari
492 781 564 822 pro
594 768 762 810 numine
792 766 1021 809 uulneratis
1053 765 1261 820 accipiunt
1290 765 1479 815 auribus,
1511 766 1552 807 et
1582 764 1701 806 obliti
1731 764 1852 818 paulo

356 839 449 881 ante
479 837 600 879 sortis
622 836 778 879 fuerint
809 836 850 878 et
872 834 1119 877 condicionis
1149 834 1276 884 cuiuS,
1307 834 1349 876 id
1380 833 1487 887 quod
1508 834 1587 876 sibi
1619 845 1853 876 concessum

356 908 418 950 est
448 906 635 961 inpertiri
666 905 786 948 alteri
827 903 1002 947 nolunt?
1031 904 1129 946 haec
1150 906 1212 946 est
1232 903 1393 946 iustitia
1414 903 1622 954 caelitum,
1654 902 1729 945 hoc
1760 902 1853 944 deo-

355 989 447 1018 rum
477 974 678 1018 iudicium
715 974 934 1017 sanctum?
978 986 1108 1016 nonne
1139 974 1251 1015 istud
1280 973 1423 1015 liuoris
1454 974 1515 1015 est
1553 973 1674 1026 atque
1715 972 1850 1015 311311-
1871 990 1905 1016 ιο

353 1045 434 1087 tiae
472 1056 622 1099 genuS‚
668 1055 747 1086 non
792 1043 1034 1086 obtrectatio
1076 1044 1273 1097 quaedam
1312 1043 1498 1093 sordens,
1545 1054 1638 1085 suas
1678 1042 1853 1084 eminere

354 1112 639 1155 tantummodo
670 1113 778 1155 uelle
800 1112 995 1163 fortunas,
1028 1112 1201 1154 aliorum
1232 1125 1295 1154 res
1317 1111 1447 1165 premi
1478 1112 1518 1154 et
1547 1111 1590 1153 in
1622 1111 1854 1164 contempta

287 1185 336 1227 37
353 1182 593 1224 humilitate
626 1182 804 1224 calcari?
848 1182 992 1224 natum
1023 1181 1231 1224 hominem
1262 1182 1445 1223 colimus.
1497 1180 1596 1234 quid
1628 1180 1750 1230 enim,
1782 1191 1853 1221 uos

354 1251 562 1294 hominem
599 1251 761 1294 nullum
802 1250 938 1293 colitis
976 1252 1151 1293 natum?
1195 1262 1276 1292 non
1326 1263 1453 1292 unum
1493 1251 1534 1292 et
1572 1249 1729 1292 alium?
1774 1260 1852 1290 non

353 1321 588 1362 innumeros
633 1320 764 1363 alios?
811 1319 1038 1374 quinimmo
1083 1333 1161 1363 non
1212 1332 1371 1371 omnes,
1419 1331 1517 1373 quos
1562 1319 1645 1361 iam
1690 1318 1854 1372 templis
1874 1335 1905 1360 15

351 1387 513 1430 habetis
545 1387 717 1442 uestris,
763 1387 1004 1430 mortalium
1035 1386 1263 1429 sustulistis
1301 1399 1348 1429 ex
1377 1398 1545 1429 numero
1584 1388 1625 1430 et
1656 1387 1766 1430 caelo
1797 1386 1852 1428 si-

352 1456 596 1511 deribusque
627 1456 838 1499 donastis?
885 1456 920 1498 si
951 1456 1060 1499 enim
1106 1457 1208 1499 forte
1252 1469 1323 1499 uos
1353 1456 1481 1512 fugit,
1528 1456 1649 1499 sortis
1680 1469 1745 1499 eos
1776 1457 1852 1498 hu-

228 1539 251 1572 f.
278 1539 336 1574 13h
354 1538 497 1568 manae
528 1527 569 1568 et
600 1525 846 1568 condicionis
872 1525 878 1582 Ι
905 1525 1032 1568 fuisse
1053 1525 1294 1577 communis,
1326 1526 1523 1580 replicate
1544 1526 1852 1580 antiquissimas

350 1594 514 1637 litteras
544 1595 585 1636 et
615 1606 754 1637 eorum
793 1594 948 1649 scripta
984 1594 1208 1649 percurrite
1253 1595 1322 1648 qui
1353 1595 1554 1637 uetustati
1598 1595 1726 1637 uicini
1766 1595 1852 1638 sine

351 1663 451 1706 ullis
480 1664 834 1707 adsentationibus
880 1665 1025 1706 cuncta
1069 1664 1243 1706 ueritate
1280 1664 1323 1706 in
1368 1664 1526 1718 liquida
1569 1664 1846 1719 prodiderunt.
1868 1679 1901 1704 20

348 1732 434 1775 iam
463 1733 643 1787 profecto
674 1733 854 1785 discetis,
886 1733 1035 1787 quibus
1056 1733 1209 1789 singuli
1230 1733 1430 1787 patribus,
1463 1733 1611 1788 quibus
1642 1734 1845 1776 matribus

350 1801 506 1844 fuerint
534 1803 749 1857 procreati,
782 1815 861 1857 qua
890 1801 1024 1845 innati
1054 1803 1229 1857 regione,
1260 1800 1340 1857 qua
1370 1804 1503 1858 gente,
1538 1816 1642 1857 quae
1674 1802 1846 1846 fecerint

353 1870 512 1927 egerint
541 1871 787 1925 pertulerint
816 1872 1052 1923 actitarint,
1099 1884 1199 1926 quas
1240 1872 1283 1915 in
1315 1871 1435 1914 rebus
1472 1872 1670 1915 obeundis
1702 1874 1846 1915 aduer-

351 1953 488 1985 sorum
520 1941 721 1984 senserint
752 1941 1146 1995 secundantiumque
1177 1942 1375 1984 fortunas.
1408 1942 1473 1983 sin
1502 1943 1640 1984 autem
1672 1941 1848 1984 scientes

350 2010 478 2053 uteris
508 2022 596 2053 esse
625 2011 806 2067 gestatos
845 2012 886 2054 et
924 2011 1112 2066 frugibus
1150 2023 1216 2054 eos
1247 2011 1459 2054 uictitasse
1490 2012 1661 2053 terrenis
1699 2011 1849 2054 nihilo-
1869 2025 1901 2050 25

349 2080 485 2122 minus
516 2080 654 2123 tamen
683 2080 800 2123 nobis
832 2081 919 2123 nati
950 2080 1128 2123 hominis
1159 2081 1371 2124 obiectatis
1402 2081 1583 2132 cultum,
1630 2092 1692 2122 res
1723 2080 1849 2135 agitis

349 2149 451 2192 satis
482 2149 671 2202 iniustas,
703 2151 750 2193 ut
780 2149 823 2191 id
852 2150 895 2192 in
926 2150 1041 2192 nobis
1071 2150 1334 2192 constituatis
1366 2162 1451 2192 esse
1482 2149 1713 2192 damnabile
1744 2152 1849 2203 quod

349 2218 389 2260 et
418 2218 496 2273 ipsi
524 2231 596 2261 uos
624 2218 839 2271 factitatis,
871 2221 943 2262 aut
965 2231 1068 2274 quae
1097 2219 1212 2262 uobis
1242 2219 1364 2262 licere
1385 2218 1632 2274 permittitis
1655 2219 1847 2262 consimi-

282 2289 333 2329 38
348 2287 443 2330 liter
465 2288 559 2330 aliis
580 2288 745 2331 licitum
767 2301 852 2331 esse
872 2289 1027 2331 nolitis.
1062 2289 1132 2331 sed
1154 2288 1422 2331 concedamus
1451 2288 1658 2330 interdum
1679 2300 1848 2330 manum

348 2357 499 2400 uestris
529 2357 832 2411 opinationibus
863 2358 1030 2409 dantes,
1076 2371 1203 2400 unum
1235 2356 1446 2400 Christum
1478 2357 1604 2399 fuisse
1635 2356 1683 2398 de
1714 2357 1843 2408 nobis,
1866 2381 1899 2406 30

348 2426 500 2468 mentis
531 2425 690 2469 animae
721 2426 898 2482 corporis
929 2426 1169 2482 fragilitatis
1202 2427 1243 2469 et
1264 2426 1510 2469 condicionis
1541 2425 1682 2468 unius:
1714 2437 1847 2467 nonne

394 2608 413 2641 1
439 2607 598 2653 Syriapis
626 2608 698 2643 Sab
791 2609 813 2643 2
837 2600 941 2643 furna
961 2619 1059 2644 erens
1086 2610 1121 2645 P
1137 2620 1219 2646 corr
1236 2621 1254 2646 c
1345 2611 1367 2645 4
1392 2610 1477 2654 Opis
1496 2610 1589 2645 Sab:
1613 2619 1695 2654 opes
1721 2609 1757 2644 P

346 2666 368 2700 5
400 2664 632 2709 prodiderunt
659 2665 744 2701 6461.-
769 2665 991 2710 prodiderint
1015 2667 1051 2702 P
1225 2668 1246 2702 6
1270 2667 1353 2702 hine
1377 2667 1575 2703 Canterus:
1610 2667 1695 2701 hinc
1720 2667 1756 2701 P

347 2723 390 2758 10
415 2722 541 2758 liboris
566 2723 602 2757 P
748 2723 792 2758 12
817 2724 952 2768 praemi
976 2724 1011 2759 P
1150 2725 1192 2760 18
1218 2724 1434 2759 conditionis
1459 2724 1494 2759 P
1512 2734 1594 2759 corr
1733 2726 1840 2770 repli-

347 2781 424 2815 cate
450 2780 485 2815 P
593 2781 635 2815 19
661 2781 838 2816 uetustati
864 2781 957 2816 Sab:
983 2782 1164 2817 uetustate
1190 2782 1226 2816 P
1333 2782 1377 2816 22
1402 2781 1438 2816 in
1464 2781 1541 2815 nati
1568 2781 1749 2817 Canterus

347 2838 392 2872 23
416 2847 455 2872 ac
479 2838 665 2872 tolerarint
689 2838 930 2882 Wopkensius
1066 2840 1111 2873 24
1135 2838 1476 2882 secundantiumque
1493 2838 1529 2872 P
1660 2838 1706 2872 25
1731 2839 1841 2874 1111111-

346 2894 511 2930 hominus
538 2895 572 2928 P
642 2904 647 2910 ·
708 2895 751 2929 26
776 2894 876 2929 nobis
901 2906 956 2930 om
982 2895 1053 2931 Sab
1189 2896 1341 2930 hominis
1367 2896 1457 2930 Sab:
1483 2895 1643 2930 homines
1670 2895 1705 2929 P
