2032 3248
357 209 438 252 186
761 206 953 241 Arnobii
984 205 1201 241 aduersus
1238 206 1447 241 nationes

355 323 516 378 Magna.
563 322 597 364 si
628 322 816 376 nepotem
847 322 894 363 ut
925 321 1038 373 auia,
1069 333 1135 363 res
1167 321 1360 374 simplex,
1400 320 1463 363 sin
1493 321 1657 364 theatra
1686 325 1733 364 ut
1762 335 1856 376 per-

356 392 534 445 crepant,
566 390 734 433 infamis
767 391 808 432 et
838 389 1046 444 flagitiosa
1078 389 1244 432 dilectio
1267 393 1340 432 est.
1377 389 1577 445 diligebat
1597 392 1638 433 et
1664 390 1856 446 Agdestis

356 460 578 503 uenatoriis
624 472 717 501 eum
762 459 1001 501 muneribus
1046 459 1316 513 locupletans.
1371 459 1420 501 ab
1459 460 1653 502 semiuiro
1691 460 1856 513 quidem

356 530 515 572 nullum
549 542 634 571 esse
666 528 826 582 poterat
856 527 1085 582 periculum
1116 528 1334 579 castitatis,
1368 528 1437 569 sed
1468 528 1567 582 quid
1596 527 1732 570 Midas
1762 528 1856 570 hor-

356 599 497 649 ruerit,
529 610 608 640 non
638 598 700 640 est
730 598 852 640 facile
883 597 1188 651 suspicantibus
1219 597 1467 639 aestimare?
1499 598 1599 652 ipsis
1629 598 1764 640 Mater
1794 600 1856 640 est
1886 612 1900 636 s

354 669 540 723 ingressa
570 680 664 709 cum
694 667 920 709 moenibus.
968 667 1223 708 admiramur
1254 667 1419 720 quidem
1447 667 1491 708 in
1511 652 1587 710 hac
1607 667 1723 720 parte
1744 667 1853 709 uires

355 738 396 779 et
433 736 720 779 fortitudinem
757 736 961 787 numinis,
1001 736 1072 778 sed
1114 736 1329 789 culpamus
1366 736 1670 791 neglegentiam
1701 747 1854 779 rursus.

356 806 462 860 quod
492 818 586 847 cum
615 805 719 860 legis
750 805 1010 847 meminisset
1042 807 1082 847 et
1114 805 1203 855 fati,
1235 804 1479 858 patefecerit
1511 805 1695 848 hostibus
1717 805 1854 847 minus

355 875 526 930 prouida
555 875 783 917 ciuitatem.
828 874 1033 928 nuptialia
1064 874 1365 916 celebrantibus
1393 875 1491 917 uota
1511 874 1639 916 furias
1661 874 1854 928 Agdestis

356 944 639 997 insaniamque
670 943 857 986 subiecit.
901 944 935 985 si
966 943 1102 985 Midas
1133 956 1202 985 rex
1232 943 1469 995 offenderat,
1501 944 1571 997 qui
1602 956 1724 986 uxore
1754 943 1854 984 adu·
1870 958 1901 983 lo

355 1014 629 1055 lescentulum
655 1012 878 1063 uinciebat‚
912 1012 1010 1065 quid
1033 1011 1257 1054 admiserat
1279 1010 1438 1063 Gallus,
1471 1013 1570 1066 quid
1591 1012 1734 1066 pelicis
1755 1012 1853 1058 filia,

356 1083 402 1124 ut
450 1082 521 1124 ille
563 1094 605 1123 se
646 1081 755 1133 uiro,
803 1082 903 1124 haec
942 1094 1219 1123 mammarum
1259 1081 1474 1123 honestate
1513 1081 1727 1135 priuaret‘?
1775 1080 1854 1122 tibi

355 1151 458 1193 habe
504 1151 622 1202 haec,
668 1150 826 1204 inquit,
870 1151 1036 1205 propter
1074 1163 1176 1204 quae
1213 1162 1275 1192 res
1314 1151 1451 1192 tantas
1492 1150 1722 1192 animorum
1758 1150 1854 1192 sub—

356 1220 612 1262 uersionibus
644 1219 876 1262 concitasti.
922 1219 1171 1262 nesciremus
1194 1219 1327 1262 adhuc
1355 1232 1509 1271 omneS,
1541 1219 1638 1273 quid
1659 1219 1701 1261 in
1723 1219 1855 1261 adulti

356 1300 519 1342 corpore
550 1288 661 1330 furor
691 1289 962 1331 desiderasset
983 1288 1219 1343 Agdestius,
1251 1288 1332 1331 nisi
1361 1302 1462 1343 puer
1493 1289 1651 1331 abscisa
1681 1288 1855 1330 satiatus
1871 1304 1900 1330 ιε,

293 1358 340 1398 14
357 1357 572 1400 obiecisset
603 1357 766 1400 offenso.
819 1358 919 1412 quid
950 1358 1088 1399 dicitis
1119 1369 1141 1398 ο
1175 1358 1346 1413 gentes?
1387 1358 1484 1411 quid
1521 1357 1756 1399 huiusmodi
1787 1358 1856 1398 de-

355 1427 466 1469 ditae
497 1427 758 1481 opinionibus
790 1427 1009 1469 nationes?
1040 1438 1174 1468 nonne
1205 1438 1298 1468 cum
1319 1427 1400 1469 ista
1421 1428 1677 1481 promuntur,
1710 1426 1854 1479 arripit

354 1509 426 1539 uos
464 1497 593 1550 pudor
632 1496 672 1538 et
711 1497 925 1538 tantarum
963 1495 1208 1538 uerecundia
1247 1494 1526 1537 foeditatum?
1571 1507 1643 1537 nos
1688 1508 1854 1537 auemus

355 1578 378 1607 a
408 1565 526 1606 uobis
567 1565 666 1618 quid
697 1566 745 1607 de
777 1565 855 1606 diis
895 1565 1068 1619 dignum
1099 1564 1167 1607 uel
1211 1565 1351 1607 audire
1381 1565 1447 1606 uel
1477 1565 1651 1616 discere,
1685 1565 1728 1606 at
1761 1576 1853 1606 uero

220 1644 243 1677 f.
262 1645 342 1676 10512
358 1645 429 1675 uos
462 1634 578 1676 nobis
610 1646 887 1676 mammarum
929 1634 1167 1687 expromitis
1203 1633 1209 1691 Ι
1246 1634 1513 1686 exsectiones,
1554 1632 1900 1686 amputationeseo

355 1702 542 1745 uirilium
570 1703 837 1753 ueretrorum,
874 1702 956 1744 iras
985 1703 1229 1757 sanguinem
1251 1703 1394 1753 furias,
1426 1703 1620 1744 interitus
1642 1701 1853 1755 uirginum

355 1771 609 1813 uoluntarios
651 1772 769 1813 etex
815 1771 1016 1826 sanguine
1061 1772 1316 1814 mortuorum
1360 1771 1478 1813 fiores
1527 1774 1650 1825 atque
1693 1770 1853 1812 arbores

354 1842 600 1894 procreatas.
647 1840 772 1882 dicite
805 1853 826 1882 ο
857 1840 1022 1892 iterum,
1055 1852 1200 1895 ergone
1236 1841 1358 1882 deum
1387 1841 1520 1882 mater
1550 1840 1746 1895 genitalia
1777 1840 1852 1881 illa

355 1910 518 1951 desecta
548 1922 642 1951 cum
671 1908 868 1951 fluoribus
906 1910 995 1962 ipsa
1025 1922 1097 1962 per
1127 1921 1169 1951 se
1199 1922 1383 1951 maerens
1423 1908 1605 1951 officiosa
1635 1909 1853 1950 sedulitate

354 1978 540 2033 collegit,
586 1978 676 2031 ipsa
720 1977 872 2020 sanctis
918 1978 1129 2029 manibus,
1177 1978 1266 2032 ipsa
1304 1978 1459 2020 diuinis
1501 1979 1770 2020 contrectauit
1808 1990 1853 2019 ac
1868 1992 1898 2016 25

354 2036 526 2089 sustulit
570 2046 765 2101 flagitiosi
809 2046 941 2100 operis
992 2047 1269 2089 instrumenta
1318 2047 1526 2101 foedique,
1576 2046 1855 2089 abscondenda

405 2183 423 2216 1
449 2181 480 2215 si
505 2181 543 2215 in
568 2191 613 2215 ex
638 2181 693 2215 sin
719 2181 754 2215 P
898 2181 919 2214 2
943 2180 1096 2215 acdestis
1121 2181 1158 2216 P
1304 2182 1326 2216 3
1351 2192 1372 2215 a
1396 2182 1467 2217 Sab
1612 2184 1634 2218 5
1657 2183 1855 2217 existimare

355 2239 427 2274 Sal)
581 2237 602 2271 6
626 2237 718 2282 cum]
745 2239 823 2272 tum
849 2238 922 2273 Sab
1075 2237 1292 2272 admiramur
1322 2239 1406 2274 Gel:
1447 2239 1709 2275 admirabamur
1733 2241 1767 2274 P

352 2296 374 2330 8
398 2294 606 2340 patefecerit
639 2295 759 2330 Salm:
795 2295 976 2330 atefecerit
1009 2297 1040 2329 P
1075 2295 1166 2340 Atys
1199 2295 1322 2330 fecerit
1355 2297 1427 2331 Sab
1464 2298 1556 2331 attes
1590 2297 1712 2332 fecerit
1744 2308 1764 2331 r

354 2354 395 2388 in
420 2364 475 2399 my
667 2353 688 2387 9
713 2352 899 2397 prouidam
925 2352 998 2387 Sab
1135 2352 1289 2388 acdestis
1314 2354 1350 2388 P
1487 2354 1530 2390 10
1554 2354 1706 2390 subiecit
1731 2355 1855 2400 Riyal-

355 2411 447 2446 tius.-
472 2410 605 2445 subicit
623 2410 658 2444 P
786 2421 927 2445 uxorem
944 2411 978 2444 P
990 2421 1071 2445 corr
1201 2411 1446 2446 adulentulum
1465 2414 1497 2445 P
1511 2422 1593 2447 corr
1733 2412 1775 2446 12
1792 2412 1854 2446 ho-

355 2481 492 2514 nestate
518 2479 610 2514 Sab:
647 2469 833 2513 honestate
856 2479 892 2514 P
1054 2481 1095 2515 13
1120 2480 1244 2525 inquid
1268 2481 1303 2515 P
1327 2492 1408 2516 corr
1568 2481 1640 2515 iras
1665 2480 1766 2515 Salm

356 2537 399 2572 15
423 2537 597 2572 acdestius
622 2537 658 2571 P
798 2536 954 2571 abscissa
973 2537 1046 2572 Sab
1070 2537 1245 2572 abscissae
1269 2538 1345 2580 Gel,
1370 2538 1439 2573 Urs
1463 2538 1638 2573 abscissas
1665 2538 1766 2572 Salm

354 2595 508 2628 satiatus
532 2594 681 2638 scripsi:
718 2593 898 2629 satietatis
924 2597 959 2629 P
988 2595 1169 2629 societatis
1201 2595 1270 2630 Urs
1303 2596 1392 2640 Atys
1426 2596 1613 2630 Meursius
1644 2596 1707 2630 has
1740 2596 1855 2639 partes

357 2650 457 2686 Salm
481 2651 643 2686 satietati
667 2651 959 2687 Hildebrandius
1098 2653 1141 2687 16
1165 2652 1297 2686 offenso
1323 2653 1442 2688 Sazm:
1474 2653 1598 2687 offensi
1622 2653 1657 2687 P
1689 2652 1854 2686 offensam

358 2709 435 2751 θεῖ,
465 2709 537 2744 Urs
677 2710 718 2744 18
743 2709 911 2744 habemus
937 2720 956 2745 c
1092 2709 1139 2745 20
1161 2710 1431 2754 amputationes.
1457 2710 1718 2754 amputationes
1735 2711 1768 2743 P

353 2766 398 2801 21
425 2767 576 2801 interius
593 2768 629 2802 P
644 2778 726 2803 corr
862 2767 907 2803 24
932 2766 1071 2801 desecta
1103 2767 1191 2802 Urs.-
1222 2767 1370 2802 disiecta
1394 2767 1429 2802 P
1567 2767 1737 2802 fluoribus
1769 2767 1855 2802 Urs:

355 2823 499 2858 floribus
527 2825 562 2858 P
697 2835 759 2869 per
789 2836 825 2859 se
850 2825 908 2859 del
933 2825 1120 2860 Meursius
