2032 3248
370 227 450 268 174
772 226 958 260 Arnobii
992 226 1207 260 aduersus
1241 225 1449 260 nationes

367 353 551 384 accessus
600 341 724 383 fontis
773 341 970 383 insidiosa
1020 341 1204 383 uenturis
1255 342 1488 396 opposuisse
1538 341 1714 384 fallacia.
1766 341 1859 383 illos

368 424 477 453 more
510 411 558 452 de
592 410 713 453 solito
743 410 911 452 bibendi
949 410 1200 464 adpetitione
1238 412 1444 463 correptos
1476 411 1526 452 ad
1556 410 1734 464 hospitia
1762 411 1859 452 nota

368 480 537 521 uenisse.
600 481 669 522 sed
710 492 803 521 cum
842 479 1068 532 liquoribus
1109 479 1288 521 odoratis
1329 479 1593 521 offendissent
1632 478 1860 533 fragrantia

367 549 526 603 pocula,
559 547 854 590 uetustioribus
885 547 1166 602 anteposuisse
1194 560 1257 589 res
1279 559 1417 599 nouas,
1449 547 1647 589 inuasisse
1668 548 1857 599 auiditer‚

366 616 579 659 dulcedine
621 616 799 670 potionis
840 617 978 671 captos
1015 616 1201 658 hausisse
1240 617 1333 670 plus
1370 616 1515 668 nimio,
1562 616 1859 659 obdormiuisse
1889 633 1902 656 5

365 685 493 727 factos
525 698 690 739 graues3
729 686 821 727 tum
851 685 914 726 bis
946 696 1061 727 senos
1090 685 1324 728 incubuisse
1356 685 1519 738 sopitis,
1551 685 1737 727 iniecisse
1767 697 1858 727 ma-

367 754 519 796 didatis
557 754 715 803 uincla,
755 754 1062 808 expergitosque
1100 754 1195 796 illos
1235 754 1381 796 statim
1419 754 1677 808 perdocuisse
1706 766 1855 809 regem,

368 824 516 876 quibus
548 823 597 865 ad
636 824 765 865 terras
801 823 935 865 modis
966 823 1150 876 Iuppiter
1187 823 1324 876 posset
1362 825 1402 865 et
1432 822 1642 865 sacrificiis
1673 823 1785 874 elici,
1817 823 1860 864 et

368 894 534 945 accepta
565 905 703 947 regem
734 892 904 934 scientia
933 904 1019 933 rem
1049 892 1093 934 in
1124 891 1331 933 Auentino
1362 891 1505 934 fecisse
1536 892 1741 943 diuinam,
1775 892 1857 934 ele-

368 961 474 1003 xisse
495 962 547 1002 ad
568 962 698 1003 terras
715 961 855 1003 Iouem
878 961 927 1003 ab
951 973 1076 1014 eoque
1097 961 1299 1014 quaesisse
1330 960 1578 1015 fulguritum
1607 961 1856 1014 procuratio·
1871 979 1902 1003 ιο

362 1029 426 1070 nis
446 1041 615 1072 morem.
647 1030 788 1072 Iouem
810 1029 880 1071 diu
911 1030 1151 1072 cunctatum
1182 1026 1391 1083 ‘expiabis‘
1422 1029 1513 1072 dixe
1543 1026 1689 1084 ‘capite
1719 1031 1856 1084 fulgu—

361 1094 477 1147 rita’;
528 1111 666 1153 regem
706 1099 959 1153 respondisse
999 1095 1224 1153 ‘caepicio‘3
1271 1099 1412 1140 Iouem
1450 1111 1590 1141 rursus
1630 1096 1854 1147 ‘human0';

360 1167 572 1209 rettulisse
602 1180 739 1223 regem
769 1165 853 1210 ‘sed
883 1164 1068 1222 capillo'3
1110 1168 1232 1210 deum
1264 1169 1406 1210 contra
1434 1164 1651 1218 ‘animali‘3
1683 1163 1855 1210 ‘maena'

361 1235 580 1279 subiecisse
617 1237 881 1291 Pompilium.
931 1238 1030 1279 tunc
1076 1237 1284 1292 ambiguis
1320 1237 1463 1279 Iouem
1506 1237 1854 1291 propositionibus

359 1306 526 1359 captum
557 1306 753 1349 extulisse
782 1307 887 1348 hanc
923 1318 1063 1349 uocem
1111 1301 1323 1360 ‘decepisti
1353 1319 1419 1348 me
1448 1305 1605 1356 Numa3
1648 1318 1745 1347 nam
1780 1318 1853 1361 ego
1869 1324 1899 1348 15

359 1373 551 1416 humanis
583 1375 786 1429 capitibus
807 1375 1013 1429 procurari
1035 1375 1330 1417 constitueram
1359 1375 1572 1430 fulgurita,
1603 1387 1683 1417 non
1710 1387 1855 1417 maena

361 1443 509 1496 capillo
541 1444 735 1497 caepicio:
785 1444 977 1497 quoniam
1006 1456 1073 1486 me
1103 1445 1241 1486 tamen
1272 1444 1345 1486 tua
1382 1444 1653 1486 circumuenit
1684 1444 1852 1494 astutia,

367 1524 486 1565 quem
518 1512 691 1554 uoluisti
721 1512 868 1554 habeto
899 1525 1055 1554 morem
1086 1514 1127 1555 et
1157 1513 1222 1555 his
1253 1513 1372 1555 rebus
1403 1526 1502 1567 quas
1532 1514 1676 1566 pactus
1698 1526 1739 1555 es
1761 1525 1852 1566 pro-

262 1613 266 1616 ·
319 1581 612 1624 zcurationem
642 1594 801 1635 semper
831 1582 1026 1635 suscipies
1055 1578 1375 1636 fulguritorum‘.
1408 1582 1507 1635 quid
1527 1582 1721 1636 primum,
1754 1583 1852 1636 quid

241 1654 342 1689 f.98b
356 1650 553 1692 ultimum
592 1651 660 1692 uel
699 1652 941 1704 exsequatur
978 1650 1141 1692 animus
1177 1650 1182 1706 Ι
1217 1651 1284 1693 uel
1322 1651 1580 1702 conticiscat‚
1626 1663 1700 1693 nec
1730 1651 1851 1694 facile
1865 1666 1897 1691 20

355 1719 470 1761 dictu
508 1719 570 1761 est
607 1732 739 1773 neque
776 1719 876 1761 ullis
917 1719 1309 1762 considerationibus
1347 1719 1593 1774 expeditum.
1639 1720 1699 1762 ita
1741 1720 1851 1762 enim

355 1790 449 1831 sunt
490 1789 626 1831 omnia
656 1789 697 1830 et
729 1789 956 1843 excogitata
988 1790 1029 1830 et
1060 1790 1295 1842 comparata
1335 1789 1505 1840 derisui,
1551 1790 1599 1831 ut
1639 1789 1694 1831 sit
1733 1789 1851 1831 uobis

356 1857 638 1909 conitendum,
670 1858 775 1900 falsa
806 1860 851 1899 ut
882 1858 1099 1899 credantur
1127 1858 1227 1899 haec
1258 1870 1363 1908 esse,
1403 1858 1529 1899 etiam
1559 1859 1594 1900 si
1625 1858 1708 1899 sint
1738 1871 1850 1909 uera,

355 1939 479 1979 quam
509 1927 691 1979 optinere
721 1926 830 1968 uelle
860 1937 931 1979 pro
963 1926 1070 1968 ueris
1102 1928 1143 1968 et
1174 1927 1291 1968 uelut
1323 1927 1520 1980 quiddam
1551 1927 1742 1969 mirabile
1771 1940 1850 1969 non

356 1995 440 2037 sine
469 1996 598 2048 ipsius
630 1995 813 2037 numinis
844 1995 1051 2037 insinuare
1093 1997 1343 2048 contemptu.
1390 1996 1489 2049 quid
1519 1997 1627 2038 enim
1660 1996 1796 2038 dicitis
1828 2007 1893 2037 025

355 2063 460 2105 isti?
505 2065 762 2106 credimusne
806 2064 928 2106 illum
966 2064 1152 2106 Faunum
1198 2067 1237 2106 et
1278 2064 1477 2106 Martium
1507 2065 1675 2116 Picum,
1722 2065 1757 2106 si
1804 2077 1850 2106 ex

353 2145 521 2175 numero
553 2134 649 2175 sunt
680 2133 848 2175 deorum
879 2134 919 2175 et
950 2146 995 2175 ex
1026 2133 1102 2174 illa
1131 2135 1329 2187 perpetua
1359 2134 1665 2187 immortalique
1687 2134 1847 2184 natura,

355 2200 446 2243 sitis
478 2201 698 2254 aliquando
729 2202 923 2244 ariditate
954 2202 1125 2244 siccatos
1156 2203 1291 2255 atque,
1315 2203 1361 2244 ut
1383 2203 1542 2244 aestum
1564 2203 1728 2255 possent
1747 2201 1849 2244 inri-

354 2283 451 2325 gare
482 2283 695 2321 uenarum,
727 2270 883 2312 fluenta
913 2271 993 2312 isse
1025 2273 1051 2323 †
1082 2283 1154 2325 per
1183 2271 1395 2312 fontium?
1426 2271 1680 2313 credimusne
1711 2271 1848 2324 captos

399 2396 417 2429 1
453 2395 624 2430 insidiosa
657 2407 690 2432 u.
725 2407 754 2431 ο.
788 2396 930 2431 fallacia
961 2397 1112 2440 scripsi:
1153 2396 1359 2430 insidiosam
1390 2407 1424 2431 u,
1458 2407 1488 2432 ο,
1520 2396 1698 2430 fallaciam
1723 2396 1759 2430 P

351 2453 373 2486 3
398 2452 596 2497 fragrantia
613 2453 707 2488 Sab:
734 2453 923 2498 flagrantia
940 2454 976 2488 P
1112 2455 1133 2488 5
1158 2453 1339 2488 dulcedine
1358 2454 1450 2489 Sab:
1475 2453 1695 2488 dulcedinem
1720 2453 1755 2488 P

351 2509 528 2544 haussisse
553 2511 587 2545 P
604 2521 684 2545 corr
813 2511 835 2545 8
859 2511 989 2555 ippiter
1014 2511 1049 2545 P
1064 2521 1146 2546 corr
1284 2513 1320 2545 et
1346 2522 1402 2546 om
1420 2511 1492 2546 Sab
1633 2511 1676 2544 10
1692 2510 1846 2555 fulguri-

351 2570 428 2601 tum
460 2568 608 2612 scripsi:
648 2568 756 2603 ritum
781 2568 818 2602 P
1028 2569 1069 2602 11
1098 2579 1228 2602 morem
1254 2579 1309 2602 om
1335 2568 1407 2603 Sab
1439 2570 1474 2601 et
1498 2578 1630 2602 morem
1656 2567 1757 2602 Salm

351 2624 481 2659 dixisse
505 2627 544 2667 ε’,
570 2625 642 2659 Sab
782 2625 825 2660 13
857 2626 1003 2660 animali
1020 2625 1115 2660 Sab:
1139 2625 1308 2660 animalia
1325 2626 1360 2660 P
1384 2625 1500 2659 anima
1520 2624 1588 2659 Gez
1724 2635 1847 2659 maena

352 2681 428 2715 add
443 2682 635 2716 Heraldus
655 2686 737 2725 post
762 2681 976 2727 Pompilium
1000 2683 1292 2718 Hildebrandius
1310 2687 1394 2727 post
1418 2682 1538 2716 anima
1677 2683 1719 2716 14
1744 2683 1846 2716 Pom-

351 2738 488 2782 pilium,
514 2739 620 2782 piscis
643 2739 708 2773 Gel
840 2740 882 2774 16
905 2751 975 2774 non
993 2751 1116 2774 maena
1132 2741 1284 2784 scripsi:
1308 2751 1415 2774 numa
1431 2740 1466 2774 P
1489 2750 1558 2773 non
1579 2739 1645 2774 Gel
1668 2742 1709 2773 tu
1725 2749 1847 2774 maena

351 2795 643 2831 Hildebrandius
759 2797 803 2833 21
824 2797 922 2831 dictu
941 2797 1034 2832 Sab:
1051 2798 1185 2832 dictum
1202 2799 1239 2833 P
1359 2798 1404 2832 23
1421 2798 1494 2832 sint
1517 2797 1603 2831 Urs.-
1621 2800 1705 2831 sunt
1722 2798 1756 2831 P

350 2851 395 2885 26
418 2851 641 2887 credemusne
659 2854 870 2897 Meursius;
894 2855 944 2889 sic
961 2855 1071 2889 etiam
1090 2859 1218 2899 postea
1355 2855 1399 2889 29
1423 2854 1537 2889 adisse
1562 2865 1705 2899 propere
1738 2854 1756 2888 sl
