2032 3248
791 229 913 262 Liber
949 229 986 261 Υ,
1550 232 1628 273 1ῖῇ

150 355 258 384 mero
291 344 329 383 et
361 342 572 384 dulcedine
605 344 770 384 inlectos
802 344 924 385 mulsi
957 346 1115 386 tamdiu
1148 358 1187 385 se
1219 347 1371 398 poculis
1402 346 1628 399 ingurgita—

152 412 256 452 uisse
289 411 526 460 fallacibus,
570 414 613 452 ut
644 425 767 464 usque
800 414 848 453 ad
880 413 1087 454 ebrietatis
1131 415 1355 466 periculum
1398 415 1629 455 ueniretur?

153 480 406 521 credimusne
437 481 565 521 uictos
597 492 734 521 somno
766 482 885 533 atque
918 482 1109 522 altissimi
1142 483 1292 534 soporis
1328 483 1529 523 obliuione
1560 485 1629 523 de-

156 560 308 590 mersos
349 549 550 590 uinciendi
593 549 749 601 copiam
790 549 851 589 sui
892 550 1136 591 animalibus
1169 551 1400 603 praebuisse
1434 551 1630 591 terrenis?

118 632 129 654 s
158 617 303 669 quibus
334 617 474 659 deinde
506 618 689 669 partibus
721 618 973 659 uinculorum
997 619 1089 659 illae
1111 619 1281 660 iniectae
1303 621 1395 659 sunt
1417 619 1630 660 nexiones?

153 686 374 727 soliditatis
405 686 608 726 habebant
640 686 851 738 quicquam
883 693 952 727 aut
984 700 1028 727 ex
1062 688 1173 728 duris
1210 688 1365 729 ossibus
1389 689 1628 728 informatae

149 754 310 795 fuerant
355 766 492 794 eorum
539 767 702 803 manus,
750 768 849 807 quae
894 755 1117 809 constringi
1165 756 1319 808 laqueis
1358 758 1398 797 et
1437 756 1628 796 nodorum

153 825 316 876 possent
347 823 655 875 inligationibus
688 823 891 864 coerceri?
938 835 1015 864 non
1046 825 1153 864 enim
1185 825 1361 876 requiro,
1394 837 1471 865 non
1505 824 1630 876 exigo.

156 905 205 932 an
244 891 397 943 aliquid
444 891 648 943 potuerint
693 891 769 931 fari
817 891 1021 932 ebrietatis
1058 892 1301 933 alienatione
1342 893 1550 937 nutantes,
1582 906 1629 933 an

101 960 248 1001 1oIoue
280 960 408 1001 inuito
440 960 504 1000 uel
535 959 667 1011 potius
701 960 834 1000 nescio
865 960 1123 1012 protrahendi
1155 961 1206 1001 ad
1237 961 1363 1001 terras
1388 961 1473 1001 eius
1506 960 1630 1001 ritum

151 1028 368 1080 quisquam
400 1029 576 1081 potuerit
608 1028 832 1080 publicare:
866 1028 965 1069 illud
999 1028 1129 1070 solum
1162 1029 1300 1069 audire
1322 1029 1515 1079 desidero,
1548 1041 1630 1081 cur,

157 1097 190 1137 si
222 1096 387 1137 Faunus
419 1098 457 1137 et
489 1096 610 1137 Picus
641 1105 734 1137 sunt
766 1096 895 1137 diuini
926 1097 1084 1150 generis
1117 1099 1155 1137 et
1186 1097 1413 1150 potestatis,
1446 1109 1523 1137 non
1556 1097 1630 1149 ipsi

154 1165 288 1217 potius
331 1164 489 1206 edidere
529 1165 736 1217 quaerenti
778 1165 819 1205 id
863 1165 981 1217 quod
1011 1165 1059 1206 ab
1099 1166 1184 1218 ipso
1228 1166 1322 1206 Ioue
1367 1165 1631 1218 periculosius

149 1233 285 1274 Numa
325 1233 513 1286 cupiebat
555 1234 721 1275 audire?
765 1235 767 1285 i
805 1246 854 1274 an
898 1234 1094 1286 numquid
1136 1234 1319 1287 Iuppiter
1359 1234 1467 1275 solus
1511 1234 1631 1275 huius
1647 1242 1667 1272 f.
1683 1244 1724 1273 90

99 1315 127 1339 ιε
143 1302 200 1342 rei
241 1302 453 1343 rscientiam
495 1305 690 1343 nouerat?
731 1302 779 1343 ab
813 1302 897 1354 ipso
930 1304 1034 1343 enim
1066 1303 1260 1344 decidunt
1297 1303 1468 1343 fulmina
1498 1327 1546 1345 Η
1580 1309 1621 1343 ut

143 1370 385 1411 inminentia
424 1383 634 1423 procurare
675 1370 847 1411 alicuius
878 1370 1022 1411 debeat
1053 1371 1245 1412 scientiae
1277 1371 1522 1424 disciplina?
1573 1383 1622 1412 an

146 1451 238 1480 cum
270 1439 356 1492 ipse
387 1439 587 1480 iaculetur
618 1439 689 1480 hos
721 1440 846 1492 ignes,
879 1439 1052 1480 aliorum
1087 1439 1140 1480 sit
1171 1439 1300 1491 operis
1332 1439 1446 1488 scire,
1479 1440 1629 1491 quibus

142 1508 272 1548 modis
319 1509 531 1549 conueniat
573 1509 652 1548 iras
693 1508 778 1549 eins
820 1510 937 1560 atque
978 1508 1132 1549 animos
1175 1511 1427 1562 temperare?
1473 1508 1624 1548 etenim

143 1589 281 1617 reuera
310 1576 605 1617 stultissimum
628 1576 785 1617 credere
807 1577 878 1628 est,
912 1578 1044 1629 ipsum
1067 1576 1243 1617 remedia
1266 1577 1444 1625 sciscere,
1478 1575 1623 1628 quibus

97 1658 129 1683 20
146 1645 282 1685 auerti
321 1646 477 1697 possint
513 1657 558 1685 ea
603 1657 704 1697 quae
740 1658 808 1697 per
846 1644 1030 1685 fulminis
1070 1645 1222 1685 iactum
1254 1645 1292 1685 in
1326 1645 1513 1685 humanis
1546 1645 1630 1685 tieri

153 1713 412 1754 constituerit
444 1713 575 1754 rebus.
620 1713 694 1754 hoc
725 1717 784 1754 est
813 1713 921 1753 enim
952 1713 1102 1753 dicere:
1138 1712 1207 1752 illo
1231 1713 1333 1753 ritus
1354 1726 1497 1766 genere
1521 1725 1629 1753 meas

143 1781 229 1821 iras
262 1780 493 1833 placabitis,
530 1781 570 1822 et
601 1781 633 1821 si
666 1781 822 1833 quando
853 1795 923 1834 per
962 1781 1124 1834 fulgura
1162 1781 1443 1833 significauero
1475 1780 1631 1833 aliquid

143 1849 379 1898 imminere,
414 1849 536 1890 facite
567 1850 640 1890 hoc
673 1851 711 1890 et
744 1850 865 1899 illud,
898 1851 944 1890 ut
974 1850 1079 1902 quod
1120 1850 1205 1890 fieri
1245 1850 1369 1890 statui
1409 1850 1527 1889 inane
1560 1850 1629 1890 fiat

144 1919 182 1959 et
214 1931 386 1959 uacuum
409 1920 447 1958 et
469 1931 672 1959 sacrorum
694 1918 734 1958 ui
758 1919 958 1959 uanescat.
1001 1919 1067 1959 sed
1091 1919 1367 1959 concedamus.
1402 1919 1446 1957 ut
1467 1917 1626 1966 dicitur,
1645 1917 1666 1955 3

98 1987 279 2040 25ipsum
313 1987 527 2028 aduersum
560 2001 600 2027 se
634 1987 767 2027 Iouem
801 1987 977 2027 remedia
1017 1987 1137 2028 scisse
1178 1994 1297 2038 atque
1334 1988 1438 2027 artes
1484 1986 1629 2037 quibus

146 2056 198 2096 iri
233 2056 395 2096 obuiam
428 2056 511 2096 suis
543 2055 909 2108 significationibus
942 2056 1192 2095 conueniret:
1226 2054 1400 2095 etiamne
1422 2054 1629 2094 credemus

153 2124 271 2165 deum
315 2124 491 2164 numinis
532 2125 635 2164 tanti
677 2126 852 2165 tractum
894 2136 978 2163 esse
1020 2123 1069 2163 ad
1111 2125 1238 2163 terras
1272 2125 1310 2163 et
1341 2123 1380 2163 in
1418 2124 1628 2163 uerrucula

151 2193 265 2233 collis
298 2193 416 2233 unius
448 2205 540 2233 cum
571 2192 814 2233 homunculo
853 2193 1029 2232 stantem
1070 2190 1349 2231 altercabilem
1382 2191 1628 2232 conseruisse

152 2264 409 2302 sermonem?
456 2262 494 2301 et
525 2274 720 2313 quaenam
755 2261 838 2308 illa,
872 2271 1028 2311 quaeso,
1062 2259 1200 2299 diuina
1233 2272 1291 2298 res
1324 2258 1414 2307 fuit,
1448 2272 1547 2310 quae
1578 2259 1627 2299 ab

99 2342 132 2366 ³0
151 2329 305 2381 impetu
337 2343 468 2370 rerum
503 2331 615 2370 tanto
648 2329 785 2370 Iouem
818 2327 1013 2380 compulit
1044 2327 1203 2367 auocari
1226 2325 1264 2367 et
1287 2327 1521 2368 mortalium
1543 2340 1627 2368 sese

149 2396 523 2438 denuntiationilms
555 2398 724 2437 sistere?
756 2397 862 2437 mola
894 2395 1013 2443 salsa,
1048 2402 1126 2441 tus,
1152 2395 1328 2447 sanguis,
1362 2395 1626 2436 uerbenarum

189 2569 208 2601 ’.ἒ
227 2568 408 2601 ebrietatis
428 2569 461 2601 P
566 2568 587 2599 3
606 2568 716 2600 uictos
738 2567 823 2600 lfrx:
844 2567 978 2600 uinctos
995 2567 1027 2599 P
1137 2566 1177 2598 14
1196 2565 1359 2609 numquit
1377 2566 1411 2598 P
1426 2575 1505 2599 corr
1518 2577 1537 2598 r

146 2625 187 2658 15
212 2624 254 2658 ab
281 2625 354 2668 ipso
374 2626 462 2658 Sub.-
490 2624 532 2657 ad
559 2625 669 2667 ipsum
698 2624 731 2657 1’
867 2624 1032 2656 lacunam
1057 2623 1206 2665 siglnaui
1343 2623 1385 2656 15
1401 2634 1449 2665 sq.
1476 2622 1625 2665 (abipso

148 2681 237 2714 enim
265 2682 442 2722 decidunt)
469 2682 619 2714 fulmina
646 2682 685 2713 ut
711 2681 731 2713 i.
759 2680 931 2723 procurari
958 2691 987 2714 a.
1005 2679 1154 2712 debcant
1174 2679 1358 2712 Meursius
1476 2680 1516 2712 19
1542 2680 1625 2713 scis-

145 2749 216 2771 cere
239 2739 439 2773 llerablns:
465 2740 550 2772 scire
571 2739 603 2771 J’
739 2738 783 2770 ‘20
807 2749 843 2770 ea
861 2749 912 2771 om
933 2736 1003 2770 Sil)
1142 2738 1181 2769 21
1203 2737 1306 2779 meas]
1326 2737 1439 2770 minas
1461 2736 1533 2770 Sab

144 2795 187 2828 22
204 2795 272 2828 iras
289 2807 318 2838 r,
336 2796 540 2830 Mem-sius.-
560 2795 619 2828 lias
637 2795 670 2828 P
761 2795 804 2827 23
822 2796 860 2826 ut
879 2793 952 2826 add
968 2794 1037 2826 &ab
1130 2793 1173 2826 24
1191 2803 1363 2826 sacrorum
1384 2793 1417 2826 ui
1437 2794 1625 2828 omacius.-

149 2862 321 2885 sacrorum
342 2854 375 2886 P
393 2864 525 2886 sacrum
546 2853 617 2886 Sub
756 2851 796 2884 27
818 2851 999 2884 uerrucula
1018 2850 1106 2882 Sub.-
1132 2850 1299 2884 ueri-icula
1319 2850 1351 2882 P
1487 2850 1527 2883 31
1547 2861 1623 2890 sag-

148 2909 242 2942 mina
260 2913 339 2952 (pro
359 2910 515 2953 sanguis)
534 2909 772 2944 uerbenarum,
799 2907 929 2940 suffiti«)
950 2907 1107 2950 Sculiyer
