2032 3248
347 242 427 286 194
976 239 1220 284 Appendix.

343 349 438 386 mal
469 347 646 396 diligit
678 346 841 385 simile
874 345 1003 384 sibi?
1026 347 1063 384 et
1085 346 1241 384 iterum:
1274 344 1511 383 uolatilia
1532 345 1589 383 ad
1609 345 1706 383 sibi
1727 344 1855 382 simi-

342 417 411 455 lia
441 416 752 456 conueniunt.
796 416 861 453 sed
882 417 921 454 et
943 415 976 453 si
996 415 1138 453 femina
1159 414 1290 453 utilior
1311 414 1613 460 existimaretur,
1646 425 1719 452 non
1742 425 1853 461 opor-

300 515 302 518 -
342 487 449 525 tebat
470 485 638 524 carnalia
659 485 913 523 emolumenta
933 495 1163 532 praeponere
1179 483 1416 521 utilitatibus
1438 482 1671 531 spiritalium
1688 494 1854 521 commo-

343 557 474 593 dorum
495 555 533 593 et
555 553 779 602 expediebat
800 553 1112 602 qualemcumque
1132 552 1258 590 uirum
1279 552 1456 590 inutilem
1478 552 1664 590 sustinere
1684 563 1752 599 pro
1774 551 1855 590 exi-

343 623 560 662 stimatione
581 622 785 661 munienda
807 633 920 670 quam
940 623 1058 660 bonos
1079 622 1236 660 effectus
1267 621 1439 660 mulieris
1470 633 1555 659 cum
1575 620 1853 660 existimatione
1867 634 1882 658 5

341 693 578 741 turpissima.
611 693 710 740 quod
732 692 907 730 Salomon
943 693 1138 739 comparat
1175 691 1325 730 dicens:
1368 690 1541 729 melior
1572 692 1672 738 est,
1713 690 1851 739 inquit,

339 762 589 810 iniquitas
630 761 729 799 uiri
770 773 908 809 quam
937 760 1255 799 benefaciens
1296 759 1485 799 mulier.
1517 759 1734 799 artificialia
1764 761 1854 799 sunt

337 831 466 879 itaque
503 841 650 879 semper
671 830 815 868 diaboli
845 829 1049 876 beneficia,
1091 830 1229 878 quibus
1266 829 1461 878 ingenium
1498 840 1589 868 suae
1626 829 1852 868 calliditatis

338 911 516 939 exercens
539 899 812 939 sanctimoniae
844 899 995 937 deditos
1026 899 1167 937 dolosis
1199 899 1530 938 commoditatibus
1562 900 1669 937 iuuat
1699 900 1743 937 ut
1763 910 1851 948 per-

338 970 425 1007 dat:
458 971 496 1007 et
526 968 627 1007 inter
657 968 897 1007 continentes
920 968 1029 1016 quasi
1060 968 1273 1007 necessaria
1294 969 1548 1007 emolumenta
1569 969 1711 1007 mutuis
1743 969 1898 1008 adiu-10

336 1039 554 1078 uaminibus
577 1038 872 1077 subministrans
894 1038 1016 1087 adigit
1037 1038 1144 1086 prius
1165 1038 1376 1077 masculum
1413 1040 1452 1077 et
1488 1038 1669 1077 feminam
1704 1038 1852 1087 pariter

338 1108 594 1158 [conuersari],
634 1109 677 1146 ut
713 1109 915 1156 postquam
951 1107 1230 1156 inseparabiles
1251 1107 1385 1146 fecerit
1415 1119 1481 1156 per
1503 1107 1687 1147 alterutra
1709 1108 1851 1147 solacia

334 1179 458 1226 possit
479 1178 648 1217 occidere
670 1178 803 1217 dantes
825 1177 1019 1225 simplices
1050 1177 1194 1216 animos
1225 1177 1274 1216 ad
1304 1177 1497 1215 castitatis
1527 1179 1617 1216 uota
1649 1178 1848 1226 seruanda,

335 1250 372 1286 et
393 1247 683 1296 inpugnationis
715 1258 805 1286 suae
836 1258 943 1285 arma
973 1247 1187 1285 subducens
1218 1245 1372 1284 interim
1395 1246 1504 1294 quasi
1525 1246 1699 1294 placidus
1721 1246 1848 1286 fautor

333 1317 506 1365 suggerit
528 1317 748 1356 sanctitatis
769 1318 1013 1365 argumenta,
1052 1316 1170 1355 donec
1205 1315 1350 1355 diutius
1371 1316 1471 1354 inter
1492 1317 1623 1355 ambos
1655 1317 1846 1356 inimicam
1860 1332 1891 1357 15

332 1386 478 1425 nutriat
499 1386 720 1425 amicitiam.
753 1386 847 1425 facit
877 1386 1050 1425 affabiles
1073 1385 1235 1424 inuicem
1257 1386 1330 1423 sibi
1352 1388 1390 1424 et
1412 1385 1615 1434 deseruire,
1647 1388 1686 1424 et
1707 1387 1846 1425 adsen-

332 1457 434 1495 tator
454 1455 619 1494 infestus
641 1455 913 1503 impedimenta
934 1466 1132 1493 remouens
1153 1455 1332 1493 uniuersa
1362 1455 1568 1494 commodis
1600 1466 1728 1494 eorum
1750 1468 1845 1504 gau-

333 1525 397 1562 det
417 1524 625 1563 efficaciam
646 1524 898 1571 commodare,
936 1526 978 1561 ut
999 1526 1081 1562 tota
1117 1536 1179 1563 eos
1202 1524 1355 1562 sibimet
1375 1524 1471 1572 ipsis
1492 1524 1719 1564 necessitate
1743 1537 1844 1564 com-

331 1594 513 1631 mendans
551 1594 728 1632 exhibere
766 1604 830 1632 eos
866 1593 989 1641 possit
1025 1593 1066 1631 in
1088 1594 1315 1632 alterutrum
1336 1593 1451 1632 solita
1472 1594 1729 1633 consolatione
1750 1606 1844 1642 pen-

330 1663 431 1701 dere.
474 1673 549 1700 non
585 1663 671 1701 uult
707 1673 771 1701 eos
807 1662 847 1700 in
885 1663 1011 1710 aliquo
1043 1662 1214 1711 inpedire
1228 1693 1237 1710 ,
1279 1674 1326 1701 ne
1347 1665 1498 1712 separet
1519 1665 1598 1702 tam
1619 1664 1847 1712 spiritaliter
1859 1678 1893 1704 20

330 1743 443 1780 quam
480 1731 697 1771 carnaliter.
740 1731 987 1771 inconcussos
1023 1731 1141 1771 efficit
1162 1732 1306 1778 uiuere,
1343 1744 1390 1771 ne
1411 1733 1496 1781 ipsa
1517 1733 1714 1772 societatis
1737 1733 1848 1772 initia

329 1801 519 1839 inmaturo
542 1802 710 1849 tempore
752 1801 903 1839 foedera
938 1802 1072 1849 coepta
1108 1801 1350 1840 conturbent.
1383 1814 1501 1850 usque
1532 1803 1624 1841 adeo
1646 1802 1733 1841 illos
1754 1815 1844 1851 pro-

327 1869 545 1909 uidentibus
567 1869 715 1909 cunctis
738 1870 787 1908 ad
807 1870 1019 1918 perfectum
1051 1870 1270 1909 sanctitatis
1291 1871 1432 1909 inuitat
1453 1870 1560 1911 fouet
1580 1873 1768 1920 subleuat,
1802 1875 1845 1911 ut

329 1938 398 1977 Dei
435 1950 517 1977 esse
553 1940 772 1987 computent
810 1940 993 1978 beneficia
1028 1940 1112 1988 ipsa
1149 1940 1352 1988 contraria,
1390 1941 1527 1989 quibus
1549 1926 1780 1980 inducuntur
1801 1945 1844 1981 ut

325 2010 503 2056 pereant,
540 2008 756 2047 nescientes
794 2021 999 2057 numquam
1020 2009 1141 2047 Deum
1176 2009 1308 2047 iuuare
1346 2011 1444 2058 quod
1466 2012 1584 2049 uetat.
1628 2011 1766 2059 quibus
1801 2011 1842 2050 in
1855 2026 1888 2053 25

325 2078 475 2115 tantum
497 2077 672 2116 diabolus
709 2078 909 2117 blandiens
952 2079 1196 2117 securitatem
1231 2081 1433 2127 praeparat
1471 2080 1743 2120 sanctimoniae
1756 2112 1765 2129 ,
1797 2084 1841 2120 ut

325 2146 543 2184 coniunctos
583 2158 622 2185 se
644 2147 769 2195 magis
790 2147 993 2186 aestiment
1014 2159 1128 2195 quam
1151 2147 1361 2186 disiunctos
1392 2148 1606 2188 immobiles
1627 2149 1728 2188 circa
1749 2149 1838 2188 libi-

325 2214 450 2253 dinem
472 2215 700 2264 perdurare:
725 2227 818 2264 quos
850 2228 934 2255 cum
964 2216 1066 2255 omni
1096 2217 1379 2265 tranquillitate
1402 2218 1590 2256 deducens
1609 2218 1727 2257 nullis
1747 2231 1836 2267 pro-

415 2372 435 2406 1
462 2372 528 2407 Sir.
554 2373 610 2416 27,
635 2373 668 2407 9.
809 2374 830 2408 6
856 2373 923 2409 Sir.
949 2373 1005 2415 42,
1033 2373 1087 2408 14.

415 2521 433 2554 1
459 2521 520 2556 alt.
549 2522 617 2556 sibi
643 2533 709 2557 om.
736 2533 757 2558 v
883 2523 905 2557 2
930 2522 1154 2558 existimatur
1181 2524 1210 2559 G
1332 2526 1354 2559 5
1381 2524 1490 2559 bonus
1522 2525 1566 2561 0¹
1701 2527 1720 2560 7
1746 2526 1833 2560 arti-

321 2577 430 2611 ficiali
456 2578 501 2613 0¹
656 2580 678 2614 8
705 2579 828 2624 itaque
858 2580 887 2615 C
909 2580 972 2615 sed
999 2591 1066 2625 que
1090 2592 1117 2615 s.
1145 2582 1168 2617 l.
1196 2593 1241 2616 m.
1268 2585 1290 2617 2
1453 2582 1622 2617 beneficia
1648 2583 1704 2625 0¹,
1730 2594 1833 2619 uene-

320 2634 401 2669 ficia
426 2635 493 2671 C'v
678 2637 699 2671 9
726 2637 828 2672 iubat
859 2638 902 2673 0¹
1088 2639 1131 2673 11
1156 2639 1408 2674 subministras
1439 2640 1483 2675 (1¹
1646 2641 1764 2686 adigit
1794 2642 1833 2684 G,

322 2692 401 2736 agit
426 2704 447 2728 v
586 2694 630 2729 12
655 2695 859 2729 conuersari
883 2706 948 2730 om.
974 2695 1003 2731 C
1140 2697 1377 2742 inseparabile
1409 2697 1452 2733 0¹
1593 2698 1768 2734 alterutra
1793 2699 1831 2741 Ο,

321 2751 381 2783 utr
405 2760 432 2784 s.
458 2750 480 2784 l.
505 2761 550 2784 m.
576 2753 599 2785 2
752 2752 796 2786 13
821 2751 928 2787 dante
960 2753 1002 2788 Ο1
1156 2754 1199 2788 16
1226 2754 1425 2789 amicitiam
1455 2756 1490 2798 Ο,
1517 2756 1740 2791 concordiam
1764 2768 1785 2792 v

320 2807 389 2841 sibi
415 2807 568 2842 inuicem
594 2820 614 2844 v
777 2809 822 2844 22
847 2810 1033 2845 conturbet
1056 2811 1085 2847 C
1246 2811 1452 2847 uidentibus
1478 2824 1498 2848 v
1661 2814 1707 2849 25
1731 2825 1829 2859 pare-

319 2866 381 2898 ant
412 2865 455 2900 0¹
