2032 3248
825 246 951 280 Liber
979 247 1002 279 l.
1598 250 1645 290 17

172 360 394 413 impietatis
425 362 465 401 et
495 360 697 414 sacrilegii
727 361 858 414 plena,
891 362 1155 403 caerimonias
1185 362 1413 415 antiquitus
1434 362 1646 404 institutas

173 428 364 470 nouitatis
401 440 495 469 suae
532 429 813 482 superstitione
851 430 1159 470 contaminans?
1208 429 1370 471 hoccine
1408 431 1469 471 est
1499 442 1644 483 quaeso
1659 432 1711 471 26

171 496 298 539 audax
330 496 430 538 illud
461 497 617 538 facinus
649 497 687 538 et
717 496 897 547 inmane,
939 498 1102 550 propter
1133 498 1237 550 quod
1276 498 1443 539 maximi
1485 498 1647 540 caelites

174 565 179 619 Ι
214 565 372 606 30111003
418 565 459 605 111
497 577 566 606 1103
606 565 819 606 intendunt
856 566 1008 606 irarum
1046 566 1165 618 atque
1213 566 1535 620 indignationum
1580 580 1722 611 su-1·.9

144 646 303 680 sarum,
349 635 511 686 propter
550 634 652 686 quod
697 647 766 675 1103
806 634 902 686 ipsi,
949 646 1039 675 cum
1085 634 1211 675 libido
1255 635 1465 676 incesserit
1515 647 1647 685 saeua,

171 702 315 742 exuitis
347 713 416 743 nos
448 702 574 751 bonis,
606 701 882 743 exterminatis
902 702 1044 754 patriis
1072 702 1245 752 sedibus,
1277 702 1472 757 inrogatis
1497 703 1649 756 suppli-

169 770 231 811 cia
270 771 481 822 capitalia,
519 772 713 823 torquetis
763 771 989 812 dilaceratis
1038 771 1204 811 exuritis
1254 774 1294 811 et
1330 771 1380 812 ad
1425 772 1647 813 extremum

171 851 241 880 nos
276 838 371 881 feris
407 841 447 880 et
483 839 691 880 beluarum
722 839 942 881 laniatibus
973 839 1217 881 obiectatis?
1259 839 1439 892 quisquis
1470 839 1577 880 istud
1608 840 1650 881 in

171 907 286 948 nobis
317 907 484 949 damnat
513 909 584 949 aut
614 907 655 948 in
695 907 831 960 aliqua
868 908 981 948 ducit
1012 908 1296 949 criminatione
1337 908 1585 960 ponendum,
1616 908 1651 949 is

128 995 158 1019 ιο
171 977 242 1016 aut
281 976 440 1017 nomine
480 976 745 1030 appellandus
786 977 845 1017 est
885 976 1080 1025 hominis,
1125 977 1312 1029 quamuis
1352 976 1422 1017 ille
1463 977 1651 1018 uideatur

171 1043 268 1095 sibi,
299 1045 371 1085 aut
401 1045 498 1085 deus
528 1057 612 1085 esse
643 1045 860 1086 credendus
892 1048 970 1095 est,
1007 1045 1195 1097 quamuis
1226 1045 1312 1097 ipse
1343 1057 1384 1086 se
1416 1056 1502 1085 esse
1539 1044 1651 1085 mille

170 1112 405 1165 profiteatur
436 1113 477 1153 in
509 1113 701 1154 uatibus?
751 1113 937 1165 profanos
970 1124 1053 1162 nos,
1094 1113 1238 1166 impios
1269 1113 1506 1153 Dodonaeus
1537 1114 1608 1154 aut
1633 1137 1650 1155 *

172 1180 354 1234 Iuppiter
384 1181 583 1233 nominat,
616 1182 655 1221 et
684 1181 769 1233 ipse
801 1181 955 1222 dicetur
985 1181 1081 1222 deus
1113 1182 1233 1234 atque
1263 1182 1304 1222 in
1334 1180 1473 1222 ordine
1504 1192 1652 1233 conpu—

171 1249 326 1290 tabitur
366 1249 599 1293 numinum.
650 1249 718 1302 qui
755 1250 825 1290 aut
866 1261 1024 1290 summo
1065 1248 1335 1290 seruientibus
1376 1249 1461 1302 regi
1501 1249 1651 1290 crimen

130 1318 393 1370 rsimpietatis
425 1317 598 1372 adfingit
627 1319 698 1358 aut
732 1318 808 1358 sibi
830 1319 1043 1370 torquetur
1074 1318 1327 1359 maiestatem
1359 1317 1444 1358 eius
1476 1318 1653 1358 cultum-

173 1399 247 1438 que
278 1386 494 1439 praeponi?
526 1386 667 1427 Delius
688 1386 834 1437 Apollo
864 1386 928 1426 uel
964 1385 1135 1435 Clarius,
1169 1385 1416 1439 Didymaeus
1451 1385 1653 1426 Philesius

172 1454 345 1508 Pythius
367 1456 393 1505 †
415 1454 519 1496 ethis
551 1453 757 1495 habendus
788 1454 952 1495 diuinus
984 1456 1056 1503 est,
1090 1454 1159 1506 qui
1189 1455 1259 1495 aut
1290 1467 1495 1495 summum
1526 1455 1654 1507 impe-

173 1524 343 1564 ratorem
376 1522 505 1563 nescit
535 1524 605 1563 aut
636 1523 795 1575 ignorat
825 1535 848 1563 a
880 1523 993 1564 nobis
1029 1523 1244 1564 cotidianis
1277 1523 1312 1563 ei
1342 1523 1527 1575 precibus
1559 1535 1654 1574 sup-

172 1591 343 1644 plicari?
373 1592 441 1644 qui
473 1591 507 1631 si
535 1592 743 1644 pectorum
783 1593 934 1632 secreta
970 1591 1142 1632 nesciret
1182 1603 1253 1632 nec
1288 1591 1385 1643 quid
1421 1592 1462 1631 in
1497 1590 1654 1631 intimis

129 1680 160 1704 20
173 1660 356 1701 sensibus
387 1660 665 1701 contineamus
696 1661 943 1713 agnosceret,
975 1672 1182 1700 summum
1211 1660 1348 1700 tamen
1369 1659 1554 1700 inuocare
1584 1672 1655 1701 nos

173 1729 292 1770 deum
322 1730 362 1770 et
392 1729 441 1769 ab
473 1741 517 1770 00
547 1729 653 1781 quod
691 1728 943 1781 postulamus
974 1739 1085 1769 orare
1115 1729 1180 1769 uel
1211 1728 1374 1769 auribus
1400 1727 1534 1780 potuit
1555 1728 1655 1769 scire

175 1797 238 1837 uel
270 1797 396 1850 ipsius
435 1797 543 1837 uocis
581 1808 676 1837 sono
706 1809 785 1848 qua
826 1796 978 1837 utimur
1007 1797 1047 1837 in
1078 1796 1262 1849 precibus
1301 1796 1511 1838 noscitare.
1558 1808 1656 1838 non·
1671 1801 1719 1841 27

175 1864 271 1905 dum
309 1866 370 1905 est
406 1865 516 1905 locus
560 1866 607 1905 ut
644 1864 910 1917 explicemus,
956 1876 1092 1905 omnes
1137 1865 1207 1906 isti
1245 1865 1313 1917 qui
1352 1876 1423 1906 nos
1462 1863 1656 1906 damnant

175 1933 243 1985 qui
274 1933 355 1974 sint
385 1935 449 1974 uel
480 1933 584 1974 unde
620 1932 715 1982 sint,
748 1934 948 1985 quantum
984 1932 1142 1985 possint
1176 1933 1241 1974 uel
1278 1934 1473 1983 uenerint,
1506 1945 1574 1974 cur
1605 1933 1655 1973 ad

130 2019 162 2043 ‘25
176 2000 326 2042 Christi
366 2002 541 2054 paveant
581 2001 847 2050 mentionem,
892 2000 1109 2053 discipulos
1151 2014 1221 2042 cur
1252 2001 1337 2043 eius
1369 2001 1554 2042 inimicos
1584 2001 1654 2042 ha-

175 2069 299 2111 beant
329 2071 369 2110 et
399 2070 571 2110 inuisos:
603 2069 708 2121 quod
743 2070 880 2110 tamen
915 2069 1138 2110 humanum
1173 2069 1456 2122 pollicentibus
1493 2082 1655 2110 sensum

176 2151 254 2179 una
292 2138 439 2190 pariter
479 2137 712 2179 definitione
752 2137 944 2192 figamus:
985 2137 1089 2179 nibil
1121 2151 1262 2179 sumus
1294 2138 1406 2179 aliud
1437 2137 1655 2179 Christiani

176 2207 254 2247 nisi
299 2207 494 2260 magistro
533 2205 691 2248 Christo
738 2206 887 2247 summi
925 2206 1032 2260 regis
1070 2219 1115 2248 30
1146 2206 1339 2259 principis
1379 2207 1654 2257 ueneratores3

182 2275 186 2327 1
222 2275 342 2324 nihil,
390 2275 423 2315 si
468 2276 712 2323 consideres,
759 2275 869 2316 aliud
915 2275 1094 2316 inuenies
1132 2275 1173 2316 in
1217 2275 1297 2316 ista
1334 2275 1526 2329 religione
1565 2287 1655 2315 uer·
1670 2288 1745 2319 11⁹¹»

224 2456 240 2488 1
261 2455 468 2488 carimonias
487 2455 521 2488 P
538 2465 616 2488 corr
715 2459 735 2488 «5
753 2456 895 2488 exsuitis
914 2456 949 2489 P
1039 2466 1101 2489 nos
1121 2455 1212 2489 Sab:
1229 2466 1298 2488 non
1317 2455 1351 2488 P
1447 2456 1468 2489 8
1486 2456 1658 2489 ueluarum

182 2513 214 2545 Ρ
230 2522 308 2545 corr
440 2513 481 2546 10
498 2512 587 2545 haud
609 2513 678 2545 &ab
809 2513 962 2546 numinis
988 2513 1055 2546 Urs
1188 2514 1227 2546 11
1245 2512 1338 2547 haud
1356 2511 1429 2546 Sao
1563 2512 1660 2546 mille

182 2568 298 2602 Salm:
338 2569 486 2602 similem
527 2571 556 2601 Ρ
736 2570 777 2601 12
813 2569 974 2612 profanos
1020 2569 1105 2603 Urs:
1154 2569 1335 2613 profanffls
1372 2568 1406 2601 P
1442 2568 1660 2612 Trophonius

183 2626 351 2659 Pithoeus
489 2630 550 2659 aut
570 2626 693 2668 impios
712 2626 916 2660 Dodonaeus
942 2627 1010 2661 Urs
1133 2626 1306 2660 dodoneus
1325 2627 1360 2660 P
1494 2626 1658 2659 lacunam

181 2683 343 2726 xtyvnaui:
369 2683 471 2717 aliud
491 2684 589 2717 lonis
607 2694 798 2726 coynonwn
817 2683 1038 2717 intercidisse
1055 2683 1204 2717 uidetur
1327 2683 1368 2716 16
1385 2683 1522 2727 appollo
1536 2684 1571 2717 P

182 2739 374 2772 ‹lidimaeus
408 2740 442 2772 P
623 2739 755 2772 filesius
788 2740 822 2773 P
1003 2741 1042 2774 17
1077 2742 1111 2773 et
1143 2740 1173 2772 is
1206 2739 1278 2773 Sab
1301 2741 1341 2773 in
1366 2750 1444 2774 err.-
1469 2750 1659 2784 cognomen

183 2795 365 2838 Apollinis
383 2795 599 2838 (Smintheus
625 2796 654 2838 Ρ)
673 2797 782 2829 latere
799 2797 958 2839 suspicor
1088 2797 1131 2830 23
1148 2797 1234 2830 istos
1253 2796 1324 2830 Sab
1451 2797 1495 2831 25
1510 2797 1660 2830 habeant

189 2851 279 2884 Sub:
304 2851 434 2885 habent
450 2853 483 2886 P
620 2853 660 2886 27
688 2852 829 2886 ficamus
849 2853 883 2886 P
906 2863 986 2887 corr
1125 2853 1214 2886 aliut
1240 2853 1272 2886 P
1296 2863 1375 2887 corr

322 2920 379 2954 IV.
1506 2926 1526 2956 2
