2032 3248
626 206 856 241 Aduersus
886 206 1071 240 ludaeos
1106 216 1131 240 c.
1162 209 1190 240 1.
1586 209 1663 249 133

403 515 577 579 VIIII.
633 513 1026 579 ADVERSVS
1070 512 1410 578 IVDAEOS.

208 809 421 859 Adtendite
452 831 603 858 sensum
633 822 671 858 et
701 820 1004 868 intellegentiam
1026 822 1192 858 uestram
1223 821 1262 858 in
1285 820 1423 868 spiritu
1445 824 1587 868 sancto,
1622 824 1663 859 ut
1681 825 1701 861 1

152 903 225 929 non
247 892 395 928 tantum
417 890 571 927 auribus
595 889 773 938 audiatis,
796 890 863 927 sed
885 890 999 927 etiam
1017 890 1135 928 oeulis
1154 890 1318 928 cernatis
1335 891 1505 928 diuinum
1523 891 1665 929 Christi

155 961 440 998 sacramentum.
494 958 647 996 cernitis
696 959 822 996 autem
864 969 930 1006 per
981 958 1091 996 fidem
1141 961 1333 997 uestram:
1386 960 1516 998 audire
1565 961 1664 998 enim

127 1045 140 1069 5
154 1027 393 1066 necessitatis
415 1029 485 1074 est,
510 1028 660 1065 credere
684 1027 968 1066 sollicitudinis.
1001 1028 1149 1066 aurium
1171 1028 1336 1066 officium
1360 1030 1419 1066 est
1441 1028 1662 1068 indifferen-

153 1100 210 1136 ter
245 1098 389 1146 pariter
425 1109 523 1135 uana
558 1097 679 1145 adque
702 1096 814 1134 utilia
836 1096 1064 1145 perspicere,
1101 1097 1189 1135 fidei
1211 1099 1337 1135 autem
1369 1110 1443 1136 non
1472 1098 1546 1136 nisi
1569 1110 1664 1146 quac

154 1168 370 1215 probauerit
406 1168 568 1205 credere.
603 1178 671 1204 nec
708 1166 808 1203 enim
841 1167 1016 1214 cuiquam
1057 1167 1213 1214 prodest
1235 1167 1401 1205 libenter
1423 1167 1565 1214 audire,
1590 1168 1662 1205 nisi

154 1237 356 1276 credulitas
393 1237 563 1274 auditum
601 1235 809 1274 confirmet.
864 1235 952 1273 fidei
989 1236 1088 1274 oculi
1125 1238 1215 1273 sunt
1256 1236 1416 1284 spiritus
1451 1248 1518 1284 per
1554 1247 1663 1284 quem

159 1307 334 1344 uidentur
371 1305 572 1352 spiritalia.
606 1305 638 1342 si
661 1315 750 1352 ergo
772 1316 841 1342 uos
864 1304 960 1342 estis
983 1304 1189 1352 spiritales,
1228 1305 1443 1353 intellegite
1466 1305 1661 1343 caelestia.

110 1392 142 1415 10
156 1375 300 1412 similes
323 1375 422 1412 enim
445 1374 585 1411 similia
608 1373 665 1410 sui
687 1375 985 1421 recognoseunt:
1019 1374 1136 1411 etiam
1167 1375 1272 1412 muta
1293 1374 1474 1412 animalia
1496 1375 1540 1412 de
1562 1374 1664 1412 uocis

155 1456 243 1482 sono
266 1443 428 1482 inuicem
450 1454 490 1480 se
513 1442 755 1490 intellegunt,
778 1443 906 1481 leones
928 1443 1134 1490 fremitum,
1166 1443 1266 1481 tauri
1288 1443 1475 1491 mugitum
1497 1445 1535 1482 et
1556 1444 1665 1482 miles

154 1515 265 1551 tubae
290 1514 527 1561 clanyorem.
569 1514 709 1560 quanto
732 1523 820 1560 ergo
843 1512 970 1550 uerius
993 1512 1187 1560 spiritales
1208 1512 1400 1560 spiritalia
1422 1512 1663 1561 intellegunt,

156 1583 338 1620 caelestes
360 1583 397 1620 et
419 1582 578 1619 heredes
601 1581 723 1628 patris
746 1581 804 1619 sui
826 1583 1029 1629 praecepta
1051 1584 1089 1619 et
1110 1593 1153 1620 ea
1175 1592 1270 1629 quae
1292 1583 1522 1620 testamento
1545 1581 1667 1629 patris

157 1651 215 1689 sui
236 1653 346 1689 cauta
368 1652 487 1688 sunt?
521 1663 587 1689 uos
610 1661 698 1698 ergo
722 1662 806 1688 cum
829 1649 915 1687 sitis
939 1650 1083 1688 Christi
1105 1651 1275 1697 heredes,
1309 1650 1523 1698 intellegite
1545 1651 1663 1688 testa-

111 1738 142 1761 15
157 1723 323 1758 mentum
345 1720 437 1759 eius,
472 1720 571 1768 quod
594 1719 627 1757 si
650 1719 733 1766 quis
756 1730 823 1767 per
843 1720 1008 1756 aetatem
1031 1718 1155 1756 minus
1178 1718 1352 1757 docibilis
1369 1721 1426 1757 est
1447 1720 1494 1756 ad
1510 1719 1664 1757 intelle—

154 1790 329 1837 gendum,
367 1789 483 1827 habet
516 1788 693 1836 spiritum
725 1790 898 1826 sanctum
930 1788 1196 1836 interpretem:
1231 1787 1340 1826 illum
1374 1789 1567 1836 sequatur,
1598 1788 1663 1826 illo

155 1859 243 1896 duce
273 1860 309 1896 et
338 1858 521 1906 magistro
557 1856 736 1896 facillime
771 1857 912 1904 poterit
943 1857 1031 1896 noui
1062 1858 1283 1896 testamenti
1305 1858 1389 1896 iura
1411 1858 1664 1905 uirtutemque

155 1939 391 1976 cognoscere,
415 1929 513 1975 quod
535 1928 726 1966 hereditas
749 1927 927 1975 gentibus
950 1927 1166 1966 contributa
1189 1930 1258 1966 est.

208 1998 289 2035 Hoc
310 1998 418 2035 modo
440 1997 622 2035 Dominus
645 1999 682 2035 et
705 1998 820 2034 Pater
842 1997 880 2034 in
901 1997 1086 2044 principio
1116 1997 1208 2035 fecit
1238 1997 1427 2035 hominem
1456 2008 1524 2034 sua
1550 2009 1661 2034 manu
1679 2004 1701 2040 2

109 2081 140 2105 20
154 2078 308 2114 eumque
338 2066 465 2114 posuit
498 2066 535 2103 in
567 2066 742 2113 paradiso
778 2067 866 2104 data
888 2068 992 2104 certa
1014 2065 1231 2105 condicione
1253 2068 1539 2114 praeceptorum
1562 2066 1663 2104 uitae

243 2257 377 2302 Incipit
403 2257 570 2291 aduersus
597 2257 743 2291 Iudaeos
770 2257 846 2301 (qui
872 2257 1023 2291 insecuti
1050 2258 1133 2291 sunt
1158 2257 1340 2291 dominum
1365 2258 1527 2291 nostruin
1547 2257 1663 2290 lesum

153 2314 334 2350 Christum
360 2316 444 2350 (ald.
471 2315 602 2360 MQTJ
636 2315 792 2360 RMQD
840 2335 878 2339 -
920 2315 942 2349 2
967 2314 1149 2349 accendite
1176 2326 1220 2348 ex
1247 2314 1430 2348 adtendite
1458 2314 1490 2348 Τ
1627 2314 1664 2346 in

153 2383 216 2406 om.
245 2374 284 2414 Τ,
311 2375 345 2407 ct
370 2373 406 2406 in
433 2385 453 2408 v
618 2364 675 2416 sps
702 2364 755 2406 scs
786 2374 830 2407 Τι
1006 2372 1027 2405 3
1052 2373 1204 2406 cernatis
1230 2372 1341 2406 oculis
1368 2372 1401 2405 Τ
1560 2371 1582 2405 4
1606 2382 1665 2415 per

155 2440 217 2463 om
246 2430 280 2463 B
490 2432 510 2464 6
535 2441 626 2464 uana
653 2442 698 2464 esc
723 2441 793 2464 una
818 2431 860 2471 Τ,
887 2433 960 2475 atq.
988 2442 1057 2464 una
1086 2431 1115 2471 Q
1316 2429 1513 2473 prospicere
1540 2429 1574 2462 B

154 2498 221 2521 non
247 2499 311 2522 om.
341 2489 406 2533 ΩΤ
522 2489 540 2522 ’ἶ
567 2488 640 2533 ncc]
668 2499 779 2532 neque
805 2499 824 2522 v
937 2488 1132 2532 quidquam
1157 2499 1177 2523 υ
1286 2487 1307 2520 ὅ
1333 2486 1512 2531 spiritales
1539 2487 1574 2520 B

155 2555 213 2588 per
231 2574 237 2580 .
258 2546 490 2590 ..spiritalia
516 2557 581 2581 om.
609 2547 644 2580 Β
785 2557 889 2590 quem
915 2557 1007 2581 corr.
1034 2547 1074 2580 in
1100 2556 1206 2589 quam
1234 2545 1266 2579 T
1380 2545 1401 2578 9
1426 2544 1596 2578 uidentur
1622 2554 1665 2577 ea.-

157 2602 315 2637 uidcnter
340 2604 372 2637 Τ
580 2605 622 2638 10
647 2603 776 2637 similis
806 2605 838 2638 Τ
860 2604 922 2638 secl
949 2604 979 2637 si
1004 2604 1046 2638 in
1072 2614 1144 2638 ras.
1356 2601 1412 2635 sui
1439 2600 1574 2635 similia
1599 2612 1619 2635 υ

156 2662 372 2703 recognoscit
399 2662 445 2695 Τ·’
587 2662 701 2695 inulta
729 2661 764 2694 B
906 2662 947 2695 11
974 2662 1070 2705 sono]
1098 2661 1128 2695 si
1153 2651 1176 2694 11
1203 2658 1237 2693 Β
1347 2658 1459 2692 leonis
1485 2658 1618 2692 ΒῙΙῙΤ1

159 2716 200 2749 12
225 2717 423 2761 clangorem
450 2718 591 2759 addidi,
617 2730 682 2753 om.
709 2718 824 2763 BQT,
852 2728 953 2752 uoces
980 2718 1067 2752 mla.
1093 2730 1114 2753 υ
1223 2717 1362 2760 quando
1391 2716 1419 2761 Q
1533 2716 1663 2761 uerius]

160 2773 225 2807 uiri
251 2774 338 2809 iusti
366 2776 395 2820 Q
489 2775 668 2820 spiritalia
696 2787 759 2810 orm.
789 2775 857 2820 BQ
955 2776 998 2810 18
1023 2779 1076 2809 est
1102 2776 1166 2809 hoe
1192 2774 1304 2809 modo.
1325 2775 1408 2809 deus
1428 2776 1463 2809 et
1489 2777 1586 2819 pater
1611 2775 1666 2809 rim

156 2830 348 2876 distinyzcic
373 2845 392 2867 v
544 2834 584 2867 19
611 2833 825 2877 principium
855 2832 884 2877 Q
