<?xml version="1.0" encoding="UTF-8"?>
<!DOCTYPE html PUBLIC "-//W3C//DTD XHTML 1.0 Transitional//EN"
    "http://www.w3.org/TR/xhtml1/DTD/xhtml1-transitional.dtd">
<html xmlns="http://www.w3.org/1999/xhtml" xml:lang="en" lang="en">
 <head>
  <title>
</title>
<meta http-equiv="Content-Type" content="text/html;charset=utf-8" />
  <meta name='ocr-system' content='tesseract 3.04.00' />
  <meta name='ocr-capabilities' content='ocr_page ocr_carea ocr_par ocr_line ocrx_word'/>
</head>
<body>
  <div class='ocr_page' id='page_1' title='image "./corpusscriptorum03cypruoft/corpusscriptorum03cypruoft_0748.png"; bbox 0 0 2032 3248; ppageno 0'>
   <div class='ocr_carea' id='block_1_1' title="bbox 372 200 1444 245">
    <p class='ocr_par' dir='ltr' id='par_1_1' title="bbox 372 200 1444 245">
     <span class='ocr_line' id='line_1_1' title="bbox 372 200 1444 245; baseline -0.004 -7"><span class='ocrx_word' id='word_1_1' title='bbox 372 203 450 245; x_wconf 82' lang='grc'>168</span> <span class='ocrx_word' id='word_1_2' title='bbox 777 200 966 235; x_wconf 88' lang='lat' dir='ltr'>Arnobii</span> <span class='ocrx_word' id='word_1_3' title='bbox 996 201 1205 235; x_wconf 79' lang='lat' dir='ltr'>aduersus</span> <span class='ocrx_word' id='word_1_4' title='bbox 1236 200 1444 235; x_wconf 85' lang='lat' dir='ltr'>nationes</span> 
     </span>
    </p>
   </div>
   <div class='ocr_carea' id='block_1_2' title="bbox 269 315 1909 2301">
    <p class='ocr_par' dir='ltr' id='par_1_2' title="bbox 269 315 1909 2301">
     <span class='ocr_line' id='line_1_2' title="bbox 366 315 1861 370; baseline -0.001 -12"><span class='ocrx_word' id='word_1_5' title='bbox 366 329 482 358; x_wconf 91' lang='lat' dir='ltr'>mum</span> <span class='ocrx_word' id='word_1_6' title='bbox 512 316 661 357; x_wconf 88' lang='lat' dir='ltr'>fidibus</span> <span class='ocrx_word' id='word_1_7' title='bbox 691 316 731 356; x_wconf 91' lang='lat' dir='ltr'>et</span> <span class='ocrx_word' id='word_1_8' title='bbox 763 327 911 357; x_wconf 92' lang='lat' dir='ltr'>uocum</span> <span class='ocrx_word' id='word_1_9' title='bbox 941 315 1219 357; x_wconf 75' lang='lat' dir='ltr'>modulatione</span> <span class='ocrx_word' id='word_1_10' title='bbox 1250 315 1436 357; x_wconf 80' lang='lat' dir='ltr'>mulceri.</span> <span class='ocrx_word' id='word_1_11' title='bbox 1468 328 1540 358; x_wconf 90' lang='lat' dir='ltr'>uos</span> <span class='ocrx_word' id='word_1_12' title='bbox 1562 328 1679 358; x_wconf 91' lang='lat' dir='ltr'>aures</span> <span class='ocrx_word' id='word_1_13' title='bbox 1700 316 1861 370; x_wconf 88' lang='lat' dir='ltr'>patien-</span> 
     </span>
     <span class='ocr_line' id='line_1_3' title="bbox 364 384 1861 439; baseline -0.001 -12"><span class='ocrx_word' id='word_1_14' title='bbox 364 385 547 427; x_wconf 85' lang='lat' dir='ltr'>tissimas</span> <span class='ocrx_word' id='word_1_15' title='bbox 592 384 861 427; x_wconf 87' lang='lat' dir='ltr'>commodatis</span> <span class='ocrx_word' id='word_1_16' title='bbox 907 397 979 426; x_wconf 90' lang='lat' dir='ltr'>nec</span> <span class='ocrx_word' id='word_1_17' title='bbox 1024 384 1216 426; x_wconf 86' lang='lat' dir='ltr'>iudicatis</span> <span class='ocrx_word' id='word_1_18' title='bbox 1261 385 1479 439; x_wconf 90' lang='lat' dir='ltr'>indignum</span> <span class='ocrx_word' id='word_1_19' title='bbox 1524 384 1757 438; x_wconf 89' lang='lat' dir='ltr'>uoluptates</span> <span class='ocrx_word' id='word_1_20' title='bbox 1796 387 1861 426; x_wconf 88' lang='lat' dir='ltr'>at-</span> 
     </span>
     <span class='ocr_line' id='line_1_4' title="bbox 365 453 1861 506; baseline 0 -10"><span class='ocrx_word' id='word_1_21' title='bbox 365 455 493 496; x_wconf 90' lang='lat' dir='ltr'>tribui</span> <span class='ocrx_word' id='word_1_22' title='bbox 526 454 604 495; x_wconf 91' lang='lat' dir='ltr'>diis</span> <span class='ocrx_word' id='word_1_23' title='bbox 635 466 702 495; x_wconf 89' lang='lat' dir='ltr'>eas</span> <span class='ocrx_word' id='word_1_24' title='bbox 733 454 880 506; x_wconf 89' lang='lat' dir='ltr'>quibus</span> <span class='ocrx_word' id='word_1_25' title='bbox 912 465 1078 506; x_wconf 85' lang='lat' dir='ltr'>corpora</span> <span class='ocrx_word' id='word_1_26' title='bbox 1108 454 1270 495; x_wconf 88' lang='lat' dir='ltr'>terrena</span> <span class='ocrx_word' id='word_1_27' title='bbox 1306 453 1536 495; x_wconf 86' lang='lat' dir='ltr'>fulciuntur</span> <span class='ocrx_word' id='word_1_28' title='bbox 1558 456 1599 495; x_wconf 91' lang='lat' dir='ltr'>et</span> <span class='ocrx_word' id='word_1_29' title='bbox 1621 466 1721 506; x_wconf 91' lang='lat' dir='ltr'>quas</span> <span class='ocrx_word' id='word_1_30' title='bbox 1744 466 1861 496; x_wconf 89' lang='lat' dir='ltr'>aures</span> 
     </span>
     <span class='ocr_line' id='line_1_5' title="bbox 366 521 1862 576; baseline -0.001 -11"><span class='ocrx_word' id='word_1_31' title='bbox 366 525 559 576; x_wconf 90' lang='lat' dir='ltr'>expetunt</span> <span class='ocrx_word' id='word_1_32' title='bbox 601 522 787 564; x_wconf 86' lang='lat' dir='ltr'>eneruati</span> <span class='ocrx_word' id='word_1_33' title='bbox 826 522 1006 575; x_wconf 75' lang='lat' dir='ltr'>pectoris</span> <span class='ocrx_word' id='word_1_34' title='bbox 1049 522 1317 564; x_wconf 73' lang='lat' dir='ltr'>dissolutione</span> <span class='ocrx_word' id='word_1_35' title='bbox 1359 521 1558 563; x_wconf 89' lang='lat' dir='ltr'>mollitae.</span> <span class='ocrx_word' id='word_1_36' title='bbox 1609 522 1862 564; x_wconf 90' lang='lat' dir='ltr'>inducuntur</span> 
     </span>
     <span class='ocr_line' id='line_1_6' title="bbox 366 590 1906 640; baseline -0.001 -7"><span class='ocrx_word' id='word_1_37' title='bbox 366 604 412 633; x_wconf 85' lang='lat' dir='ltr'>ex</span> <span class='ocrx_word' id='word_1_38' title='bbox 442 591 505 632; x_wconf 89' lang='lat' dir='ltr'>his</span> <span class='ocrx_word' id='word_1_39' title='bbox 536 591 607 632; x_wconf 88' lang='lat' dir='ltr'>alii</span> <span class='ocrx_word' id='word_1_40' title='bbox 639 593 865 640; x_wconf 87' lang='lat' dir='ltr'>amatores,</span> <span class='ocrx_word' id='word_1_41' title='bbox 899 591 1076 632; x_wconf 73' lang='lat' dir='ltr'>adulteri</span> <span class='ocrx_word' id='word_1_42' title='bbox 1108 591 1312 633; x_wconf 86' lang='lat' dir='ltr'>castitatis</span> <span class='ocrx_word' id='word_1_43' title='bbox 1345 604 1417 633; x_wconf 89' lang='lat' dir='ltr'>nec</span> <span class='ocrx_word' id='word_1_44' title='bbox 1448 604 1542 632; x_wconf 90' lang='lat' dir='ltr'>cum</span> <span class='ocrx_word' id='word_1_45' title='bbox 1571 590 1736 632; x_wconf 88' lang='lat' dir='ltr'>feminis</span> <span class='ocrx_word' id='word_1_46' title='bbox 1767 592 1860 633; x_wconf 89' lang='lat' dir='ltr'>tan·</span> <span class='ocrx_word' id='word_1_47' title='bbox 1892 606 1906 631; x_wconf 86' lang='lat'><strong>5</strong></span> 
     </span>
     <span class='ocr_line' id='line_1_7' title="bbox 364 659 1863 715; baseline 0 -13"><span class='ocrx_word' id='word_1_48' title='bbox 364 661 454 702; x_wconf 90' lang='lat' dir='ltr'>tum</span> <span class='ocrx_word' id='word_1_49' title='bbox 500 659 570 701; x_wconf 90' lang='lat' dir='ltr'>sed</span> <span class='ocrx_word' id='word_1_50' title='bbox 609 671 704 701; x_wconf 88' lang='lat' dir='ltr'>cum</span> <span class='ocrx_word' id='word_1_51' title='bbox 741 659 841 701; x_wconf 89' lang='lat' dir='ltr'>uiris</span> <span class='ocrx_word' id='word_1_52' title='bbox 880 659 1004 700; x_wconf 84' lang='lat' dir='ltr'>etiam</span> <span class='ocrx_word' id='word_1_53' title='bbox 1042 660 1307 713; x_wconf 88' lang='lat' dir='ltr'>propudiosos</span> <span class='ocrx_word' id='word_1_54' title='bbox 1344 659 1649 715; x_wconf 88' lang='lat' dir='ltr'>flagitiososque</span> <span class='ocrx_word' id='word_1_55' title='bbox 1693 660 1863 702; x_wconf 88' lang='lat' dir='ltr'>miscere</span> 
     </span>
     <span class='ocr_line' id='line_1_8' title="bbox 269 727 1863 782; baseline 0.002 -14"><span class='ocrx_word' id='word_1_56' title='bbox 269 736 293 769; x_wconf 82' lang='lat' dir='ltr'>f.</span> <span class='ocrx_word' id='word_1_57' title='bbox 310 737 353 768; x_wconf 87' lang='lat'>95</span> <span class='ocrx_word' id='word_1_58' title='bbox 367 728 618 771; x_wconf 79' lang='lat' dir='ltr'>concubitus.</span> <span class='ocrx_word' id='word_1_59' title='bbox 667 727 784 770; x_wconf 90' lang='lat' dir='ltr'>uobis</span> <span class='ocrx_word' id='word_1_60' title='bbox 828 728 942 769; x_wconf 88' lang='lat' dir='ltr'>nulla</span> <span class='ocrx_word' id='word_1_61' title='bbox 981 730 1042 770; x_wconf 91' lang='lat' dir='ltr'>est</span> <span class='ocrx_word' id='word_1_62' title='bbox 1073 741 1180 780; x_wconf 83' lang='lat' dir='ltr'>cura,</span> <span class='ocrx_word' id='word_1_63' title='bbox 1218 729 1357 782; x_wconf 61' lang='lat' dir='ltr'>1·quid</span> <span class='ocrx_word' id='word_1_64' title='bbox 1394 742 1515 782; x_wconf 87' lang='lat' dir='ltr'>super</span> <span class='ocrx_word' id='word_1_65' title='bbox 1552 729 1672 771; x_wconf 90' lang='lat' dir='ltr'>rebus</span> <span class='ocrx_word' id='word_1_66' title='bbox 1704 729 1863 771; x_wconf 87' lang='lat' dir='ltr'>dicatur</span> 
     </span>
     <span class='ocr_line' id='line_1_9' title="bbox 364 796 1863 852; baseline -0.001 -12"><span class='ocrx_word' id='word_1_67' title='bbox 364 797 510 847; x_wconf 87' lang='lat' dir='ltr'>tantis,</span> <span class='ocrx_word' id='word_1_68' title='bbox 562 809 691 850; x_wconf 90' lang='lat' dir='ltr'>neque</span> <span class='ocrx_word' id='word_1_69' title='bbox 737 796 821 838; x_wconf 89' lang='lat' dir='ltr'>ullo</span> <span class='ocrx_word' id='word_1_70' title='bbox 866 797 1015 839; x_wconf 88' lang='lat' dir='ltr'>saltem</span> <span class='ocrx_word' id='word_1_71' title='bbox 1065 797 1352 852; x_wconf 76' lang='lat' dir='ltr'>castigationis</span> <span class='ocrx_word' id='word_1_72' title='bbox 1402 800 1516 839; x_wconf 89' lang='lat' dir='ltr'>metu</span> <span class='ocrx_word' id='word_1_73' title='bbox 1561 797 1863 840; x_wconf 77' lang='lat' dir='ltr'>luxuriantium</span> 
     </span>
     <span class='ocr_line' id='line_1_10' title="bbox 364 865 1863 921; baseline 0 -12"><span class='ocrx_word' id='word_1_74' title='bbox 364 867 600 909; x_wconf 89' lang='lat' dir='ltr'>litterarum</span> <span class='ocrx_word' id='word_1_75' title='bbox 632 865 825 907; x_wconf 86' lang='lat' dir='ltr'>coercetis</span> <span class='ocrx_word' id='word_1_76' title='bbox 856 865 1084 908; x_wconf 82' lang='lat' dir='ltr'>audaciam.</span> <span class='ocrx_word' id='word_1_77' title='bbox 1132 878 1202 919; x_wconf 89' lang='lat' dir='ltr'>per</span> <span class='ocrx_word' id='word_1_78' title='bbox 1223 866 1413 920; x_wconf 84' lang='lat' dir='ltr'>insanias,</span> <span class='ocrx_word' id='word_1_79' title='bbox 1445 879 1516 921; x_wconf 88' lang='lat' dir='ltr'>per</span> <span class='ocrx_word' id='word_1_80' title='bbox 1537 867 1692 909; x_wconf 83' lang='lat' dir='ltr'>furores</span> <span class='ocrx_word' id='word_1_81' title='bbox 1721 866 1863 909; x_wconf 88' lang='lat' dir='ltr'>orbare</span> 
     </span>
     <span class='ocr_line' id='line_1_11' title="bbox 363 934 1908 989; baseline 0.001 -12"><span class='ocrx_word' id='word_1_82' title='bbox 363 935 436 978; x_wconf 91' lang='grc'><strong>3111</strong></span> <span class='ocrx_word' id='word_1_83' title='bbox 466 947 507 976; x_wconf 88' lang='grc'>30</span> <span class='ocrx_word' id='word_1_84' title='bbox 539 936 579 976; x_wconf 89' lang='grc'>01</span> <span class='ocrx_word' id='word_1_85' title='bbox 610 934 823 987; x_wconf 85' lang='lat' dir='ltr'>tamquam</span> <span class='ocrx_word' id='word_1_86' title='bbox 853 934 996 976; x_wconf 89' lang='lat' dir='ltr'>hostili</span> <span class='ocrx_word' id='word_1_87' title='bbox 1027 934 1075 976; x_wconf 91' lang='lat' dir='ltr'>de</span> <span class='ocrx_word' id='word_1_88' title='bbox 1095 934 1295 988; x_wconf 89' lang='lat' dir='ltr'>sanguine</span> <span class='ocrx_word' id='word_1_89' title='bbox 1318 935 1378 976; x_wconf 88' lang='lat' dir='ltr'>ita</span> <span class='ocrx_word' id='word_1_90' title='bbox 1399 947 1441 976; x_wconf 88' lang='lat' dir='ltr'>se</span> <span class='ocrx_word' id='word_1_91' title='bbox 1461 936 1622 989; x_wconf 90' lang='lat' dir='ltr'>proprio</span> <span class='ocrx_word' id='word_1_92' title='bbox 1644 937 1862 989; x_wconf 88' lang='lat' dir='ltr'>parricidio</span> <span class='ocrx_word' id='word_1_93' title='bbox 1876 949 1908 973; x_wconf 91' lang='lat'>10</span> 
     </span>
     <span class='ocr_line' id='line_1_12' title="bbox 365 1002 1862 1058; baseline 0.001 -12"><span class='ocrx_word' id='word_1_94' title='bbox 365 1004 595 1047; x_wconf 85' lang='lat' dir='ltr'>cruentare:</span> <span class='ocrx_word' id='word_1_95' title='bbox 641 1002 857 1058; x_wconf 89' lang='lat' dir='ltr'>sacrilegia</span> <span class='ocrx_word' id='word_1_96' title='bbox 901 1015 973 1045; x_wconf 93' lang='lat' dir='ltr'>uos</span> <span class='ocrx_word' id='word_1_97' title='bbox 1013 1003 1088 1045; x_wconf 89' lang='lat' dir='ltr'>illa</span> <span class='ocrx_word' id='word_1_98' title='bbox 1123 1003 1331 1045; x_wconf 90' lang='lat' dir='ltr'>miramini</span> <span class='ocrx_word' id='word_1_99' title='bbox 1377 1004 1485 1045; x_wconf 91' lang='lat' dir='ltr'>elata</span> <span class='ocrx_word' id='word_1_100' title='bbox 1522 1004 1777 1056; x_wconf 86' lang='lat' dir='ltr'>sublimiter,</span> <span class='ocrx_word' id='word_1_101' title='bbox 1821 1008 1862 1047; x_wconf 89' lang='lat' dir='ltr'>et</span> 
     </span>
     <span class='ocr_line' id='line_1_13' title="bbox 364 1073 1862 1128; baseline 0 -13"><span class='ocrx_word' id='word_1_102' title='bbox 364 1075 470 1128; x_wconf 90' lang='lat' dir='ltr'>quod</span> <span class='ocrx_word' id='word_1_103' title='bbox 501 1073 639 1127; x_wconf 90' lang='lat' dir='ltr'>poenis</span> <span class='ocrx_word' id='word_1_104' title='bbox 670 1073 859 1115; x_wconf 90' lang='lat' dir='ltr'>omnibus</span> <span class='ocrx_word' id='word_1_105' title='bbox 890 1073 1158 1115; x_wconf 87' lang='lat' dir='ltr'>conueniebat</span> <span class='ocrx_word' id='word_1_106' title='bbox 1189 1073 1328 1126; x_wconf 86' lang='lat' dir='ltr'>plecti,</span> <span class='ocrx_word' id='word_1_107' title='bbox 1361 1076 1407 1114; x_wconf 92' lang='lat' dir='ltr'>ut</span> <span class='ocrx_word' id='word_1_108' title='bbox 1438 1073 1663 1116; x_wconf 86' lang='lat' dir='ltr'>animosius</span> <span class='ocrx_word' id='word_1_109' title='bbox 1695 1085 1862 1115; x_wconf 90' lang='lat' dir='ltr'>consur-</span> 
     </span>
     <span class='ocr_line' id='line_1_14' title="bbox 364 1141 1861 1198; baseline -0.001 -13"><span class='ocrx_word' id='word_1_110' title='bbox 364 1144 436 1198; x_wconf 87' lang='lat' dir='ltr'>gat</span> <span class='ocrx_word' id='word_1_111' title='bbox 466 1142 653 1193; x_wconf 88' lang='lat' dir='ltr'>audacia‚</span> <span class='ocrx_word' id='word_1_112' title='bbox 695 1142 902 1184; x_wconf 90' lang='lat' dir='ltr'>incentiuo</span> <span class='ocrx_word' id='word_1_113' title='bbox 943 1142 1142 1183; x_wconf 81' lang='lat' dir='ltr'>extollitis</span> <span class='ocrx_word' id='word_1_114' title='bbox 1184 1141 1328 1183; x_wconf 72' lang='lat' dir='ltr'>laudis,</span> <span class='ocrx_word' id='word_1_115' title='bbox 1375 1142 1439 1183; x_wconf 93' lang='lat' dir='ltr'>illi</span> <span class='ocrx_word' id='word_1_116' title='bbox 1471 1142 1642 1184; x_wconf 90' lang='lat' dir='ltr'>uulnera</span> <span class='ocrx_word' id='word_1_117' title='bbox 1672 1143 1861 1184; x_wconf 88' lang='lat' dir='ltr'>orbitatis</span> 
     </span>
     <span class='ocr_line' id='line_1_15' title="bbox 364 1199 1859 1267; baseline 0.001 -14"><span class='ocrx_word' id='word_1_118' title='bbox 364 1212 570 1267; x_wconf 85' lang='lat' dir='ltr'>ingemere</span> <span class='ocrx_word' id='word_1_119' title='bbox 602 1212 643 1253; x_wconf 89' lang='lat' dir='ltr'>et</span> <span class='ocrx_word' id='word_1_120' title='bbox 675 1224 768 1253; x_wconf 90' lang='lat' dir='ltr'>cum</span> <span class='ocrx_word' id='word_1_121' title='bbox 799 1211 1052 1252; x_wconf 89' lang='lat' dir='ltr'>heiulatibus</span> <span class='ocrx_word' id='word_1_122' title='bbox 1090 1199 1291 1252; x_wconf 86' lang='lat' dir='ltr'>indecoris</span> <span class='ocrx_word' id='word_1_123' title='bbox 1322 1210 1409 1253; x_wconf 87' lang='lat' dir='ltr'>fata</span> <span class='ocrx_word' id='word_1_124' title='bbox 1438 1211 1624 1254; x_wconf 89' lang='lat' dir='ltr'>incusare</span> <span class='ocrx_word' id='word_1_125' title='bbox 1655 1212 1859 1255; x_wconf 87' lang='lat' dir='ltr'>crudelia:</span> 
     </span>
     <span class='ocr_line' id='line_1_16' title="bbox 364 1280 1908 1335; baseline -0.001 -13"><span class='ocrx_word' id='word_1_126' title='bbox 364 1292 436 1323; x_wconf 92' lang='lat' dir='ltr'>uos</span> <span class='ocrx_word' id='word_1_127' title='bbox 468 1280 643 1333; x_wconf 85' lang='lat' dir='ltr'>stupetis</span> <span class='ocrx_word' id='word_1_128' title='bbox 675 1281 928 1334; x_wconf 87' lang='lat' dir='ltr'>eloquentiae</span> <span class='ocrx_word' id='word_1_129' title='bbox 960 1281 1132 1330; x_wconf 86' lang='lat' dir='ltr'>uiribus,</span> <span class='ocrx_word' id='word_1_130' title='bbox 1166 1282 1205 1321; x_wconf 93' lang='lat' dir='ltr'>et</span> <span class='ocrx_word' id='word_1_131' title='bbox 1237 1280 1344 1332; x_wconf 88' lang='lat' dir='ltr'>quod</span> <span class='ocrx_word' id='word_1_132' title='bbox 1375 1280 1538 1333; x_wconf 87' lang='lat' dir='ltr'>penitus</span> <span class='ocrx_word' id='word_1_133' title='bbox 1570 1281 1785 1335; x_wconf 87' lang='lat' dir='ltr'>oportebat</span> <span class='ocrx_word' id='word_1_134' title='bbox 1816 1294 1863 1323; x_wconf 87' lang='lat' dir='ltr'>ex</span> <span class='ocrx_word' id='word_1_135' title='bbox 1876 1295 1908 1320; x_wconf 82' lang='lat'>15</span> 
     </span>
     <span class='ocr_line' id='line_1_17' title="bbox 364 1349 1861 1403; baseline 0.001 -13"><span class='ocrx_word' id='word_1_136' title='bbox 364 1349 534 1391; x_wconf 90' lang='lat' dir='ltr'>humani</span> <span class='ocrx_word' id='word_1_137' title='bbox 571 1349 729 1403; x_wconf 86' lang='lat' dir='ltr'>generis</span> <span class='ocrx_word' id='word_1_138' title='bbox 761 1350 788 1401; x_wconf 58' lang='grc' dir='ltr'>η’-</span> <span class='ocrx_word' id='word_1_139' title='bbox 819 1349 971 1391; x_wconf 87' lang='lat' dir='ltr'>coalitu</span> <span class='ocrx_word' id='word_1_140' title='bbox 1012 1349 1127 1400; x_wconf 87' lang='lat' dir='ltr'>tolli,</span> <span class='ocrx_word' id='word_1_141' title='bbox 1177 1350 1438 1402; x_wconf 85' lang='lat' dir='ltr'>percensetis,</span> <span class='ocrx_word' id='word_1_142' title='bbox 1490 1349 1670 1392; x_wconf 91' lang='lat' dir='ltr'>ediscitis</span> <span class='ocrx_word' id='word_1_143' title='bbox 1719 1363 1765 1392; x_wconf 88' lang='lat' dir='ltr'>ac</span> <span class='ocrx_word' id='word_1_144' title='bbox 1812 1364 1861 1392; x_wconf 90' lang='lat' dir='ltr'>ne</span> 
     </span>
     <span class='ocr_line' id='line_1_18' title="bbox 364 1417 1863 1472; baseline 0.001 -13"><span class='ocrx_word' id='word_1_145' title='bbox 364 1418 450 1459; x_wconf 88' lang='lat' dir='ltr'>ulla</span> <span class='ocrx_word' id='word_1_146' title='bbox 480 1417 701 1459; x_wconf 87' lang='lat' dir='ltr'>intercidat</span> <span class='ocrx_word' id='word_1_147' title='bbox 732 1417 935 1460; x_wconf 87' lang='lat' dir='ltr'>obliuione</span> <span class='ocrx_word' id='word_1_148' title='bbox 968 1417 1134 1459; x_wconf 89' lang='lat' dir='ltr'>curatis.</span> <span class='ocrx_word' id='word_1_149' title='bbox 1177 1418 1399 1472; x_wconf 83' lang='lat' dir='ltr'>uulnerari,</span> <span class='ocrx_word' id='word_1_150' title='bbox 1431 1418 1584 1469; x_wconf 87' lang='lat' dir='ltr'>uexari,</span> <span class='ocrx_word' id='word_1_151' title='bbox 1615 1418 1724 1460; x_wconf 90' lang='lat' dir='ltr'>bella</span> <span class='ocrx_word' id='word_1_152' title='bbox 1755 1420 1863 1461; x_wconf 89' lang='lat' dir='ltr'>inter</span> 
     </span>
     <span class='ocr_line' id='line_1_19' title="bbox 365 1487 1863 1541; baseline 0.001 -13"><span class='ocrx_word' id='word_1_153' title='bbox 365 1499 407 1528; x_wconf 89' lang='lat' dir='ltr'>se</span> <span class='ocrx_word' id='word_1_154' title='bbox 439 1499 576 1541; x_wconf 88' lang='lat' dir='ltr'>gerere</span> <span class='ocrx_word' id='word_1_155' title='bbox 609 1487 819 1528; x_wconf 87' lang='lat' dir='ltr'>furialium</span> <span class='ocrx_word' id='word_1_156' title='bbox 844 1487 1125 1529; x_wconf 86' lang='lat' dir='ltr'>memorantur</span> <span class='ocrx_word' id='word_1_157' title='bbox 1147 1487 1288 1528; x_wconf 88' lang='lat' dir='ltr'>ardore</span> <span class='ocrx_word' id='word_1_158' title='bbox 1309 1488 1616 1530; x_wconf 88' lang='lat' dir='ltr'>discriminum:</span> <span class='ocrx_word' id='word_1_159' title='bbox 1649 1489 1765 1530; x_wconf 92' lang='lat' dir='ltr'>uobis</span> <span class='ocrx_word' id='word_1_160' title='bbox 1787 1489 1863 1530; x_wconf 86' lang='lat' dir='ltr'>illa</span> 
     </span>
     <span class='ocr_line' id='line_1_20' title="bbox 365 1555 1861 1610; baseline 0.001 -13"><span class='ocrx_word' id='word_1_161' title='bbox 365 1557 426 1598; x_wconf 88' lang='lat' dir='ltr'>est</span> <span class='ocrx_word' id='word_1_162' title='bbox 457 1555 674 1609; x_wconf 88' lang='lat' dir='ltr'>descriptio</span> <span class='ocrx_word' id='word_1_163' title='bbox 707 1556 927 1609; x_wconf 83' lang='lat' dir='ltr'>uoluptati,</span> <span class='ocrx_word' id='word_1_164' title='bbox 960 1557 1082 1610; x_wconf 88' lang='lat' dir='ltr'>atque</span> <span class='ocrx_word' id='word_1_165' title='bbox 1113 1558 1160 1597; x_wconf 92' lang='lat' dir='ltr'>ut</span> <span class='ocrx_word' id='word_1_166' title='bbox 1181 1557 1427 1610; x_wconf 89' lang='lat' dir='ltr'>scriptorum</span> <span class='ocrx_word' id='word_1_167' title='bbox 1450 1558 1611 1599; x_wconf 88' lang='lat' dir='ltr'>tantam</span> <span class='ocrx_word' id='word_1_168' title='bbox 1633 1557 1861 1599; x_wconf 89' lang='lat' dir='ltr'>defendatis</span> 
     </span>
     <span class='ocr_line' id='line_1_21' title="bbox 365 1625 1909 1680; baseline 0.001 -14"><span class='ocrx_word' id='word_1_169' title='bbox 365 1625 591 1676; x_wconf 80' lang='lat' dir='ltr'>audaciam,</span> <span class='ocrx_word' id='word_1_170' title='bbox 626 1626 843 1680; x_wconf 83' lang='lat' dir='ltr'>allegorias</span> <span class='ocrx_word' id='word_1_171' title='bbox 874 1639 938 1668; x_wconf 91' lang='lat' dir='ltr'>res</span> <span class='ocrx_word' id='word_1_172' title='bbox 970 1626 1067 1667; x_wconf 89' lang='lat' dir='ltr'>illas</span> <span class='ocrx_word' id='word_1_173' title='bbox 1099 1627 1139 1667; x_wconf 90' lang='lat' dir='ltr'>et</span> <span class='ocrx_word' id='word_1_174' title='bbox 1172 1626 1372 1668; x_wconf 85' lang='lat' dir='ltr'>naturalis</span> <span class='ocrx_word' id='word_1_175' title='bbox 1404 1627 1598 1668; x_wconf 87' lang='lat' dir='ltr'>scientiae</span> <span class='ocrx_word' id='word_1_176' title='bbox 1621 1627 1862 1668; x_wconf 89' lang='lat' dir='ltr'>mentimini</span> <span class='ocrx_word' id='word_1_177' title='bbox 1876 1635 1909 1661; x_wconf 86' lang='lat'>20</span> 
     </span>
     <span class='ocr_line' id='line_1_22' title="bbox 299 1694 1862 1749; baseline 0 -13"><span class='ocrx_word' id='word_1_178' title='bbox 299 1697 352 1736; x_wconf 82' lang='grc'>34</span> <span class='ocrx_word' id='word_1_179' title='bbox 367 1707 452 1736; x_wconf 84' lang='grc'><strong>0330</strong></span> <span class='ocrx_word' id='word_1_180' title='bbox 484 1694 702 1736; x_wconf 85' lang='lat' dir='ltr'>doctrinas.</span> <span class='ocrx_word' id='word_1_181' title='bbox 744 1696 814 1737; x_wconf 88' lang='lat' dir='ltr'>sed</span> <span class='ocrx_word' id='word_1_182' title='bbox 845 1695 943 1748; x_wconf 91' lang='lat' dir='ltr'>quid</span> <span class='ocrx_word' id='word_1_183' title='bbox 974 1707 1046 1749; x_wconf 89' lang='lat' dir='ltr'>ego</span> <span class='ocrx_word' id='word_1_184' title='bbox 1078 1695 1278 1737; x_wconf 90' lang='lat' dir='ltr'>neclectas</span> <span class='ocrx_word' id='word_1_185' title='bbox 1310 1695 1483 1737; x_wconf 91' lang='lat' dir='ltr'>aliorum</span> <span class='ocrx_word' id='word_1_186' title='bbox 1516 1707 1736 1748; x_wconf 87' lang='lat' dir='ltr'>conqueror</span> <span class='ocrx_word' id='word_1_187' title='bbox 1767 1707 1862 1736; x_wconf 89' lang='lat' dir='ltr'>con-</span> 
     </span>
     <span class='ocr_line' id='line_1_23' title="bbox 365 1762 1863 1817; baseline 0 -12"><span class='ocrx_word' id='word_1_188' title='bbox 365 1762 556 1805; x_wconf 89' lang='lat' dir='ltr'>tumelias</span> <span class='ocrx_word' id='word_1_189' title='bbox 589 1763 836 1805; x_wconf 78' lang='lat' dir='ltr'>numinum?</span> <span class='ocrx_word' id='word_1_190' title='bbox 872 1763 959 1816; x_wconf 89' lang='lat' dir='ltr'>ipse</span> <span class='ocrx_word' id='word_1_191' title='bbox 989 1763 1061 1804; x_wconf 89' lang='lat' dir='ltr'>ille</span> <span class='ocrx_word' id='word_1_192' title='bbox 1092 1763 1288 1817; x_wconf 86' lang='lat' dir='ltr'>Iuppiter,</span> <span class='ocrx_word' id='word_1_193' title='bbox 1320 1764 1435 1806; x_wconf 89' lang='lat' dir='ltr'>cuius</span> <span class='ocrx_word' id='word_1_194' title='bbox 1467 1776 1539 1806; x_wconf 88' lang='lat' dir='ltr'>uos</span> <span class='ocrx_word' id='word_1_195' title='bbox 1571 1776 1716 1805; x_wconf 90' lang='lat' dir='ltr'>nomen</span> <span class='ocrx_word' id='word_1_196' title='bbox 1749 1764 1863 1806; x_wconf 87' lang='lat' dir='ltr'>effari</span> 
     </span>
     <span class='ocr_line' id='line_1_24' title="bbox 363 1832 1860 1886; baseline -0.001 -12"><span class='ocrx_word' id='word_1_197' title='bbox 363 1845 443 1875; x_wconf 90' lang='lat' dir='ltr'>non</span> <span class='ocrx_word' id='word_1_198' title='bbox 474 1832 560 1874; x_wconf 89' lang='lat' dir='ltr'>sine</span> <span class='ocrx_word' id='word_1_199' title='bbox 601 1833 715 1874; x_wconf 92' lang='lat' dir='ltr'>metu</span> <span class='ocrx_word' id='word_1_200' title='bbox 756 1832 893 1874; x_wconf 87' lang='lat' dir='ltr'>decuit</span> <span class='ocrx_word' id='word_1_201' title='bbox 925 1835 964 1874; x_wconf 90' lang='lat' dir='ltr'>et</span> <span class='ocrx_word' id='word_1_202' title='bbox 996 1833 1123 1874; x_wconf 88' lang='lat' dir='ltr'>totius</span> <span class='ocrx_word' id='word_1_203' title='bbox 1164 1833 1341 1886; x_wconf 89' lang='lat' dir='ltr'>corporis</span> <span class='ocrx_word' id='word_1_204' title='bbox 1383 1834 1662 1883; x_wconf 81' lang='lat' dir='ltr'>concussione,</span> <span class='ocrx_word' id='word_1_205' title='bbox 1706 1832 1860 1874; x_wconf 84' lang='lat' dir='ltr'>amasio</span> 
     </span>
     <span class='ocr_line' id='line_1_25' title="bbox 364 1901 1861 1956; baseline 0.001 -13"><span class='ocrx_word' id='word_1_206' title='bbox 364 1902 505 1955; x_wconf 90' lang='lat' dir='ltr'>captus</span> <span class='ocrx_word' id='word_1_207' title='bbox 536 1901 587 1943; x_wconf 87' lang='lat' dir='ltr'>ab</span> <span class='ocrx_word' id='word_1_208' title='bbox 620 1914 742 1944; x_wconf 89' lang='lat' dir='ltr'>uxore</span> <span class='ocrx_word' id='word_1_209' title='bbox 774 1902 1021 1944; x_wconf 89' lang='lat' dir='ltr'>describitur</span> <span class='ocrx_word' id='word_1_210' title='bbox 1052 1903 1235 1945; x_wconf 88' lang='lat' dir='ltr'>confiteri</span> <span class='ocrx_word' id='word_1_211' title='bbox 1268 1904 1408 1956; x_wconf 89' lang='lat' dir='ltr'>culpas</span> <span class='ocrx_word' id='word_1_212' title='bbox 1440 1916 1547 1954; x_wconf 90' lang='lat' dir='ltr'>suas,</span> <span class='ocrx_word' id='word_1_213' title='bbox 1580 1905 1620 1944; x_wconf 90' lang='lat' dir='ltr'>et</span> <span class='ocrx_word' id='word_1_214' title='bbox 1652 1903 1767 1944; x_wconf 91' lang='lat' dir='ltr'>uelut</span> <span class='ocrx_word' id='word_1_215' title='bbox 1790 1903 1861 1944; x_wconf 90' lang='lat' dir='ltr'>de-</span> 
     </span>
     <span class='ocr_line' id='line_1_26' title="bbox 362 1962 1908 2026; baseline 0.001 -14"><span class='ocrx_word' id='word_1_216' title='bbox 362 1984 476 2013; x_wconf 90' lang='lat' dir='ltr'>mens</span> <span class='ocrx_word' id='word_1_217' title='bbox 497 1984 542 2013; x_wconf 90' lang='lat' dir='ltr'>ac</span> <span class='ocrx_word' id='word_1_218' title='bbox 565 1962 738 2021; x_wconf 86' lang='lat' dir='ltr'>nescius,</span> <span class='ocrx_word' id='word_1_219' title='bbox 771 1984 872 2025; x_wconf 86' lang='lat' dir='ltr'>quas</span> <span class='ocrx_word' id='word_1_220' title='bbox 895 1971 1094 2013; x_wconf 89' lang='lat' dir='ltr'>amiculas</span> <span class='ocrx_word' id='word_1_221' title='bbox 1116 1972 1292 2026; x_wconf 83' lang='lat' dir='ltr'>coniugi,</span> <span class='ocrx_word' id='word_1_222' title='bbox 1326 1984 1426 2025; x_wconf 86' lang='lat' dir='ltr'>quas</span> <span class='ocrx_word' id='word_1_223' title='bbox 1447 1972 1563 2012; x_wconf 89' lang='lat' dir='ltr'>uxori</span> <span class='ocrx_word' id='word_1_224' title='bbox 1585 1972 1863 2025; x_wconf 85' lang='lat' dir='ltr'>anteposuerit</span> <span class='ocrx_word' id='word_1_225' title='bbox 1877 1979 1908 2004; x_wconf 86' lang='lat'>2⁵</span> 
     </span>
     <span class='ocr_line' id='line_1_27' title="bbox 362 2036 1863 2094; baseline 0 -13"><span class='ocrx_word' id='word_1_226' title='bbox 362 2040 526 2094; x_wconf 84' lang='lat' dir='ltr'>pelices,</span> <span class='ocrx_word' id='word_1_227' title='bbox 559 2036 785 2082; x_wconf 77' lang='lat' dir='ltr'>obduratus</span> <span class='ocrx_word' id='word_1_228' title='bbox 816 2041 1108 2082; x_wconf 87' lang='lat' dir='ltr'>inuerecundia</span> <span class='ocrx_word' id='word_1_229' title='bbox 1138 2040 1367 2094; x_wconf 89' lang='lat' dir='ltr'>publicare:</span> <span class='ocrx_word' id='word_1_230' title='bbox 1408 2053 1479 2082; x_wconf 89' lang='lat' dir='ltr'>uos</span> <span class='ocrx_word' id='word_1_231' title='bbox 1511 2040 1612 2082; x_wconf 88' lang='lat' dir='ltr'>talia</span> <span class='ocrx_word' id='word_1_232' title='bbox 1643 2040 1714 2093; x_wconf 87' lang='lat' dir='ltr'>qui</span> <span class='ocrx_word' id='word_1_233' title='bbox 1746 2043 1863 2081; x_wconf 88' lang='lat' dir='ltr'>extu-</span> 
     </span>
     <span class='ocr_line' id='line_1_28' title="bbox 363 2108 1862 2163; baseline 0 -13"><span class='ocrx_word' id='word_1_234' title='bbox 363 2108 445 2150; x_wconf 89' lang='lat' dir='ltr'>lere</span> <span class='ocrx_word' id='word_1_235' title='bbox 486 2108 673 2163; x_wconf 85' lang='lat' dir='ltr'>prodigia</span> <span class='ocrx_word' id='word_1_236' title='bbox 710 2110 924 2162; x_wconf 88' lang='lat' dir='ltr'>poetarum</span> <span class='ocrx_word' id='word_1_237' title='bbox 965 2121 1051 2151; x_wconf 87' lang='lat' dir='ltr'>esse</span> <span class='ocrx_word' id='word_1_238' title='bbox 1080 2109 1283 2163; x_wconf 88' lang='lat' dir='ltr'>principes</span> <span class='ocrx_word' id='word_1_239' title='bbox 1315 2110 1438 2162; x_wconf 89' lang='lat' dir='ltr'>atque</span> <span class='ocrx_word' id='word_1_240' title='bbox 1469 2121 1583 2163; x_wconf 88' lang='lat' dir='ltr'>reges</span> <span class='ocrx_word' id='word_1_241' title='bbox 1615 2108 1766 2150; x_wconf 92' lang='lat' dir='ltr'>diuinis</span> <span class='ocrx_word' id='word_1_242' title='bbox 1797 2109 1862 2150; x_wconf 90' lang='lat' dir='ltr'>in-</span> 
     </span>
     <span class='ocr_line' id='line_1_29' title="bbox 363 2178 1863 2233; baseline -0.001 -14"><span class='ocrx_word' id='word_1_243' title='bbox 363 2178 495 2233; x_wconf 92' lang='lat' dir='ltr'>geniis</span> <span class='ocrx_word' id='word_1_244' title='bbox 526 2178 743 2232; x_wconf 87' lang='lat' dir='ltr'>praeditos,</span> <span class='ocrx_word' id='word_1_245' title='bbox 777 2178 912 2231; x_wconf 86' lang='lat' dir='ltr'>capita</span> <span class='ocrx_word' id='word_1_246' title='bbox 943 2190 1029 2220; x_wconf 91' lang='lat' dir='ltr'>esse</span> <span class='ocrx_word' id='word_1_247' title='bbox 1051 2178 1292 2220; x_wconf 88' lang='lat' dir='ltr'>memoratis</span> <span class='ocrx_word' id='word_1_248' title='bbox 1314 2178 1587 2227; x_wconf 85' lang='lat' dir='ltr'>sanctissima,</span> <span class='ocrx_word' id='word_1_249' title='bbox 1619 2179 1863 2230; x_wconf 87' lang='lat' dir='ltr'>tantumque</span> 
     </span>
     <span class='ocr_line' id='line_1_30' title="bbox 364 2246 1862 2301; baseline -0.001 -13"><span class='ocrx_word' id='word_1_250' title='bbox 364 2247 413 2288; x_wconf 85' lang='lat' dir='ltr'>ab</span> <span class='ocrx_word' id='word_1_251' title='bbox 455 2246 588 2288; x_wconf 85' lang='lat' dir='ltr'>officio</span> <span class='ocrx_word' id='word_1_252' title='bbox 627 2246 873 2301; x_wconf 88' lang='lat' dir='ltr'>religionum</span> <span class='ocrx_word' id='word_1_253' title='bbox 914 2259 1015 2300; x_wconf 88' lang='lat' dir='ltr'>quas</span> <span class='ocrx_word' id='word_1_254' title='bbox 1055 2247 1275 2288; x_wconf 83' lang='lat' dir='ltr'>induxistis</span> <span class='ocrx_word' id='word_1_255' title='bbox 1317 2247 1528 2297; x_wconf 87' lang='lat' dir='ltr'>euolastis&#39;‚</span> <span class='ocrx_word' id='word_1_256' title='bbox 1574 2248 1620 2288; x_wconf 87' lang='lat' dir='ltr'>ut</span> <span class='ocrx_word' id='word_1_257' title='bbox 1661 2247 1862 2300; x_wconf 88' lang='lat' dir='ltr'>grauioris</span> 
     </span>
    </p>
   </div>
   <div class='ocr_carea' id='block_1_3' title="bbox 360 2427 1864 2815">
    <p class='ocr_par' dir='ltr' id='par_1_3' title="bbox 360 2427 1864 2815">
     <span class='ocr_line' id='line_1_31' title="bbox 405 2427 1862 2462; baseline -0.001 0"><span class='ocrx_word' id='word_1_258' title='bbox 405 2427 428 2462; x_wconf 84' lang='lat'>4</span> <span class='ocrx_word' id='word_1_259' title='bbox 453 2428 672 2462; x_wconf 87' lang='lat' dir='ltr'>inducuntur</span> <span class='ocrx_word' id='word_1_260' title='bbox 697 2427 788 2462; x_wconf 79' lang='lat' dir='ltr'>Sab:</span> <span class='ocrx_word' id='word_1_261' title='bbox 814 2427 1013 2461; x_wconf 85' lang='lat' dir='ltr'>induuntur</span> <span class='ocrx_word' id='word_1_262' title='bbox 1040 2428 1075 2462; x_wconf 91' lang='lat' dir='ltr'><strong><em>P</em></strong></span> <span class='ocrx_word' id='word_1_263' title='bbox 1212 2427 1233 2462; x_wconf 84' lang='lat'>5</span> <span class='ocrx_word' id='word_1_264' title='bbox 1259 2438 1393 2461; x_wconf 85' lang='lat' dir='ltr'>amores</span> <span class='ocrx_word' id='word_1_265' title='bbox 1419 2428 1454 2462; x_wconf 91' lang='lat' dir='ltr'><strong><em>P</em></strong></span> <span class='ocrx_word' id='word_1_266' title='bbox 1472 2437 1554 2462; x_wconf 76' lang='lat' dir='ltr'>corr</span> <span class='ocrx_word' id='word_1_267' title='bbox 1570 2438 1588 2462; x_wconf 84' lang='lat' dir='ltr'>c</span> <span class='ocrx_word' id='word_1_268' title='bbox 1728 2427 1772 2461; x_wconf 89' lang='lat'>10</span> <span class='ocrx_word' id='word_1_269' title='bbox 1797 2427 1862 2461; x_wconf 87' lang='lat' dir='ltr'>alii</span> 
     </span>
     <span class='ocr_line' id='line_1_32' title="bbox 360 2484 1772 2529; baseline -0.001 -10"><span class='ocrx_word' id='word_1_270' title='bbox 360 2496 396 2520; x_wconf 89' lang='lat' dir='ltr'>se</span> <span class='ocrx_word' id='word_1_271' title='bbox 422 2485 513 2520; x_wconf 83' lang='lat' dir='ltr'>Sab:</span> <span class='ocrx_word' id='word_1_272' title='bbox 545 2485 625 2519; x_wconf 86' lang='lat' dir='ltr'>aliis</span> <span class='ocrx_word' id='word_1_273' title='bbox 651 2487 704 2519; x_wconf 88' lang='lat' dir='ltr'>est</span> <span class='ocrx_word' id='word_1_274' title='bbox 730 2485 766 2519; x_wconf 92' lang='lat' dir='ltr'><em>P</em></span> <span class='ocrx_word' id='word_1_275' title='bbox 797 2484 884 2519; x_wconf 86' lang='lat' dir='ltr'>alios</span> <span class='ocrx_word' id='word_1_276' title='bbox 910 2487 964 2519; x_wconf 90' lang='lat' dir='ltr'>est</span> <span class='ocrx_word' id='word_1_277' title='bbox 987 2495 1007 2518; x_wconf 71' lang='lat' dir='ltr'>o·</span> <span class='ocrx_word' id='word_1_278' title='bbox 1145 2487 1328 2529; x_wconf 84' lang='lat' dir='ltr'>tamquam</span> <span class='ocrx_word' id='word_1_279' title='bbox 1355 2485 1437 2525; x_wconf 63' lang='grc' dir='ltr'><em>δαὶ),</em></span> <span class='ocrx_word' id='word_1_280' title='bbox 1461 2496 1502 2519; x_wconf 76' lang='lat' dir='ltr'>r.-</span> <span class='ocrx_word' id='word_1_281' title='bbox 1534 2485 1713 2529; x_wconf 88' lang='lat' dir='ltr'>iamqnam</span> <span class='ocrx_word' id='word_1_282' title='bbox 1738 2485 1772 2518; x_wconf 94' lang='lat' dir='ltr'><em>P</em></span> 
     </span>
     <span class='ocr_line' id='line_1_33' title="bbox 361 2541 1863 2587; baseline 0 -11"><span class='ocrx_word' id='word_1_283' title='bbox 361 2542 557 2587; x_wconf 80' lang='lat' dir='ltr'>parrigidio</span> <span class='ocrx_word' id='word_1_284' title='bbox 583 2543 618 2577; x_wconf 91' lang='lat' dir='ltr'><strong><em>P</em></strong></span> <span class='ocrx_word' id='word_1_285' title='bbox 642 2553 723 2577; x_wconf 83' lang='lat' dir='ltr'>corr</span> <span class='ocrx_word' id='word_1_286' title='bbox 747 2545 776 2577; x_wconf 71' lang='grc' dir='ltr'>θ’</span> <span class='ocrx_word' id='word_1_287' title='bbox 924 2542 966 2577; x_wconf 87' lang='grc'>13</span> <span class='ocrx_word' id='word_1_288' title='bbox 991 2542 1170 2576; x_wconf 86' lang='lat' dir='ltr'>incentiua</span> <span class='ocrx_word' id='word_1_289' title='bbox 1195 2541 1267 2577; x_wconf 83' lang='lat' dir='ltr'>Sab</span> <span class='ocrx_word' id='word_1_290' title='bbox 1414 2542 1528 2576; x_wconf 85' lang='lat' dir='ltr'>laudis</span> <span class='ocrx_word' id='word_1_291' title='bbox 1553 2542 1863 2576; x_wconf 71' lang='lat' dir='ltr'>Elmenhorstius:</span> 
     </span>
     <span class='ocr_line' id='line_1_34' title="bbox 361 2599 1864 2641; baseline -0.001 -7"><span class='ocrx_word' id='word_1_292' title='bbox 361 2599 482 2634; x_wconf 83' lang='lat' dir='ltr'>laudes</span> <span class='ocrx_word' id='word_1_293' title='bbox 508 2600 543 2634; x_wconf 92' lang='lat' dir='ltr'><strong><em>P</em></strong></span> <span class='ocrx_word' id='word_1_294' title='bbox 574 2599 677 2634; x_wconf 81' lang='lat' dir='ltr'>laude</span> <span class='ocrx_word' id='word_1_295' title='bbox 703 2599 775 2634; x_wconf 80' lang='lat' dir='ltr'>Sab</span> <span class='ocrx_word' id='word_1_296' title='bbox 935 2599 999 2634; x_wconf 87' lang='lat' dir='ltr'>illa</span> <span class='ocrx_word' id='word_1_297' title='bbox 1024 2599 1095 2634; x_wconf 78' lang='lat' dir='ltr'>Sab</span> <span class='ocrx_word' id='word_1_298' title='bbox 1258 2599 1301 2634; x_wconf 84' lang='lat'>14</span> <span class='ocrx_word' id='word_1_299' title='bbox 1325 2599 1542 2633; x_wconf 86' lang='lat' dir='ltr'>heiulatibus</span> <span class='ocrx_word' id='word_1_300' title='bbox 1569 2599 1650 2641; x_wconf 68' lang='grc' dir='ltr'><em>δαὶ),</em></span> <span class='ocrx_word' id='word_1_301' title='bbox 1676 2610 1714 2632; x_wconf 86' lang='lat' dir='ltr'>r.-</span> <span class='ocrx_word' id='word_1_302' title='bbox 1746 2599 1864 2634; x_wconf 81' lang='lat' dir='ltr'>h*eiu-</span> 
     </span>
     <span class='ocr_line' id='line_1_35' title="bbox 361 2655 1771 2691; baseline -0.001 0"><span class='ocrx_word' id='word_1_303' title='bbox 361 2656 520 2691; x_wconf 84' lang='lat' dir='ltr'>lantibus</span> <span class='ocrx_word' id='word_1_304' title='bbox 537 2656 573 2690; x_wconf 93' lang='lat' dir='ltr'><strong><em>P</em></strong></span> <span class='ocrx_word' id='word_1_305' title='bbox 705 2655 799 2691; x_wconf 76' lang='lat' dir='ltr'>facta</span> <span class='ocrx_word' id='word_1_306' title='bbox 824 2656 895 2691; x_wconf 80' lang='lat' dir='ltr'>Sab</span> <span class='ocrx_word' id='word_1_307' title='bbox 1039 2657 1080 2691; x_wconf 89' lang='grc'>16</span> <span class='ocrx_word' id='word_1_308' title='bbox 1105 2658 1207 2690; x_wconf 84' lang='lat' dir='ltr'>coetu</span> <span class='ocrx_word' id='word_1_309' title='bbox 1231 2657 1297 2691; x_wconf 80' lang='lat' dir='ltr'>Urs</span> <span class='ocrx_word' id='word_1_310' title='bbox 1443 2656 1599 2690; x_wconf 88' lang='lat' dir='ltr'>ediscitis</span> <span class='ocrx_word' id='word_1_311' title='bbox 1625 2667 1680 2690; x_wconf 86' lang='lat' dir='ltr'>om</span> <span class='ocrx_word' id='word_1_312' title='bbox 1699 2656 1771 2690; x_wconf 83' lang='lat' dir='ltr'>Sab</span> 
     </span>
     <span class='ocr_line' id='line_1_36' title="bbox 362 2713 1774 2758; baseline 0.001 -11"><span class='ocrx_word' id='word_1_313' title='bbox 362 2714 406 2747; x_wconf 92' lang='grc'>22</span> <span class='ocrx_word' id='word_1_314' title='bbox 431 2713 560 2758; x_wconf 90' lang='lat' dir='ltr'>ippiter</span> <span class='ocrx_word' id='word_1_315' title='bbox 586 2715 621 2747; x_wconf 91' lang='lat' dir='ltr'><strong><em>P</em></strong></span> <span class='ocrx_word' id='word_1_316' title='bbox 644 2724 725 2748; x_wconf 75' lang='lat' dir='ltr'>corr</span> <span class='ocrx_word' id='word_1_317' title='bbox 891 2725 971 2748; x_wconf 90' lang='lat' dir='ltr'>suos</span> <span class='ocrx_word' id='word_1_318' title='bbox 997 2715 1031 2748; x_wconf 90' lang='lat' dir='ltr'><strong><em>P</em></strong></span> <span class='ocrx_word' id='word_1_319' title='bbox 1056 2725 1137 2748; x_wconf 83' lang='lat' dir='ltr'>corr</span> <span class='ocrx_word' id='word_1_320' title='bbox 1302 2724 1429 2748; x_wconf 90' lang='lat' dir='ltr'>nomen</span> <span class='ocrx_word' id='word_1_321' title='bbox 1462 2713 1548 2748; x_wconf 83' lang='lat' dir='ltr'>Urs:</span> <span class='ocrx_word' id='word_1_322' title='bbox 1582 2724 1712 2747; x_wconf 86' lang='lat' dir='ltr'>numen</span> <span class='ocrx_word' id='word_1_323' title='bbox 1738 2714 1774 2748; x_wconf 91' lang='lat' dir='ltr'><strong><em>P</em></strong></span> 
     </span>
     <span class='ocr_line' id='line_1_37' title="bbox 361 2769 1863 2815; baseline 0 -12"><span class='ocrx_word' id='word_1_324' title='bbox 361 2770 406 2803; x_wconf 85' lang='grc'>24</span> <span class='ocrx_word' id='word_1_325' title='bbox 431 2769 529 2804; x_wconf 86' lang='lat' dir='ltr'>uelut</span> <span class='ocrx_word' id='word_1_326' title='bbox 559 2769 641 2805; x_wconf 80' lang='lat' dir='ltr'>Gel:</span> <span class='ocrx_word' id='word_1_327' title='bbox 666 2771 720 2804; x_wconf 90' lang='lat' dir='ltr'>uel</span> <span class='ocrx_word' id='word_1_328' title='bbox 746 2771 781 2804; x_wconf 94' lang='lat' dir='ltr'><strong><em>P</em></strong></span> <span class='ocrx_word' id='word_1_329' title='bbox 918 2771 961 2804; x_wconf 77' lang='grc'>28</span> <span class='ocrx_word' id='word_1_330' title='bbox 986 2770 1163 2815; x_wconf 88' lang='lat' dir='ltr'>praeditos</span> <span class='ocrx_word' id='word_1_331' title='bbox 1187 2770 1272 2805; x_wconf 83' lang='lat' dir='ltr'>Gel:</span> <span class='ocrx_word' id='word_1_332' title='bbox 1297 2771 1451 2815; x_wconf 88' lang='lat' dir='ltr'>proditos</span> <span class='ocrx_word' id='word_1_333' title='bbox 1470 2771 1506 2804; x_wconf 91' lang='lat' dir='ltr'><strong><em>P</em></strong></span> <span class='ocrx_word' id='word_1_334' title='bbox 1639 2770 1682 2805; x_wconf 88' lang='grc'>29</span> <span class='ocrx_word' id='word_1_335' title='bbox 1708 2770 1863 2804; x_wconf 87' lang='lat' dir='ltr'>induxis-</span> 
     </span>
    </p>
   </div>
   <div class='ocr_carea' id='block_1_4' title="bbox 363 2827 846 2870">
    <p class='ocr_par' dir='ltr' id='par_1_4' title="bbox 363 2827 846 2870">
     <span class='ocr_line' id='line_1_38' title="bbox 363 2827 846 2870; baseline 0.002 -10"><span class='ocrx_word' id='word_1_336' title='bbox 363 2827 410 2860; x_wconf 85' lang='lat' dir='ltr'>tis</span> <span class='ocrx_word' id='word_1_337' title='bbox 436 2827 584 2870; x_wconf 75' lang='lat' dir='ltr'>scripsi:</span> <span class='ocrx_word' id='word_1_338' title='bbox 616 2827 785 2861; x_wconf 86' lang='lat' dir='ltr'>inducitis</span> <span class='ocrx_word' id='word_1_339' title='bbox 812 2827 846 2861; x_wconf 87' lang='lat' dir='ltr'><strong><em>P</em></strong></span> 
     </span>
    </p>
   </div>
  </div>
 </body>
</html>
