2032 3248
789 201 918 235 Liber
946 200 994 235 II.
1553 203 1629 244 101

145 316 243 357 certi
275 318 402 356 certas
434 314 540 368 apud
572 325 641 355 uos
673 314 825 356 habent
856 315 1007 356 tutelas
1039 315 1224 357 licentias
1256 316 1476 369 potestates
1506 328 1632 369 neque

148 395 284 425 eorum
317 384 365 424 ab
407 384 542 436 aliquo
573 382 615 423 id
646 383 750 436 quod
792 383 876 424 eius
916 395 993 424 non
1025 384 1078 424 sit
1120 385 1334 437 potestatis
1366 398 1410 426 ac
1442 384 1631 426 licentiae

147 452 375 505 postulatis,
408 452 465 492 ita
496 451 614 493 unius
636 451 890 505 pontificium
913 451 1062 492 Christi
1087 453 1148 493 est
1169 454 1264 494 dare
1286 453 1435 494 animis
1456 454 1633 495 salutem

146 521 187 561 et
225 520 414 573 spiritum
461 520 745 573 perpetuitatis
791 521 1002 572 adponere.
1051 521 1085 562 si
1125 523 1232 562 enim
1272 522 1430 574 patrem
1469 522 1632 563 creditis

119 589 338 630 ⁵Liberum
372 589 465 630 dare
496 601 610 641 posse
641 589 909 639 uindemiam‚
940 588 1184 646 medicinam
1217 602 1294 631 non
1325 602 1459 642 posse,
1492 590 1526 630 si
1558 589 1632 631 Ce-

146 670 273 698 rerem
306 658 460 712 fruges,
504 658 537 698 si
570 658 860 710 Aesculapium
892 657 1132 707 sanitatem,
1172 658 1206 698 si
1237 658 1474 710 Neptunum
1507 658 1633 710 aliud,

146 727 255 768 aliud
299 739 413 779 posse
455 727 668 775 Iunonem.
700 726 921 767 Fortunam
953 726 1202 767 Mercurium
1244 727 1469 767 Volcanum
1500 740 1634 768 rerum

148 807 232 837 esse
263 795 445 848 singulos
477 796 679 836 certarum
711 807 755 835 ac
787 794 1046 848 singularum
1076 796 1259 835 datores:
1300 796 1339 835 et
1371 795 1445 836 hoc
1476 807 1635 837 necesse

147 876 170 904 a
201 863 314 904 nobis
347 873 407 904 est
438 864 484 903 ut
515 863 696 904 debeatis
735 863 935 915 accipere,
983 863 1031 904 ab
1072 863 1184 904 nullo
1216 862 1371 904 animas
1402 875 1518 916 posse
1549 864 1636 905 uim

101 947 133 971 ιο
146 931 256 973 uitae
288 933 409 984 atque
440 931 733 972 incolumitatis
767 932 945 984 accipere
975 931 1054 973 nisi
1076 932 1124 972 ab
1147 944 1190 973 eo
1213 944 1331 984 quem
1353 944 1420 972 rex
1450 945 1636 973 summus

146 1001 240 1041 huic
278 1000 435 1041 muneri
474 1000 686 1053 officioque
727 1000 936 1052 praefecit.
983 1000 1085 1042 hanc
1125 1000 1379 1053 omnipotens
1416 1001 1637 1054 imperator

146 1081 231 1110 esse
272 1068 403 1110 uoluit
445 1069 591 1109 salutis
633 1069 763 1119 uiam,
806 1069 906 1110 hane
938 1069 1046 1110 uitae
1086 1070 1131 1109 ut
1161 1070 1220 1110 ita
1251 1069 1420 1110 dixerim
1457 1070 1635 1121 ianuam,

146 1150 216 1191 per
256 1138 357 1179 hanc
398 1137 530 1178 solum
572 1139 633 1178 est
674 1137 880 1191 ingressus
923 1138 972 1178 ad
1013 1138 1144 1178 lucem
1186 1150 1315 1190 neque
1355 1138 1453 1179 alias
1495 1138 1637 1179 datum

147 1207 208 1247 est
244 1206 306 1247 uel
348 1205 528 1258 inrepere
567 1206 632 1247 uel
674 1206 865 1247 inuadere
908 1206 1051 1247 ceteris
1090 1206 1280 1248 omnibus
1320 1206 1470 1248 clausis
1517 1209 1637 1259 atque

102 1274 450 1327 15inexpugnabili
489 1286 577 1315 aree
616 1274 797 1315 munitis
844 1274 942 1316 licet
980 1287 1073 1328 ergo
1112 1276 1157 1316 tu
1196 1288 1320 1328 purus
1359 1276 1399 1316 et
1445 1275 1494 1316 ab
1527 1274 1637 1316 omni
1653 1276 1707 1318 66

146 1342 271 1383 fueris
294 1343 489 1383 uitiorum
511 1342 857 1384 contaminatione
879 1344 1090 1397 purgatus,
1110 1343 1388 1385 conciliaueris
1406 1344 1501 1385 illas
1519 1344 1638 1397 atque

146 1410 344 1452 inflexeris
376 1412 610 1464 potestates,
644 1412 694 1452 ad
725 1411 882 1453 caelum
913 1424 960 1452 ne
991 1412 1175 1453 redeunti
1207 1413 1295 1453 uias
1319 1412 1485 1453 cludant
1517 1413 1639 1465 atque

147 1481 385 1534 obsaepiant
406 1482 640 1529 transitum,
673 1481 723 1522 ad
746 1481 1074 1523 immortalitatis
1107 1482 1295 1523 accedere
1327 1483 1454 1523 nullis
1486 1481 1638 1535 poteris

147 1550 471 1590 contentionibus
493 1550 733 1602 praemium,
767 1550 845 1590 nisi
875 1550 981 1602 quod
1003 1551 1133 1603 ipsam
1159 1551 1518 1592 immortalitatem
1540 1550 1638 1591 facit

101 1631 135 1656 20
149 1617 309 1660 Christo
347 1618 604 1659 adtribuente
641 1617 645 1672 Ι
680 1618 904 1671 perceperis
947 1619 987 1659 et
1018 1631 1156 1659 ueram
1197 1618 1321 1660 fueris
1353 1618 1555 1661 admissus
1588 1617 1638 1659 ad
1652 1627 1675 1663 f.
1691 1625 1753 1661 59¹³

148 1688 290 1728 uitam.
338 1700 432 1728 nam
470 1688 575 1739 quod
616 1687 731 1727 nobis
771 1686 972 1728 obiectare
1018 1687 1263 1737 consuestis,
1311 1687 1515 1728 nouellam
1554 1699 1639 1728 esse

148 1755 387 1810 religionem
426 1757 609 1797 nostram
649 1757 688 1796 et
729 1756 820 1796 ante
861 1755 945 1796 dies
985 1757 1126 1796 natam
1164 1755 1454 1809 propemodum
1492 1766 1640 1809 paucos

149 1836 275 1876 neque
308 1836 377 1864 nos
408 1824 631 1877 oportuisse
663 1824 876 1876 antiquam
908 1824 948 1864 et
978 1823 1155 1876 patriam
1192 1824 1373 1876 linquere
1405 1824 1445 1864 et
1474 1823 1516 1864 in
1547 1823 1641 1865 bar-

148 1893 265 1934 baros
294 1892 396 1933 ritus
418 1892 727 1945 peregrinosque
750 1892 920 1941 traduci,
953 1892 1108 1932 ratione
1131 1892 1243 1933 istud
1265 1891 1491 1932 intenditur
1512 1891 1638 1933 nulla.

103 1976 135 2003 25
150 1961 246 2013 quid
290 1961 417 2010 enim,
465 1960 499 2001 si
530 1961 603 2002 hoc
635 1961 753 2001 modo
791 1961 953 2013 culpam
999 1961 1174 2001 uelimus
1214 1959 1398 2014 infligere
1436 1959 1640 2012 prioribus

150 2028 233 2069 illis
253 2029 373 2081 atque
395 2029 691 2081 antiquissimis
715 2029 901 2079 saeculis,
934 2029 1041 2081 quod
1062 2029 1240 2069 inuentis
1262 2027 1448 2082 frugibus
1471 2027 1639 2081 glandes

149 2098 376 2150 spreuerint
407 2099 446 2139 et
478 2098 782 2150 repudiauerint
815 2098 982 2147 arbuta,
1023 2097 1128 2150 quod
1160 2097 1379 2138 corticibus
1412 2096 1571 2150 contegi
1602 2097 1641 2138 et

149 2167 305 2207 amiciri
338 2166 533 2207 desierint
563 2166 757 2219 pellibuS‚
797 2167 1014 2219 postquam
1045 2165 1172 2207 uestis
1204 2165 1433 2219 excogitata
1464 2166 1525 2206 est
1555 2166 1640 2206 tex-

149 2234 235 2276 tilis
267 2248 342 2276 usu
365 2239 402 2276 et
434 2235 722 2276 commoditate
753 2234 1009 2284 succinctior,
1041 2234 1112 2274 aut
1133 2234 1239 2286 quod
1262 2233 1429 2275 structis
1451 2233 1640 2275 domibus

196 2416 216 2449 3
242 2415 418 2458 pontificis
445 2415 515 2450 Sal)
653 2415 674 2448 5
699 2413 913 2447 uindemiam
941 2413 1027 2447 Gez:
1059 2412 1275 2446 uindemiam
1303 2413 1372 2446 iam
1398 2413 1433 2447 P
1569 2423 1642 2447 cae-

150 2483 259 2506 rerem
286 2474 320 2507 P
456 2472 476 2505 6
502 2471 733 2514 aescolapium
760 2471 795 2504 P
934 2470 952 2503 7
978 2469 1166 2503 uulcanum
1191 2472 1250 2511 (uu
1268 2479 1310 2503 ea:
1327 2471 1384 2512 uo)
1411 2470 1445 2503 P
1577 2471 1598 2504 9
1623 2481 1643 2504 a.

152 2529 250 2563 nobis
279 2530 366 2563 eal).-
399 2540 418 2562 a
444 2529 543 2563 bonis
570 2529 603 2562 P
742 2539 760 2560 a
788 2527 858 2561 Sub
1004 2527 1047 2560 10
1071 2526 1329 2560 incolumitatis
1355 2527 1388 2560 P
1525 2527 1568 2560 12
1594 2526 1643 2560 ia-

152 2593 249 2620 nuam
275 2587 308 2620 P
447 2586 488 2620 13
514 2585 603 2619 hanc
622 2585 826 2618 Meursius:
851 2583 943 2616 hunc
962 2583 996 2616 P
1134 2582 1330 2625 ingressffls
1348 2583 1382 2616 P
1519 2582 1562 2617 17
1587 2593 1643 2627 po-

152 2644 311 2679 testates.
338 2654 379 2677 ne
399 2643 463 2677 Gel
601 2653 643 2676 ne
669 2641 832 2675 redeunti
851 2639 1166 2674 Hildebrandius:
1193 2640 1353 2673 redeunti
1378 2640 1412 2674 P
1549 2639 1643 2674 redc-

154 2700 231 2734 unti
256 2711 297 2733 nc
323 2700 420 2734 Salm
606 2700 647 2732 18
673 2698 854 2742 obsepiant
880 2698 913 2729 P
1094 2696 1136 2730 19
1162 2696 1274 2740 ipsam
1300 2696 1389 2730 Sab:
1426 2697 1501 2741 ipsa
1520 2697 1553 2730 P

153 2756 197 2790 23
214 2767 273 2790 uos
292 2757 356 2791 Gel
492 2756 686 2800 oportuisse
703 2755 850 2798 scripsi:
869 2753 1022 2797 potuisse
1040 2753 1075 2787 P
1211 2754 1252 2787 27
1272 2754 1501 2797 spreueurint
1520 2754 1554 2787 P

153 2812 277 2846 arbuta
303 2813 393 2848 Sab:
418 2813 561 2846 arbusta
587 2813 620 2846 P
