2032 3248
624 214 681 246 De
706 213 881 257 duplici
908 214 1123 256 martyrio
1150 225 1175 246 c.
1203 214 1303 247 ‘2—5.
1629 215 1711 256 2233

213 324 301 365 tem,
340 320 371 357 si
402 319 559 367 spiritus
593 319 697 356 illius
726 322 858 366 regnet
893 319 930 355 in
961 319 1069 356 nobis
1092 321 1129 356 et
1151 319 1183 356 si
1214 319 1317 356 illius
1351 319 1541 356 uoluntati
1565 321 1708 357 obtem-

211 391 363 436 peretur
384 389 422 424 in
445 388 567 434 terris,
592 388 902 435 quemadmodum
927 388 964 424 in
987 387 1101 425 caelis
1124 387 1228 424 nulla
1255 390 1312 425 est
1334 386 1504 425 rebellio.
1536 387 1710 434 quoniam

213 458 338 494 autem
368 456 536 493 homines
565 468 608 494 ex
638 467 718 494 sese
750 456 846 493 nihil
880 457 1021 493 habent
1043 456 1209 502 uirtutis,
1232 456 1414 503 quidquid
1436 467 1502 502 per
1524 467 1590 493 1105
1612 459 1710 494 10010

210 525 354 572 geritur
391 525 489 562 cedit
518 525 556 562 in
593 525 752 571 gloriam
783 525 853 563 Dei
888 528 924 562 et
961 525 1042 562 ideo
1079 525 1299 562 thesaurum
1334 524 1483 561 diuinae
1520 525 1710 572 potentiae

181 596 194 619 ⁵
210 594 348 641 promit
370 594 557 630 interdum
581 604 624 630 ex
648 593 748 631 uasis
770 593 964 639 fictilibus,
996 595 1037 630 ut
1060 593 1273 630 sublimitas
1305 592 1355 629 sit
1391 593 1545 629 uirtutis
1567 593 1636 630 Dei
1674 595 1709 631 et

208 673 282 700 11011
304 673 349 699 ex
371 661 491 699 nobis.

263 730 363 777 Ergo
395 741 620 777 quamquam
637 730 769 768 *omnis
803 730 948 777 piorum
980 730 1060 767 uita
1091 729 1270 777 martyrio
1293 741 1358 766 5110
1381 728 1569 776 glorificat
1591 729 1709 766 Deum

206 800 243 836 et
266 798 457 835 Christum
478 799 596 835 filium
619 799 711 845 eius,
735 799 882 836 nullum
904 801 1031 836 tamen
1054 800 1111 835 est
1129 798 1318 835 illustrius
1336 797 1594 835 testimonium
1611 798 1709 845 apud

207 867 376 904 homines
413 879 523 914 quam
560 868 767 915 sanguinis,
805 868 874 906 1100
911 870 967 905 051
991 868 1090 904 uitae
1114 868 1267 914 propter
1288 867 1406 904 Deum
1438 868 1648 904 contemtae
1672 868 1709 903 et

162 938 193 961 ¹0
207 936 339 973 mortis
362 936 509 973 fortiter
530 936 725 974 toleratae.
749 936 993 974 reddiderunt
1017 938 1054 972 et
1076 935 1256 973 miracula
1277 935 1537 973 testimonium
1556 935 1706 972 diuinae

205 1004 408 1051 potentiae,
446 1005 669 1051 praesertim
706 1006 804 1051 apud
842 1004 1067 1050 incredulos,
1105 1015 1191 1041 nam
1227 1004 1287 1041 his
1318 1002 1466 1050 proprie
1499 1003 1589 1041 data
1619 1005 1708 1040 sunt

205 1071 327 1120 signa,
351 1074 662 1120 quemadmodum
687 1073 821 1111 scribit
843 1074 976 1111 beatus
1008 1073 1226 1120 apostolus:
1260 1072 1326 1109 sed
1347 1083 1494 1119 semper
1515 1071 1706 1109 efficacius

204 1140 277 1178 fuit
314 1141 510 1189 sanguinis
546 1142 690 1189 profusi
727 1142 997 1179 testimonium.
1033 1143 1124 1188 quot
1162 1141 1310 1178 morbos
1341 1140 1571 1178 insanabiles
1594 1140 1706 1178 uerbo

205 1212 358 1246 sanarat
386 1210 587 1256 Dominus,
620 1213 711 1258 quot
744 1222 872 1248 caecos
904 1210 1139 1255 illustrarat,
1179 1212 1269 1257 quot
1303 1221 1452 1247 mancos
1475 1209 1705 1257 paralyticos

159 1285 189 1308 1⁵
205 1289 246 1315 ac
268 1278 412 1316 debiles
436 1279 677 1326 restituerat,
711 1282 801 1326 quot
831 1280 1021 1317 exanimes
1043 1279 1089 1316 ad
1122 1279 1239 1317 uitam
1262 1281 1488 1316 reuocarat‘?
1521 1280 1558 1316 et
1580 1282 1704 1316 tamen

203 1347 312 1393 pauci
354 1348 556 1385 credebant
600 1348 637 1385 in
679 1359 783 1394 eum,
833 1350 869 1386 et
911 1348 1110 1385 audiebat:
1167 1348 1212 1384 in
1243 1347 1515 1385 Beelzebub
1555 1347 1706 1384 eiecit

203 1415 464 1454 daemonia.
498 1418 660 1455 ceterum
686 1417 750 1453 ubi
773 1419 926 1454 uentum
949 1419 1006 1454 est
1027 1417 1074 1453 ad
1097 1416 1331 1464 sanguinem,
1365 1415 1416 1452 ibi
1440 1415 1626 1453 deiectum
1647 1417 1705 1453 est

204 1485 356 1521 satanae
394 1495 565 1533 regnum,
604 1486 657 1522 ibi
695 1486 872 1522 subactus
903 1487 960 1522 est
993 1486 1166 1522 mundus.
1199 1488 1463 1522 commemorat
1485 1486 1523 1521 et
1545 1485 1704 1521 Ioannes

203 1553 437 1600 euangelista
468 1554 606 1602 triplex
645 1554 682 1591 in
713 1556 814 1592 terra
845 1554 1115 1599 testimonium,
1149 1552 1308 1600 spiritus
1339 1564 1436 1600 aqua
1467 1555 1503 1590 et
1533 1552 1702 1600 sanguis,

154 1631 188 1655 ‘20
203 1621 301 1667 quod
322 1621 626 1660 efficacissimum
648 1624 705 1660 est
726 1624 914 1669 postremo
937 1633 1136 1660 recensens
1167 1622 1260 1660 1000.
1298 1622 1473 1669 spiritum
1497 1621 1535 1658 in
1559 1621 1700 1659 colum-

201 1690 270 1727 bae
292 1691 414 1738 specie
437 1691 725 1729 descendentem
748 1702 859 1737 super
882 1692 1006 1728 Iesum
1029 1691 1156 1728 uidere
1179 1690 1317 1728 meruit
1338 1691 1496 1728 Ioannes
1519 1691 1699 1737 baptista,

200 1770 248 1795 an
269 1759 334 1795 alii
371 1759 536 1797 uiderint
571 1760 768 1797 incertum.
803 1763 902 1797 certe
932 1761 1002 1798 1100
1033 1759 1291 1797 10511111011111111
1322 1759 1453 1796 Ioanni
1476 1761 1607 1797 datum
1630 1763 1699 1806 est,

199 1839 270 1873 quo
302 1828 487 1865 desineret
525 1829 697 1866 dubitare
719 1829 763 1865 de
786 1828 942 1865 Domino
975 1828 1074 1874 Iesu,
1112 1840 1160 1865 an
1196 1827 1260 1865 ille
1284 1831 1383 1865 esset
1405 1828 1469 1875 qui
1491 1828 1700 1874 baptizaret

200 1895 338 1942 spiritu
375 1898 412 1933 et
448 1897 540 1944 igni,
572 1908 691 1944 aquae
729 1896 986 1934 testimonium
1022 1896 1119 1934 uidit
1154 1896 1314 1934 Ioannes
1346 1897 1594 1943 euangelista,
1633 1908 1699 1934 nee

152 1976 184 2001 25
201 1964 294 2001 satis
324 1966 473 2002 constat
504 1964 653 2002 solusne
684 1965 823 2002 uiderit
845 1977 892 2002 an
916 1977 998 2002 011111
1021 1965 1165 2003 multis.
1201 1967 1280 2002 erat
1302 1965 1451 2011 quidem
1474 1966 1543 2002 1100
1565 1965 1698 2012 ingens

199 2032 419 2079 mysterium
442 2034 539 2071 sacri
562 2033 704 2071 lauacri
726 2046 798 2081 quo
821 2034 996 2071 delentur
1017 2036 1190 2081 peccata:
1224 2035 1288 2071 sed
1312 2034 1406 2071 uidit
1429 2046 1564 2082 aquam
1586 2034 1698 2071 simul

198 2100 349 2138 effluere
387 2113 469 2138 cum
506 2103 702 2149 sanguine,
740 2102 804 2150 qui
840 2102 913 2140 nisi
944 2103 1132 2140 adfuisset
1165 2103 1340 2140 inefficax
1362 2105 1443 2141 erat
1466 2115 1576 2149 aqua.
1608 2103 1698 2150 quid

198 2169 295 2206 enim
333 2171 484 2217 prodest
515 2171 658 2208 aboleri
680 2173 846 2217 peccata,
885 2171 959 2208 nisi
981 2172 1157 2209 succedat
1180 2172 1259 2209 uita
1281 2171 1451 2208 iustitiae
1474 2183 1586 2218 quam
1608 2183 1697 2209 0011-

197 2238 272 2275 fert
308 2239 488 2286 sanguis‘?
528 2251 751 2287 quamquam
781 2240 820 2277 hi
852 2241 929 2277 tres
965 2252 1079 2277 unum
1117 2242 1225 2277 sunt:
1259 2251 1354 2276 unus
1378 2239 1478 2276 enim
1500 2240 1601 2276 Deus
1624 2242 1694 2286 est,

150 2320 182 2344 30
197 2307 258 2353 qui
288 2319 353 2354 per
382 2308 555 2354 spiritum
590 2321 724 2356 aquam
747 2311 785 2345 et
808 2309 1028 2355 sanguinem
1061 2309 1228 2345 declarat
1250 2309 1444 2345 hominum
1466 2309 1595 2355 generi
1618 2308 1694 2345 uir-

196 2377 314 2412 tutem
337 2388 379 2413 ac
409 2377 615 2414 bonitatem
651 2389 777 2414 suam:
810 2381 875 2414 aut
910 2378 989 2414 ideo
1028 2377 1202 2414 dicuntur
1238 2389 1352 2413 unum
1389 2387 1482 2422 esse,
1521 2377 1695 2423 quoniam

197 2445 359 2491 undique
382 2445 455 2482 sibi
477 2448 625 2483 constat
649 2447 903 2483 testiinonium
928 2459 996 2483 nec
1018 2447 1096 2483 ulla
1118 2459 1159 2484 ex
1184 2449 1289 2493 parte
1312 2447 1492 2494 dissonat,
1516 2447 1694 2493 quemad-

199 2513 346 2549 modum
384 2525 475 2560 quos
515 2514 707 2551 artissima
745 2515 867 2561 iungit
904 2515 1070 2551 amicitia
1100 2519 1252 2562 propter
1283 2526 1467 2551 summum
1489 2515 1694 2552 animorum

196 2592 415 2618 consensum
437 2594 533 2619 unus
556 2583 702 2620 animus
725 2594 805 2620 esse
829 2583 1015 2620 dicuntur.

152 2664 182 2687 35
253 2649 306 2686 Ac
344 2650 446 2687 iuxta
482 2662 633 2688 sensum
666 2651 886 2688 crassiorem
917 2652 1008 2689 haec
1044 2652 1119 2689 tria
1150 2652 1350 2699 praecipua
1372 2655 1459 2689 511111
1484 2653 1521 2689 111
1546 2653 1693 2690 1101111110

198 2716 296 2753 uitae
329 2721 549 2764 argumenta
582 2722 694 2766 atque
729 2720 841 2756 etiam
873 2720 1133 2757 instrumenta.
1167 2720 1344 2767 quamdiu
1378 2721 1476 2758 enim
1507 2721 1692 2767 pulmonis

288 2828 328 2860 1ss
355 2827 438 2861 Luc.
468 2830 519 2867 11,
549 2830 598 2863 15.
