2032 3248
400 216 484 259 308
1017 215 1259 260 Appendix.

629 321 732 361 Hinc
752 321 826 360 iter
847 322 894 359 ad
914 333 1038 360 ramos
1060 323 1098 360 et
1118 321 1245 360 dulcia
1264 334 1375 369 poma
1397 323 1548 370 salutis,

629 391 722 428 Inde
743 391 817 429 iter
838 391 886 428 ad
906 391 1051 429 caelum
1072 402 1139 438 per
1160 402 1284 429 ramos
1306 392 1451 430 arboris
1473 392 1585 430 altae.

630 460 712 498 Hoc
732 459 879 507 lignum
899 459 1001 497 uitae
1021 458 1169 497 cunctis
1190 459 1444 499 credentibus.
1477 472 1597 499 amen.

520 741 587 780 VI.
618 741 688 779 AD
719 741 950 781 FLAVIVM
979 741 1204 779 FELICEM
1233 742 1299 779 DE
1329 740 1742 781 RESVRRECTIONE

964 816 1294 856 MORTVORVM.

572 944 592 980 1
629 928 706 983 Qui
726 942 821 980 mihi
838 942 1023 981 ruricolas
1046 942 1175 990 opt-aui
1197 942 1361 981 carmine
1381 954 1509 980 musas

625 1011 675 1049 Et
695 1011 823 1050 uernis
843 1023 971 1050 roseas
992 1011 1150 1049 titulaui
1170 1011 1326 1049 floribus
1347 1023 1460 1050 auras

621 1081 875 1129 Aestiuasque
897 1093 1034 1129 graues
1055 1080 1246 1119 maturaui
1266 1080 1400 1118 messis
1423 1081 1577 1127 aristas,

627 1150 776 1188 Succidi
797 1150 962 1187 tumidas
984 1150 1156 1187 autumni
1176 1149 1321 1187 uitibus
1342 1161 1435 1187 uuas

570 1219 594 1257 5
625 1220 675 1258 Et
695 1219 832 1258 hiemis
852 1219 1023 1267 placidas
1043 1219 1202 1257 laudaui
1223 1230 1370 1266 semper
1391 1218 1514 1257 oliuas

624 1289 759 1336 Adque
780 1289 993 1326 modulatas
1016 1287 1161 1326 exclusi
1181 1287 1351 1326 fontibus
1374 1285 1498 1326 undas

623 1357 927 1405 Frondentisque
948 1369 1045 1405 uago
1067 1357 1185 1395 cecini
1207 1358 1252 1395 de
1273 1357 1445 1405 gramine
1467 1357 1607 1395 siluas:

620 1426 800 1464 Protinus
821 1427 1012 1464 aetherias
1032 1427 1254 1464 modulabor
1275 1426 1430 1464 luminis
1452 1438 1551 1474 oras,

624 1496 706 1534 Iam
727 1495 822 1532 mihi
841 1494 1020 1533 luciferas
1042 1496 1157 1533 liceat
1178 1495 1399 1542 contingere
1418 1506 1561 1542 musas,

541 1566 594 1604 10
623 1565 795 1602 Pandere
816 1565 983 1602 secretas
1004 1564 1152 1602 fluuiali
1172 1564 1314 1601 uertice
1335 1564 1522 1612 nymphas

621 1634 672 1671 Et
694 1634 816 1671 laetas
839 1633 912 1671 alio
934 1633 1080 1680 positas
1102 1633 1171 1671 sub
1193 1633 1315 1670 sidere
1338 1633 1470 1680 siluas,

620 1702 880 1749 Aeternasque
903 1701 1017 1739 simul
1038 1702 1251 1740 memorabo
1273 1702 1438 1740 carmine
1461 1702 1646 1748 flammas,

620 1771 727 1809 Vnde
748 1783 851 1809 mare
871 1771 916 1808 in
936 1770 1103 1809 tumidas
1125 1771 1342 1820 inmensum⁴
1357 1772 1515 1809 fluctuet
1535 1772 1670 1818 undas,

620 1841 723 1886 Quae
744 1841 869 1878 uirtus
889 1842 1040 1878 moueat
1061 1841 1202 1878 solidas
1224 1841 1443 1879 tremiscere
1466 1842 1601 1888 terras,

537 1909 588 1947 15
620 1910 670 1947 Et
690 1910 756 1947 lux
777 1910 876 1948 unde
896 1922 994 1948 nouo
1015 1909 1261 1958 praefulserit
1282 1921 1397 1948 aurea
1417 1910 1568 1957 mundo,

461 2090 505 2125 69
530 2090 639 2135 uitae]
672 2090 752 2124 uita
783 2091 837 2124 cst
867 2089 997 2124 Aldus.
1023 2109 1069 2114 —-
1094 2089 1275 2134 Hymnum
1307 2089 1348 2124 de
1379 2089 1511 2134 pascha
1541 2089 1620 2124 Iesu
1652 2089 1789 2124 Christi
1821 2100 1876 2123 ex-

368 2148 471 2192 plicit
496 2148 587 2182 EM.
612 2168 658 2173 —

461 2205 595 2249 Incipit
621 2204 965 2249 CaeciliiCypriani
989 2204 1035 2238 ad
1058 2204 1225 2238 Flauium
1250 2204 1406 2238 Felicem
1432 2204 1474 2238 de
1506 2205 1758 2239 resurrectione
1782 2215 1874 2239 mor-

368 2264 511 2297 tuorum
547 2263 598 2302 T,
633 2262 689 2296 Ad
719 2262 875 2299 Felicem
909 2262 950 2296 dc
980 2262 1235 2296 resurrectione
1266 2264 1489 2296 mortuorum
1513 2263 1566 2305 D,
1599 2263 1876 2307 inscriptionem

368 2332 435 2356 om.
461 2321 517 2362 W,
543 2320 760 2355 Tertulliani
785 2319 827 2353 de
851 2319 983 2353 iudicio
1008 2319 1144 2353 domini
1169 2319 1258 2353 liber
1279 2329 1373 2353 unus
1391 2320 1591 2354 Fabricius
1616 2321 1679 2364 qui
1703 2321 1768 2354 hoc
1794 2331 1874 2354 car-

367 2389 450 2412 men
470 2378 615 2422 primus
640 2378 761 2412 edidit.
786 2397 831 2402 ——
858 2378 877 2410 1
903 2377 1076 2410 ruriculas
1107 2378 1140 2410 T
1295 2377 1437 2411 obtauit
1466 2378 1552 2412 TW
1702 2377 1723 2410 2
1748 2377 1875 2411 titula-

368 2435 424 2469 uit
451 2436 552 2470 TW¹
691 2435 712 2469 3
738 2434 936 2468 maturauit
963 2434 1065 2468 TW¹
1204 2434 1317 2468 arista
1341 2434 1379 2468 D
1518 2435 1541 2469 4
1565 2434 1716 2468 succidit
1744 2435 1832 2470 TW

367 2492 532 2526 humidas
563 2493 613 2527 W
800 2492 983 2526 autumnis
1008 2491 1116 2525 Nolte
1139 2492 1288 2536 theolog.
1318 2492 1570 2537 Quartalschr.
1588 2494 1683 2526 1868
1703 2503 1740 2535 p.
1759 2494 1828 2526 444

367 2551 390 2585 5
413 2550 560 2584 laudaui
584 2550 725 2594 scripsi,
749 2549 887 2583 laudari
917 2549 1010 2589 TW,
1034 2548 1178 2582 laudare
1201 2549 1262 2583 Du
1401 2549 1513 2583 olibas
1537 2548 1576 2583 D
1715 2550 1735 2582 6
1761 2549 1874 2583 exolu-

367 2607 417 2641 sit
446 2608 532 2642 TW
659 2606 837 2641 frontibus
867 2607 900 2640 T
1031 2605 1053 2641 7
1080 2605 1353 2650 frondentesque
1385 2607 1453 2640 le
1579 2607 1601 2641 8
1625 2608 1794 2651 protenus
1825 2607 1876 2641 W

367 2664 517 2707 saepius
610 2665 790 2698 aethereas
808 2675 829 2698 v
922 2674 1000 2697 oras
1022 2663 1055 2697 T
1052 2690 1063 2707 ,
1082 2663 1187 2696 horas
1204 2663 1300 2705 DW,
1326 2674 1427 2697 auras
1445 2674 1465 2697 v
1557 2664 1601 2697 10
1624 2664 1777 2709 pluuiali
1798 2665 1832 2699 T

367 2721 509 2766 nymfas
532 2721 581 2762 D,
606 2722 770 2765 lymphas
795 2721 944 2755 Fabric.
1090 2720 1133 2753 12
1157 2720 1379 2754 memorabor
1408 2720 1441 2754 T
1588 2721 1749 2755 flammas
1778 2721 1874 2762 TW,

368 2790 486 2813 musas
507 2778 567 2813 Dv
714 2779 757 2813 13
781 2779 819 2812 in
844 2777 976 2812 addidi
1000 2788 1075 2812 non
1094 2781 1249 2821 propter
1273 2788 1444 2811 numeros
1470 2788 1623 2821 quorum
1647 2789 1758 2812 causa
1785 2778 1875 2812 nihil

369 2840 419 2871 est
443 2837 485 2870 in
509 2837 574 2870 hoc
598 2837 762 2870 carmine
785 2835 1004 2870 mutandum
1238 2834 1282 2868 14
1306 2836 1447 2869 moueat
1475 2837 1570 2877 TW,
1603 2837 1744 2870 moneat
1768 2835 1828 2870 Dv

368 2895 575 2927 tremescere
600 2893 633 2927 T

2022 1718 2032 1980 ᾖ

2015 1979 2032 2276 2
