2032 3248
335 248 387 290 16
737 245 923 280 Arnobii
958 246 1174 280 aduersus
1207 247 1416 281 nationes

266 363 317 403 24
332 363 438 403 sorte
468 361 632 403 uersari.
679 362 816 403 uestra
846 363 942 404 sunt
972 362 1082 413 haec,
1115 363 1250 403 uestra
1271 363 1368 404 sunt
1395 362 1629 417 inreligiose
1659 363 1825 416 opinata

331 432 371 473 et
400 430 675 486 inreligiosius
706 430 871 472 credita.
918 430 1166 483 quinimmo,
1200 432 1246 472 ut
1275 431 1411 473 uerius
1443 432 1670 485 proloquar,
1702 432 1823 474 haru-

330 500 457 553 spices
488 501 561 542 has
593 500 762 547 fabulas,
808 499 1051 542 coniectores
1091 500 1237 541 harioli
1274 501 1389 544 uates
1421 501 1461 541 et
1490 513 1716 554 numquam
1746 513 1826 542 non

332 569 428 610 uani
458 569 749 610 concinnauere
779 568 966 619 fanatici,
1013 569 1082 622 qui
1114 581 1162 610 ne
1194 581 1289 611 suae
1329 570 1435 611 artes
1466 569 1669 612 intereant
1700 582 1746 611 ac
1775 583 1825 612 ne

330 639 455 692 stipes
477 638 642 693 exiguas
674 637 969 679 consultoribus
1001 637 1209 679 excutiant
1239 638 1323 680 iam
1353 637 1466 687 raris,
1500 638 1535 679 si
1564 639 1724 692 quando
1755 651 1826 680 uos
1857 657 1870 680 5

329 708 436 750 uelle
452 720 537 749 rem
553 706 691 748 uenire
709 706 751 747 in
770 706 971 747 inuidiam
987 707 1279 760 compererunt,
1297 707 1569 761 negleguntur
1586 707 1657 758 dii,
1682 707 1824 749 clami-

329 778 433 827 tant,
466 777 587 829 atque
617 775 660 816 in
691 775 858 829 templis
890 774 973 817 iam
1004 775 1152 816 raritas
1184 787 1345 817 summa
1374 776 1446 826 est,
1482 775 1614 817 iacent
1635 776 1827 830 antiquae

239 859 263 892 f.
281 860 323 892 ει)
340 846 491 888 derisui
523 844 787 887 caerimoniae
809 845 848 885 et
869 856 1073 885 sacrorum
1105 845 1307 897 quondam
1337 844 1548 886 ueterrimi
1568 845 1673 887 ritus
1699 844 1704 902 Ι
1730 847 1826 888 reli-

329 915 496 970 gionum
512 926 709 956 nouarum
728 913 1085 967 superstitionibus
1102 914 1347 964 occiderunt,
1371 915 1411 956 et
1431 913 1577 955 merito
1598 914 1826 957 humanum

329 996 455 1039 genus
486 983 548 1024 tot
578 982 836 1024 miseriarum
873 982 1074 1035 angustiis
1111 983 1329 1036 premitur,
1376 983 1439 1024 tot
1468 983 1654 1025 laborum
1685 996 1870 1028 exem-10

330 1052 461 1094 ciatur
490 1052 711 1094 aerumnis:
745 1052 786 1093 et
815 1051 1013 1102 homines,
1045 1052 1215 1094 brutum
1245 1065 1371 1107 genus
1402 1053 1443 1094 et
1471 1054 1578 1105 quod
1599 1053 1727 1095 situm
1749 1054 1823 1096 sub

327 1121 483 1164 lumine
513 1122 574 1163 est
605 1121 801 1163 caecitate
846 1121 1035 1176 ingenita
1079 1122 1326 1175 nequeuntes
1371 1122 1521 1173 uidere,
1569 1122 1721 1165 audent
1751 1124 1823 1165 ad-

262 1199 311 1238 25
327 1204 509 1234 seuerare
549 1191 691 1234 furiosi
732 1191 838 1244 quod
869 1203 940 1233 uos
977 1192 1136 1233 credere
1167 1205 1244 1233 non
1276 1192 1515 1233 erubescitis
1545 1191 1646 1233 sani.
1699 1204 1745 1234 ae
1774 1205 1824 1234 ne

327 1261 418 1315 quis
447 1273 518 1303 nos
549 1261 687 1302 tamen
717 1259 944 1301 diffidentia
974 1260 1242 1314 responsionis
1272 1260 1587 1314 tranquillitatis
1619 1260 1824 1303 existimet

327 1331 422 1372 deos
453 1330 601 1372 donare
642 1329 892 1379 muneribus,
924 1329 1106 1371 innoxias
1150 1329 1354 1384 adfingere
1393 1329 1458 1370 his
1498 1330 1655 1371 mentes
1700 1331 1822 1383 atque
1837 1345 1866 1370 15

325 1400 373 1441 ab
397 1399 506 1441 omni
526 1398 833 1453 perturbatione
856 1398 1045 1449 dimotas,
1078 1398 1356 1450 concedamus,
1390 1397 1497 1439 sicut
1517 1398 1685 1440 libitum
1706 1399 1822 1442 uobis

326 1469 406 1519 est,
452 1467 658 1509 intendere
689 1467 731 1508 in
763 1479 835 1508 nos
865 1467 967 1517 iras,
1008 1467 1246 1521 sanguinem
1276 1455 1369 1508 illos
1409 1467 1524 1508 sitire
1564 1468 1750 1509 nostrum
1781 1469 1822 1510 et

326 1537 566 1578 iamdudum
605 1548 676 1578 nos
713 1549 856 1589 cupere
895 1536 1131 1577 mortalium
1170 1536 1409 1577 submouere
1439 1536 1487 1577 de
1519 1536 1700 1578 saeculis
1752 1537 1821 1579 sed

325 1606 359 1648 si
404 1619 483 1648 non
528 1606 589 1647 est
634 1605 871 1655 molestum,
922 1618 1001 1647 non
1045 1617 1189 1659 graue,
1242 1605 1276 1646 si
1321 1604 1550 1646 communis
1592 1604 1713 1647 officii
1757 1618 1820 1648 res

326 1676 399 1727 est,
431 1688 510 1717 non
543 1688 590 1717 ex
619 1674 765 1729 gratia,
798 1675 868 1716 sed
900 1687 947 1716 ex
976 1687 1072 1716 uero
1103 1673 1411 1727 disceptationis
1441 1673 1563 1715 huius
1594 1673 1820 1727 disceptare
1834 1690 1865 1715 20

326 1746 546 1795 momenta,
577 1744 718 1786 audire
749 1756 773 1785 a
802 1743 918 1785 uobis
949 1743 1223 1796 exposcimus,
1255 1755 1455 1797 quaenam
1487 1743 1542 1784 sit
1572 1743 1670 1785 haec
1699 1743 1817 1795 ratio,

327 1827 428 1867 quae
460 1826 580 1855 causa
618 1814 785 1866 propter
816 1826 939 1866 quam
970 1813 1014 1854 in
1044 1825 1115 1854 nos
1144 1814 1308 1855 tantum
1338 1813 1380 1855 et
1400 1813 1458 1854 dii
1480 1811 1665 1854 saeuiant
1686 1812 1820 1866 superi

325 1884 367 1925 et
398 1882 574 1937 asperati
604 1881 789 1924 homines
828 1882 1097 1924 inardescant.
1145 1882 1385 1937 religiones,
1426 1882 1640 1936 inquiunt,
1671 1881 1819 1934 impias

324 1952 446 2005 atque
475 1950 683 1993 inauditos
715 1951 852 1992 cultus
873 1952 1075 1993 terrarum
1096 1952 1138 1993 in
1160 1951 1257 1993 orbe
1278 1950 1480 1993 tractatis.
1527 1950 1625 2003 quid
1646 1961 1668 1991 o
1688 1950 1819 2003 parti-

325 2021 430 2074 cipes
474 2020 643 2062 rationis
688 2020 849 2062 audetis
887 2020 1072 2062 homines
1113 2020 1318 2074 proloqui,
1365 2019 1463 2073 quid
1495 2019 1675 2070 effutire,
1721 2019 1818 2072 quid
1832 2037 1863 2061 25

323 2101 508 2144 promere
538 2089 778 2131 temerariae
808 2089 919 2132 uocis
951 2090 1232 2144 desperatione
1262 2089 1506 2142 temptatis?
1548 2088 1669 2130 deum
1707 2088 1817 2141 prin-

324 2159 476 2212 cipem,
507 2171 643 2200 rerum
674 2160 918 2200 cunctarum
949 2171 1225 2212 quaecumque
1257 2158 1351 2200 sunt
1381 2157 1611 2207 dominum,
1645 2157 1818 2199 summi-

323 2228 454 2269 tatem
485 2227 669 2269 omnium
691 2241 946 2269 summorum
969 2227 1236 2278 obtinentem,
1270 2228 1450 2278 adorare,
1484 2227 1675 2280 obsequio
1697 2239 1817 2268 uene-

324 2297 446 2339 rabili
492 2297 693 2348 inuocare,
740 2297 783 2338 in
813 2297 933 2338 rebus
975 2296 1094 2338 fessis
1132 2297 1231 2338 totis
1261 2297 1308 2338 ut
1339 2297 1400 2338 ita
1432 2296 1602 2338 dixerim
1633 2295 1817 2337 sensibus

324 2366 545 2419 amplexari
591 2379 728 2408 amare
767 2366 969 2420 suspicere
1015 2366 1252 2408 execrabilis
1283 2365 1427 2420 religio
1459 2365 1522 2407 est
1553 2365 1594 2405 et
1623 2363 1814 2414 infausta,
1831 2383 1862 2408 30

369 2593 388 2626 1
414 2595 564 2627 exsortes
590 2593 688 2628 Salm
838 2594 859 2628 5
882 2603 944 2627 nos
978 2592 1149 2627 bellorum
1175 2593 1326 2636 Lipsius
1364 2601 1426 2625 nos
1458 2590 1631 2624 malorum
1656 2600 1717 2634 eqo
1742 2601 1816 2624 ma-

322 2650 384 2684 lim
521 2651 542 2684 6
578 2651 646 2691 dii,
687 2650 889 2695 clamitant]
930 2651 1160 2685 declamitant
1198 2650 1269 2685 Sab
1413 2648 1434 2682 8
1459 2647 1666 2682 cerimoniae
1692 2648 1728 2681 P

324 2708 367 2742 10
404 2708 576 2751 angustiis
607 2709 642 2742 P
794 2708 989 2752 praemitur
1015 2709 1050 2742 P
1187 2708 1231 2742 12
1256 2708 1473 2751 neqswuntes
1498 2706 1534 2739 P
1677 2705 1722 2738 20
1745 2704 1816 2739 dis-

325 2764 520 2809 putationis
553 2765 619 2800 Urs
734 2764 927 2809 dispectare
946 2764 1046 2799 Salm
1162 2764 1205 2798 22
1230 2764 1298 2798 dii*
1316 2764 1352 2798 P
1458 2762 1503 2796 24
1519 2763 1673 2796 tractatis
1690 2762 1726 2795 P

323 2823 368 2856 25
391 2821 539 2856 rationis
566 2822 647 2863 Sab,
673 2833 711 2856 r:
751 2822 903 2856 rationes
929 2822 965 2856 P
1090 2851 1091 2854 ,
1113 2821 1156 2856 26
1182 2820 1430 2866 ‘disparatione
1455 2819 1513 2854 uel
1553 2818 1815 2864 disceptatione'

330 2879 399 2914 Urs
537 2879 698 2912 tcmtatis
723 2889 742 2912 r
