2032 3248
1472 239 1598 269 LXVII

112 337 321 387 XXXVII,
333 336 554 378 emendaui.
567 338 726 377 sextum
744 336 822 377 De
835 334 1240 376 resurrectione
1249 337 1600 375 mortuorum

112 411 404 454 uetustissimis
425 409 631 452 codicibus
649 408 982 464 Sangermanensi
1000 408 1072 463 (D)
1090 420 1189 450 saec.
1213 408 1294 448 VII
1317 407 1382 460 (cf.
1399 420 1436 460 p.
1449 406 1600 460 XXII),

112 485 442 539 wirceburgensi
461 483 552 539 (W)
575 497 677 526 saec.
700 483 914 526 VIII—IX
939 482 1002 533 (cf.
1026 496 1063 536 p.
1087 482 1215 536 XIX),
1239 482 1455 537 Reginensi
1480 481 1528 537 (T
1550 479 1601 522 cf.

114 572 152 613 p.
174 558 367 603 XXXIX)
409 558 598 600 traditur.
649 558 854 611 exemplar
894 558 1101 599 uetustate
1142 558 1229 610 pari
1269 556 1441 610 insigne,
1488 555 1602 596 cuius

113 633 471 676 Laureshamensis
501 632 775 674 bibliothecae
803 632 1014 686 catalogus
1043 631 1092 673 ab
1118 631 1278 686 Angelo
1299 631 1408 673 Maio
1439 630 1602 684 (Spica.

116 707 232 749 Rom.
265 710 362 749 tom.
391 708 422 748 V
452 722 489 762 p.
518 707 612 759 188)
644 708 685 748 61
706 706 896 761 Augusto
918 706 1150 748 Wilmanns
1183 705 1315 759 (Mus.
1340 704 1472 746 Rhcn.
1497 704 1605 746 1868

116 795 154 835 p.
173 782 271 827 392)
295 782 528 836 publicatus
550 783 797 823 mentionem
814 781 914 822 facit
932 780 1119 822 Metram
1135 779 1392 821 Tertulliani
1407 778 1456 819 de
1471 791 1607 819 resur-

117 856 291 897 reetione
325 856 426 910 good.
457 855 524 896 fol.
549 856 620 897 31⁸
641 856 668 896 1.
691 856 761 907 21)
795 855 992 906 adferens,
1031 868 1231 908 nusquam
1262 855 1397 908 potuit
1426 855 1605 908 reperiri.

116 931 222 983 quod
245 931 278 971 si
300 930 553 979 haberemus,
584 930 735 971 certius
758 930 928 971 fortasse
950 930 998 971 de
1020 929 1141 971 huius
1164 930 1357 971 carminis
1379 929 1607 971 recensione

118 1004 290 1055 diuersa,
328 1018 429 1057 quae
466 1003 573 1056 apud
593 1003 828 1045 Fabricium
863 1003 988 1057 (Poet.
1021 1006 1098 1045 net.
1129 1003 1259 1045 eccles.
1291 1016 1414 1056 opera
1447 1017 1484 1056 p.
1508 1003 1605 1055 256)

120 1080 252 1120 exstat
280 1079 576 1127 iudicaremus;
606 1079 846 1120 incredibile
869 1079 978 1120 enim
1001 1080 1075 1129 est,
1107 1079 1213 1132 quod
1236 1078 1422 1120 Martene
1444 1078 1514 1131 qui
1535 1078 1608 1119 hoc

120 1166 282 1195 carmen
310 1166 356 1194 ex
386 1154 521 1195 codice
541 1154 578 1194 D
601 1154 650 1194 ad
673 1153 844 1195 uerbum
872 1153 1191 1206 imprimendum
1214 1153 1373 1194 curauit
1397 1151 1607 1206 (Veterwm

118 1228 368 1280 scriptorum
388 1231 424 1270 ct
444 1231 801 1269 monmncntormn
828 1227 1092 1279 amplissima
1121 1227 1295 1269 collectio
1322 1229 1418 1269 tom.
1442 1227 1501 1268 IX
1523 1241 1560 1281 p.
1588 1229 1608 1268 1

120 1304 194 1356 sq.)
219 1303 447 1355 suspicatus
476 1304 549 1353 est,
583 1316 605 1344 a
626 1303 810 1345 Fabricio
840 1303 990 1357 insigni
1013 1303 1182 1344 audacia
1206 1303 1290 1344 sine
1312 1303 1438 1344 ullius
1461 1302 1610 1343 codicis

121 1390 194 1430 ope
223 1378 491 1431 elegantiores
520 1390 660 1419 uersus
689 1378 902 1419 restitutos
925 1390 1022 1419 esse.
1054 1378 1185 1419 exstat
1207 1377 1315 1418 enim
1337 1377 1465 1418 altera
1486 1376 1612 1417 etiam

122 1452 298 1493 recensio
335 1451 462 1492 simili
499 1452 666 1493 consilio
704 1453 824 1505 atque
846 1451 1087 1493 Fabriciana
1122 1451 1315 1493 instituta
1346 1464 1424 1504 qua
1456 1451 1613 1492 scilicet

124 1526 332 1580 prosodiae
373 1526 648 1579 sermonisque
685 1526 928 1567 barbarismi
963 1526 1217 1576 tollerentur,
1260 1526 1367 1567 inter
1402 1525 1611 1566 Aldhelmi

125 1611 257 1653 opera,
294 1600 440 1653 quibus
480 1610 530 1654 (p.
569 1600 804 1641 130-134)
843 1600 917 1641 1166
953 1613 1115 1642 carmen
1151 1601 1216 1641 uel
1250 1601 1386 1654 potius
1422 1599 1612 1641 carminis

124 1673 401 1728 fragmentum
431 1675 592 1729 (incipit
621 1676 730 1716 enim
751 1688 774 1716 a
795 1687 915 1716 uersu
946 1675 1025 1717 108
1050 1674 1137 1717 Om-
1157 1688 1241 1716 non
1261 1688 1309 1716 ea?
1329 1674 1469 1726 aliquo
1485 1674 1613 1725 possit

126 1749 353 1802 confivycrc
384 1752 493 1790 uota.
526 1749 674 1790 desinit
696 1749 736 1790 in
757 1762 795 1790 u.
819 1749 899 1791 291
925 1748 983 1789 Et
1011 1749 1205 1803 genitura
1228 1748 1362 1790 Deum
1378 1763 1455 1800 per
1474 1749 1613 1789 omnia

126 1821 235 1863 lacta
250 1823 422 1875 fatetur)
436 1823 551 1875 quasi
568 1823 770 1865 ineditum
783 1822 1019 1865 Oxoniensis
1037 1823 1210 1864 editorl.
1225 1824 1274 1864 A.
1288 1823 1400 1865 Giles
1419 1836 1463 1864 ex
1481 1822 1615 1864 codice

129 1896 348 1938 Parisiensi
371 1898 480 1939 8318
505 1897 569 1951 [cf.
588 1910 625 1950 p.
645 1898 741 1950 389)
766 1898 948 1939 inseruit.
971 1911 1073 1951 quae
1095 1899 1129 1938 si
1152 1911 1193 1939 re
1215 1910 1309 1939 uera
1330 1898 1380 1939 ab
1397 1897 1616 1938 Aldhelmo

126 1972 307 2023 profecta
323 1974 384 2013 est
403 1973 525 2025 (certe
543 1972 593 2013 ab
611 1972 823 2013 Aldhelmi
845 1973 1006 2027 ingenio
1029 1984 1106 2013 non
1127 1972 1346 2021 abhorret),
1371 1984 1441 2012 cur
1462 1982 1540 2012 non
1566 1971 1615 2012 ab

130 2045 258 2087 altero
294 2046 499 2087 diorthota
535 2046 700 2099 antiquo
723 2047 957 2088 Fabriciana
994 2047 1067 2087 illa
1099 2046 1298 2099 proficisci
1330 2047 1507 2099 potuerit
1540 2058 1614 2087 non

130 2120 335 2174 intellego
360 2120 574 2162 tacendum
594 2133 688 2161 uero
706 2133 783 2162 non
800 2122 1203 2163 estAldhelmianam
1227 2122 1426 2175 originem
1448 2134 1532 2162 esse
1554 2122 1617 2162 in-

132 2195 410 2236 certissimam.
449 2196 568 2236 6611611
605 2196 711 2236 6111111
747 2196 988 2236 Parisiensis
1025 2195 1133 2236 8318
1171 2208 1192 2236 a
1229 2196 1404 2248 quinque
1440 2195 1618 2236 librariis

133 2269 303 2322 scriptus
321 2269 412 2309 inde
429 2282 450 2310 a
468 2269 536 2310 fol.
554 2269 625 2309 7:0³³
642 2270 713 2311 hoc
732 2270 1009 2324 fragmentum
1022 2272 1061 2311 et
1075 2270 1284 2311 Aldhelmi
1302 2270 1480 2311 carmina
1497 2282 1618 2310 manu

133 2354 231 2384 saec.
249 2344 306 2384 XI
330 2346 491 2386 exarata
520 2345 699 2386 continet
716 2344 926 2386 Aldhelmi
948 2345 1108 2386 nomine
1130 2345 1287 2385 nonnisi
1305 2344 1346 2385 in
1364 2344 1440 2385 fine
1462 2342 1531 2384 sol.
1547 2343 1619 2385 83¹»

134 2416 286 2459 adiecto
316 2410 421 2470 (affl.
452 2419 650 2470 opuscula
681 2417 900 2471 aldhelmi,·
935 2420 973 2460 in
1005 2420 1136 2460 fronte
1168 2432 1261 2460 uero
1292 2418 1360 2459 fol.
1384 2418 1454 2459 73¹¹
1475 2431 1620 2459 manus

136 2501 234 2532 saec.
255 2491 374 2532 XVII
406 2493 649 2534 Alslhelmas
685 2493 910 2545 adscripsit.
950 2494 1049 2534 hanc
1085 2493 1274 2534 notitiam
1310 2494 1620 2544 accuratamque

135 2563 349 2618 fragmenti
380 2567 636 2608 collationem
658 2567 789 2607 Noltii
819 2567 1067 2608 humanitati
1095 2568 1230 2607 debeo.
1262 2566 1452 2607 carminis
1482 2568 1621 2608 auctor

137 2638 312 2681 incertus
353 2643 433 2682 est:
476 2642 726 2682 Tertulliano
769 2642 1102 2682 Laui-eslmmfflisi
1143 2642 1326 2695 catalogo
1366 2641 1620 2693 Fabriciique

138 2712 310 2755 editione
344 2716 601 2769 adsignatur:
636 2730 732 2756 1111111
764 2716 883 2756 codex
917 2716 1025 2756 ullus
1056 2729 1147 2756 eum
1178 2716 1380 2756 auctorem
1412 2715 1621 2767 perhibeat

139 2787 280 2827 nescio.
306 2787 495 2841 Cypriani
518 2804 661 2831 nomen
685 2791 805 2830 codex
829 2790 1066 2843 Reginensis
1093 2802 1186 2843 prae
1209 2803 1249 2830 36
1271 2789 1362 2832 sert.
1387 2789 1622 2830 Wircebur-

66 2883 73 2894 ι
138 2860 270 2911 gensis
294 2862 553 2916 inscriptione
577 2866 617 2905 et
640 2864 934 2916 subscriptione
957 2864 1074 2905 caret.
1112 2864 1152 2904 in
1174 2862 1508 2917 Sangermanensi
1533 2864 1621 2915 [1631

1294 2945 1314 2973 O
1332 2933 1353 2955 ἡ(
