2032 3248
336 216 408 250 XII

336 332 422 373 iam
454 331 582 373 fuisse
613 331 781 383 factam,
815 344 861 374 ex
893 343 938 374 eo
971 330 1269 385 cognoscimus,
1303 334 1411 385 quod
1432 332 1542 374 inter
1563 333 1790 386 scripturas
1822 346 1846 376 a

339 400 547 455 Scaligero
588 413 634 442 ex
673 401 813 443 codice
851 403 1063 454 excerptas
1103 401 1144 441 et
1183 413 1206 442 a
1237 400 1422 443 Meursio
1461 402 1502 443 in
1535 402 1677 444 critico
1710 403 1846 445 Arno-

341 469 464 511 biano
497 469 628 511 editas
659 469 902 511 correctoris
923 483 947 510 r
967 470 1138 511 inuenta
1159 469 1410 511 referuntur.
1443 483 1523 513 non
1546 471 1682 513 solum
1703 474 1846 514 autem

338 539 422 580 suis
453 541 523 581 sed
555 539 682 580 etiam
715 537 863 581 Sabaei
895 540 935 581 et
966 538 1148 589 Gelenii,
1182 538 1357 581 fortasse
1389 539 1514 582 etiam
1547 540 1715 584 Canteri
1749 554 1849 584 con-

337 608 507 649 iecturis
539 609 604 650 uir
634 607 706 650 ille
738 609 884 650 doctus
915 620 1013 650 usus
1046 620 1133 649 esse
1164 607 1354 651 uidetur:
1387 612 1554 662 praesto
1586 610 1623 652 ei
1654 624 1735 654 non
1767 611 1848 656 fuit

344 676 484 718 Vrsini
516 677 656 719 editio.

476 746 571 800 Ipse
602 747 761 789 contuli
790 759 896 789 anno
932 747 1040 789 1867
1072 746 1243 789 Parisiis
1266 748 1451 789 codicem
1472 749 1666 791 Arnobii:
1699 751 1846 802 postea

340 814 502 868 aliquot
540 815 666 867 locis,
706 815 778 858 ubi
821 816 870 857 de
911 817 1138 869 scripturae
1176 817 1355 859 ueritate
1395 817 1588 860 dubitare
1621 831 1845 872 coeperam,

339 884 691 927 intercedentibus
723 884 910 927 Vahleno
950 887 989 926 et
1020 886 1209 928 Hartelio
1254 886 1297 927 in
1336 899 1476 928 meum
1506 899 1630 929 usum
1661 887 1847 930 officiose

341 966 436 995 eum
466 955 733 1007 inspexerunt
764 954 831 997 W.
865 955 1082 996 Forsterus
1113 957 1154 996 et
1184 955 1221 997 J.
1256 954 1355 997 Vrb.
1389 955 1550 998 Jarnik.

471 1024 578 1066 Mire
595 1025 833 1077 corruptum
850 1035 940 1065 esse
952 1024 1060 1065 hunc
1077 1023 1230 1066 librum
1240 1024 1483 1078 mendisque
1493 1027 1652 1067 scatere
1664 1025 1847 1067 cuiusuis

336 1094 500 1147 generis
517 1095 665 1134 notum
687 1095 761 1134 est.
784 1093 855 1134 sed
878 1093 976 1134 haec
997 1093 1090 1146 ipsa
1111 1105 1241 1145 paene
1263 1093 1518 1135 incredibilis
1541 1094 1782 1147 deprauatio
1806 1095 1849 1136 in

338 1176 463 1206 causa
494 1163 586 1214 fuit,
618 1165 665 1204 ut
696 1163 792 1205 inde
825 1174 848 1204 a
880 1162 1028 1205 Sabaei
1059 1162 1316 1216 temporibus
1348 1162 1429 1204 uiri
1459 1164 1570 1205 docti
1593 1165 1785 1206 certatim
1806 1163 1849 1205 in

338 1232 593 1275 emendando
614 1231 799 1274 Arnobio
821 1244 864 1273 se
887 1233 1180 1285 experirentur.
1205 1232 1361 1285 optime
1384 1234 1527 1276 autem
1547 1234 1596 1274 de
1619 1245 1665 1275 eo
1687 1246 1847 1274 merue-

337 1304 435 1344 runt
463 1304 629 1356 praeter
662 1305 817 1344 ceteros
835 1301 1116 1356 Hieronymus
1139 1302 1369 1357 Ferrarius,
1396 1303 1648 1345 Franciscus
1671 1303 1850 1345 Priscia-

338 1371 488 1424 nensis,
509 1371 799 1425 Sigismundus
819 1371 1028 1425 Gelenius,
1048 1373 1284 1414 Theodorus
1303 1371 1520 1424 Canterus,
1538 1372 1712 1414 Fuluius
1729 1373 1849 1415 Ursi-

338 1454 415 1483 nus
434 1442 564 1494 eique,
583 1453 760 1495 quorum
778 1442 885 1483 curis
902 1453 945 1483 se
961 1442 1153 1483 adiutum
1170 1453 1258 1483 esse
1277 1441 1343 1483 hic
1360 1441 1499 1491 refert,
1517 1443 1711 1484 uidelicet
1727 1442 1850 1484 Ioan—

339 1524 412 1553 nes
443 1511 635 1564 Baptista
664 1509 915 1564 Sighicellus
947 1512 989 1552 et
1020 1510 1170 1552 Petrus
1202 1509 1445 1562 Chiaconus,
1480 1511 1627 1553 deinde
1652 1511 1850 1564 Iosephus

342 1582 483 1622 Iustus
503 1579 700 1633 Scaliger,
719 1580 892 1622 Ioannes
903 1579 1125 1630 Meursius,
1140 1578 1334 1622 Claudius
1353 1579 1595 1630 Salmasius,
1612 1580 1849 1621 Desiderius

340 1649 565 1702 Heraldus,
600 1648 799 1691 Nicolaus
830 1649 1053 1703 Rigaltius,
1086 1649 1240 1690 nostris
1271 1649 1446 1702 denique
1483 1649 1739 1702 temporibus
1771 1649 1850 1690 Er·

343 1721 485 1762 nestus
518 1720 823 1762 Klussmannus
856 1721 897 1760 et
927 1718 1109 1760 Michael
1140 1718 1324 1760 Zinkius.
1355 1718 1542 1760 consulto
1564 1719 1684 1761 omisi
1704 1718 1849 1761 Hilde-

344 1789 511 1831 brandii
543 1790 584 1830 et
616 1787 782 1830 Oehleri
805 1787 985 1838 nomina,
1019 1788 1088 1840 qui
1110 1786 1296 1829 Arnobio
1318 1787 1451 1842 magis
1473 1789 1702 1830 nocuerunt
1724 1800 1848 1841 quam

342 1858 601 1913 profuerunt.
636 1869 886 1911 quamquam
920 1858 1031 1898 enim
1062 1856 1391 1899 Hildebrandius
1421 1869 1529 1899 noua
1559 1858 1710 1899 codicis
1731 1858 1851 1899 Pari-

340 1928 423 1970 sini
455 1927 688 1970 conlatione
729 1939 753 1968 a
783 1939 826 1968 se
858 1927 1081 1980 diligenter
1113 1926 1280 1979 quidem
1309 1926 1381 1968 sed
1401 1938 1550 1981 parum
1571 1928 1700 1980 perite
1723 1927 1848 1977 sacta,

341 1996 543 2039 Oehlerus
572 1996 630 2038 Μ.
654 1995 789 2038 Crusii
819 1998 1035 2049 apparatu,
1068 1997 1116 2038 de
1149 2006 1227 2048 quo
1251 1995 1360 2037 infra
1381 1995 1603 2037 dicendum
1625 1997 1717 2045 erit,
1748 2007 1847 2037 usus

341 2068 417 2117 est,
457 2067 631 2119 uterque
670 2078 768 2107 uero
815 2065 1016 2106 nonnulla
1053 2066 1310 2117 emendauit,
1342 2067 1485 2106 tamen
1522 2065 1676 2118 insigni
1708 2077 1849 2107 eorum

342 2135 604 2190 neglegentia
642 2133 849 2177 Arnobius
889 2137 988 2176 adeo
1027 2135 1215 2177 sordibus
1255 2136 1317 2175 est
1347 2134 1601 2187 inquinatus,
1634 2136 1681 2175 ut
1712 2134 1755 2175 in
1785 2133 1850 2174 his

342 2205 557 2247 abluendis
588 2203 770 2245 multum
809 2204 1008 2256 temporis
1048 2206 1088 2245 et
1120 2215 1268 2257 operae
1300 2203 1638 2256 consumpserim.
1672 2202 1851 2257 ineptias

340 2271 638 2316 Hildebrandii
670 2271 881 2323 Oehlerus,
922 2273 1000 2314 etsi
1030 2274 1276 2326 perpetuum
1307 2273 1393 2313 eius
1427 2273 1713 2313 aduersarium
1746 2272 1850 2327 agit,

340 2343 426 2384 fere
465 2342 653 2395 sequitur
694 2342 894 2394 nouisque
933 2343 1069 2395 auget.
1111 2341 1270 2394 aliquot
1300 2340 1486 2383 incuriae
1517 2342 1763 2383 documenta
1801 2345 1848 2383 ut

345 2412 518 2454 afferam
552 2437 600 2442 —
634 2410 775 2452 taedet
816 2411 926 2452 enim
958 2411 1097 2452 omnia
1127 2410 1314 2464 persequi
1349 2435 1401 2441 —-
1434 2411 1561 2452 uerba
1591 2409 1764 2451 Arnobii
1796 2411 1847 2452 ab

342 2478 645 2522 Hildebrandio
676 2479 912 2521 oscitanter⁴
934 2479 1085 2521 omissa
1117 2478 1317 2521 Oehlerus
1349 2491 1431 2521 non
1462 2478 1578 2520 addit
1608 2491 1641 2519 e.
1666 2490 1700 2519 c.
1723 2491 1850 2531 neque

342 2548 629 2601 indiynantur
669 2546 826 2599 15,19‚
864 2550 902 2588 et
941 2551 1089 2599 aperta
1127 2548 1223 2599 223,
1242 2548 1316 2599 21,
1355 2547 1522 2589 deorum
1553 2546 1649 2598 235,
1670 2547 1735 2598 14,
1778 2560 1851 2589 ‘nec

344 2617 523 2658 rationis
562 2615 661 2669 243,
679 2616 735 2658 30
772 2615 914 2658 debere
952 2616 1122 2669 247,10
1164 2630 1247 2659 esse
1286 2616 1542 2670 mortiferae,
1573 2616 1703 2657 simul
1733 2616 1849 2657 salu-

342 2688 464 2735 tares,
494 2684 621 2726 simul
651 2684 749 2734 262,
769 2684 835 2726 12.

480 2752 658 2807 Egregio
710 2765 778 2794 me
824 2752 1026 2796 beneficio
1064 2755 1250 2796 deuinxit
1295 2755 1470 2797 Ioannes
1509 2753 1740 2800 Vahlenus,
1781 2753 1847 2806 qui

343 2822 575 2865 Arnobium
613 2834 756 2864 meum
804 2833 841 2863 a.
885 2823 996 2866 1873
1034 2826 1202 2866 ineunte
1241 2822 1530 2865 Vindobonam
1568 2821 1742 2863 missum
1779 2834 1851 2875 per

346 2903 482 2933 moras
521 2902 622 2943 quas
663 2890 914 2943 typographi
956 2893 1224 2947 interponunt
1261 2893 1491 2934 retractans
1533 2902 1638 2944 quae
1669 2892 1731 2932 est
1761 2889 1849 2932 eius
