2032 3248
361 223 441 253 XVI

599 308 707 344 lectio
725 316 811 341 uera
828 303 907 339 rell.
926 301 1001 337 cod.

431 400 465 434 p.
484 389 586 428 303,5
628 384 691 420 scd
714 382 831 428 magis
855 380 963 415 deum
976 375 1163 422 patientia

625 448 763 483 maiore
791 442 1007 490 promeruit.
1044 439 1087 475 cf.
1120 439 1162 474 de

625 511 742 557 mayis
760 525 803 540 Ξ
817 508 944 553 potius
961 504 1116 540 indicem

435 590 468 624 p.
489 579 612 619 357‚25
631 574 738 621 quasi
761 572 878 618 mayis
896 581 966 616 per
982 570 1064 614 ipsa
1080 578 1162 612 pec-

631 642 715 675 cata
728 637 927 683 placeatur

437 718 469 752 p.
490 708 615 747 398‚13
635 700 895 748 (philosophos)
920 698 989 733 sibi
1013 696 1168 731 multum

630 767 816 812 placentes
836 767 868 798 et
885 764 950 798 hoc
970 762 1049 806 ipso
1073 758 1169 805 quod

634 831 703 866 sibi
734 830 907 874 placeant
942 825 1007 860 deo
1040 823 1171 868 displi-

641 897 758 930 centes

443 973 475 1007 p.
496 963 621 1002 2493ss
639 963 672 993 et
696 959 761 993 hoc
786 954 936 991 accedat
959 952 1009 987 ad
1034 952 1172 986 crimen

446 1228 479 1263 p.
500 1218 602 1257 254‚5
637 1216 753 1258 putas
777 1237 806 1244 ..
835 1208 1022 1245 domiuum
1072 1214 1178 1251 posse

637 1275 786 1321 placari

451 1420 483 1454 p.
504 1409 606 1448 283,2
644 1402 814 1439 Danieli.
831 1427 838 1435 .
855 1398 1073 1444 prandium
1081 1396 1178 1432 diui-

647 1468 749 1502 nitus
763 1466 991 1510 procuratur

454 1547 489 1581 p.
508 1536 635 1576 227,24
651 1529 827 1576 quosdam
865 1527 914 1562 ad
947 1527 1019 1561 ista
1051 1534 1179 1570 proce-

651 1595 735 1630 dere

459 1737 492 1771 p.
511 1727 612 1768 477‚2
654 1733 727 1758 esse
752 1721 802 1756 ad
827 1719 950 1764 fideles
977 1726 1102 1753 seruos
1127 1715 1187 1750 dei

655 1786 771 1831 coepit

462 1865 496 1898 p.
515 1855 640 1894 252,13
657 1851 690 1885 si
703 1851 882 1895 ueyautes
902 1874 907 1880 .
924 1873 931 1880 .
947 1874 954 1879 .
975 1856 1052 1880 ‘nou
1066 1845 1189 1886 erunt,

659 1925 726 1950 uec
775 1913 990 1956 coufitentes
1092 1906 1188 1942 acci-

660 1978 778 2022 piurit

469 2055 500 2088 p.
521 2046 624 2085 515,4
665 2047 754 2077 tuuc
774 2069 780 2075 .
797 2067 803 2072 .
819 2067 828 2075 .
849 2041 1032 2075 tractetur

468 2120 503 2153 p.
523 2109 647 2150 523‚19
665 2104 762 2151 quod
795 2108 938 2147 tempus
967 2097 1195 2143 infirmitati-

667 2169 731 2204 bus
764 2166 934 2202 adsiduis
964 2168 996 2198 ct
1020 2161 1198 2208 yrauibus

667 2231 824 2274 infestat

472 2311 504 2345 p.
525 2301 648 2338 248‚11
668 2303 915 2341 quaecumque
949 2289 1198 2325 mauducaue-

669 2360 720 2394 rit
742 2368 786 2393 ea:
804 2366 925 2392 carue.
954 2354 997 2389 cf.
1017 2354 1101 2388 Leu.
1123 2354 1201 2394 7‚20

670 2422 746 2457 ἀπὸ
775 2422 848 2455 τῶν
865 2420 981 2466 κρεῶν

477 2502 511 2535 p.
530 2490 656 2528 249,Ξὸ
673 2486 738 2531 qui
768 2495 867 2529 spem
891 2482 996 2517 habet
1019 2481 1062 2515 iri
1087 2479 1200 2515 homi—

672 2560 764 2584 uem.
807 2546 850 2581 cf.
886 2545 983 2580 Hier.
1021 2547 1097 2585 17‚5
1137 2541 1205 2585 τὴν

673 2611 808 2648 ἐλπίδα
833 2610 906 2656 ἔχει
927 2608 984 2644 ἐπ’
1002 2606 1207 2654 ἄνθρωπον

481 2691 513 2725 p.
534 2681 658 2720 270,12
677 2676 834 2711 decimas
851 2674 896 2709 do
915 2671 1078 2707 omnium

482 2754 517 2787 p.
541 2743 665 2783 612,15
678 2736 1046 2784 praeuaricationem
1079 2732 1122 2767 de
1148 2731 1207 2766 die

679 2800 866 2836 euacuari.
894 2798 937 2833 cf.
963 2797 1006 2831 de
1028 2796 1072 2830 de
1089 2794 1149 2830 die
1166 2808 1209 2824 Ξ

681 2866 724 2900 siu
742 2864 818 2899 dies
837 2862 991 2897 indicem

1322 294 1545 330 coniecturae
1563 287 1786 325 Veronensis.

1288 371 1351 406 sed
1383 369 1500 414 mayis
1532 366 1718 402 dominum
1750 373 1819 406 pa-

1289 434 1423 470 tientia
1436 430 1645 477 promeruit

1289 561 1396 607 quasi
1438 569 1508 604 per
1551 559 1635 603 ipsa
1670 556 1827 600 peccata

1291 625 1488 670 placeatur

1300 688 1442 724 ...sibi
1470 689 1616 722 tautum
1639 683 1829 728 placentes

1298 755 1363 788 etc.

1298 949 1332 980 et
1350 945 1416 980 hoc
1435 940 1584 978 accedat
1603 937 1651 973 ad
1669 933 1834 971 criminis

1299 1008 1495 1044 cumulum.
1527 1004 1570 1039 cf.
1596 1014 1628 1048 p.
1657 1002 1760 1041 243‚9
1786 1008 1834 1032 rie

1299 1072 1390 1119 quid
1423 1070 1559 1106 deesset
1592 1065 1641 1101 ad
1670 1062 1837 1099 criminis

1302 1136 1489 1173 cumulum

1298 1204 1415 1246 putas
1445 1225 1453 1234 .
1469 1227 1475 1233 .
1508 1196 1697 1232 domiuum
1767 1191 1838 1227 cito

1297 1274 1404 1310 posse
1417 1260 1579 1308 placari.
1598 1259 1639 1293 cf.
1659 1269 1691 1303 p.
1712 1257 1839 1298 262‚20

1303 1329 1412 1364 deum
1430 1327 1499 1362 cito
1511 1334 1617 1369 posse
1630 1319 1779 1367 placari

1305 1392 1353 1428 D.
1377 1419 1383 1425 .
1400 1418 1406 1426 .
1423 1418 1431 1426 .
1445 1401 1484 1435 p.
1499 1388 1534 1423 d.
1553 1388 1775 1432 apparatur.
1795 1381 1839 1416 cf.

1308 1468 1341 1502 p.
1360 1457 1462 1496 3829
1475 1464 1514 1498 p.
1534 1451 1568 1486 d.
1587 1450 1799 1494 apparatur

1306 1531 1338 1565 q.
1373 1530 1407 1553 a.
1444 1519 1467 1552 i.
1503 1513 1687 1561 prosilire.
1730 1509 1772 1544 cf.
1807 1518 1840 1552 p.

1308 1585 1453 1625 411‚11;
1518 1580 1662 1620 423,11;
1723 1574 1843 1614 573‚3;

1311 1648 1455 1688 621,13;
1482 1644 1602 1684 633‚5;
1628 1641 1752 1679 &2732

1312 1720 1384 1746 esse
1421 1707 1524 1753 apud
1564 1703 1685 1749 fideles
1724 1708 1849 1735 seruos

1315 1773 1375 1808 dei
1393 1772 1510 1815 coepit

1315 1837 1348 1872 si
1371 1838 1551 1881 rzeyarttes
1571 1858 1601 1866 ..
1617 1857 1625 1866 .
1645 1841 1721 1866 riori
1749 1830 1850 1870 suut,

1317 1912 1384 1936 uec
1438 1897 1653 1941 confitentes
1754 1890 1850 1926 acci-

1317 1966 1429 2010 piuret

1319 2033 1425 2064 tuuc.
1443 2054 1450 2061 .
1466 2023 1704 2060 .tractabitur

1321 2103 1353 2137 q.
1372 2095 1397 2126 t.
1415 2091 1438 2125 i.
1457 2101 1491 2124 a.
1511 2099 1538 2123 e.
1557 2098 1591 2133 y.
1611 2086 1813 2129 infestatur

1276 2275 1278 2277 ’
1324 2272 1859 2328 quaecumquemauducauerit

1327 2355 1474 2381 Ga'r‘nC‘m«

1326 2472 1390 2517 qui
1422 2479 1521 2514 spem
1552 2476 1657 2502 suam
1683 2464 1791 2509 pouit
1820 2462 1861 2496 iu

1329 2534 1508 2570 hominem

1331 2661 1489 2697 decimas
1506 2657 1551 2693 do
1569 2657 1613 2691 de
1630 2654 1795 2690 omuibus

1325 2720 1688 2771 praeuaricationem
1694 2718 1865 2761 frequen-

1335 2793 1391 2824 ter
1403 2797 1473 2832 per
1490 2785 1567 2820 dies
1585 2781 1762 2818 euacuari
