2032 3248
791 219 919 254 Liber
945 218 989 253 II.
1569 218 1622 259 63

137 352 322 406 plurimis
367 349 643 392 coemendatas
688 347 887 401 perduxit.
938 347 1080 399 quodsi
1127 345 1307 387 homines
1351 343 1512 398 penitus
1550 344 1688 385 aut19

136 422 241 473 ipsos
273 432 313 461 se
344 420 504 460 nossent
536 422 605 459 aut
646 417 896 458 intellectum
928 415 991 457 dei
1023 414 1264 467 suspicionis
1310 414 1482 455 alicuius
1514 412 1621 454 acci-

137 490 274 542 perent
295 500 403 540 aura,
427 501 646 540 numquam
669 487 746 528 sibi
769 485 1039 527 adsciscerent
1063 484 1245 525 diuinam
1270 483 1621 535 immortalemque

135 560 322 599 naturam
356 570 426 598 nec
465 557 741 598 existimarent
779 555 972 608 quiddam
1010 553 1269 607 magnificum
1309 566 1350 594 se
1389 564 1494 602 esse,
1526 552 1620 605 quia

101 627 212 674 531111
251 626 466 667 craticulas
507 625 677 666 trulleos
717 624 989 676 creterrasque
1027 622 1226 671 fecerunt,
1272 622 1368 674 quia
1405 621 1619 663 subuculas

134 708 307 748 suppara
351 695 484 736 laenas
525 693 748 735 lacernulas
794 692 954 734 trabeas
994 692 1145 733 cultros
1185 691 1328 733 loricas
1368 693 1407 732 et
1447 689 1618 743 gladios,

133 765 226 817 quia
257 766 387 805 rastra
417 763 659 805 securiculas
682 773 898 803 uomerem.
932 772 1167 813 numquam,
1200 760 1379 812 inquam,
1414 758 1620 799 crederent

133 833 256 886 typho
289 834 328 874 et
358 831 594 885 adrogantia
616 830 831 880 subleuati‚
862 830 995 883 prima
1026 841 1111 871 esse
1143 841 1184 871 se
1215 827 1382 869 numina
1412 827 1452 868 et
1473 838 1617 879 aequa-

132 902 186 943 lia
217 900 413 954 principis
445 900 687 949 summitati,
721 900 816 952 quia
837 898 1148 953 grammaticam
1170 897 1370 939 musicam
1401 895 1619 938 oratoriam

86 996 116 1017 ,ω
135 972 373 1023 pepererunt
405 970 444 1011 et
474 969 740 1024 geometricas
771 969 986 1010 formulas:
1027 969 1068 1009 111
1098 967 1244 1020 quibus
1285 966 1469 1009 artificiis
1500 966 1617 1019 quid-

137 1053 227 1080 nam
268 1039 366 1080 insit
409 1038 648 1080 admirabile
687 1050 763 1079 non
800 1038 1004 1087 uidemus,
1051 1037 1097 1078 ut
1134 1050 1181 1078 ex
1212 1048 1348 1078 eorum
1386 1035 1618 1077 inuentione

132 1108 316 1149 credatur
346 1120 432 1149 esse
454 1108 611 1149 animas
634 1108 808 1161 potiores
839 1108 880 1148 et
910 1107 992 1147 sole
1024 1106 1064 1147 et
1085 1106 1285 1147 sideribus
1309 1104 1478 1155 cunctis,
1510 1105 1617 1147 hunc

131 1178 280 1227 totum,
329 1177 440 1218 0111113
473 1176 654 1217 membra
691 1178 785 1218 sunt
828 1176 831 1229 Ι
872 1175 988 1226 haec,
1034 1174 1232 1216 mundum
1271 1175 1310 1216 et
1348 1173 1545 1228 dignitate
1576 1174 1616 1215 et
1636 1184 1659 1218 f.
1676 1185 1718 1219 37

130 1246 358 1287 substantia
395 1246 623 1299 praeterire.
685 1244 782 1298 quid
814 1244 923 1286 enim
957 1243 1070 1285 aliud
1109 1256 1150 1285 se
1182 1243 1380 1296 spondent
1418 1244 1485 1284 uel
1516 1242 1615 1284 insi-

82 1338 111 1360 15
131 1328 254 1357 nuare
286 1327 400 1367 posse
432 1315 495 1355 uel
527 1315 703 1363 tradere,
750 1326 871 1366 quam
903 1314 949 1354 ut
986 1313 1146 1367 regulas
1178 1312 1387 1354 nominum
1427 1311 1613 1353 differen-

130 1385 287 1437 tiasque
318 1396 542 1434 noscamus,
575 1385 620 1424 ut
651 1383 868 1425 interualla
898 1383 940 1424 in
976 1395 1119 1424 uocum
1153 1382 1280 1432 sonis,
1327 1382 1374 1423 ut
1403 1381 1616 1434 loquamur

131 1454 345 1495 suadenter
376 1454 416 1494 in
449 1453 606 1507 litibus,
638 1454 684 1494 ut
714 1454 914 1495 terrarum
936 1452 1203 1494 continentias
1236 1451 1484 1494 metiamur?
1515 1465 1615 1506 quae

130 1523 162 1563 si
202 1535 335 1564 secum
384 1522 541 1564 animae
581 1522 731 1563 diuinis
770 1534 815 1563 ex
846 1522 1078 1576 regionibus
1117 1521 1382 1572 adtulissent,
1428 1534 1472 1563 ea
1510 1522 1615 1563 esset

131 1591 398 1633 necessarium
430 1591 531 1633 scire
563 1591 706 1640 omnis,
740 1603 785 1632 ea
807 1591 1045 1632 iamdudum
1076 1590 1116 1632 in
1147 1590 1256 1632 omni
1277 1590 1371 1633 orbe
1391 1591 1614 1632 tractarent

79 1680 110 1703 ρο
131 1674 255 1713 neque
287 1661 418 1701 ullum
449 1661 660 1702 hominum
692 1660 934 1713 reperiretur
965 1672 1111 1714 genuS‚
1157 1660 1262 1713 quod
1303 1671 1382 1701 non
1415 1660 1518 1701 esset
1550 1659 1613 1700 his

129 1730 313 1770 omnibus
343 1729 564 1782 aequaliter
595 1730 713 1782 atque
744 1728 1001 1770 uniformiter
1031 1728 1250 1770 eruditum.
1311 1741 1416 1770 nunc
1445 1741 1538 1769 uero
1571 1728 1611 1769 in

129 1799 276 1840 mundo
322 1799 639 1852 quotusquisque
679 1798 738 1839 est
784 1798 962 1839 musicus
1007 1797 1246 1840 dialecticus
1292 1799 1332 1839 et
1374 1800 1611 1851 geometres,

127 1869 273 1920 quotus
305 1869 439 1909 orator
470 1869 586 1921 poeta
616 1867 939 1921 grammaticus?
971 1880 1016 1909 ex
1046 1878 1122 1920 quo
1155 1867 1341 1921 apparet,
1375 1868 1420 1908 ut
1450 1866 1609 1919 saepius

127 1937 281 1978 dictum
313 1938 385 1986 est,
418 1937 582 1978 inuenta
602 1936 700 1977 haec
721 1948 806 1977 esse
827 1936 1007 1977 locorum
1037 1936 1278 1978 necessitate
1303 1948 1348 1977 ac
1379 1938 1608 1988 temporum

77 2022 108 2045 25
129 2018 255 2058 neque
286 2005 446 2047 diuinas
478 2006 517 2046 et
548 2005 728 2047 eruditas
750 2004 1004 2046 aduolauisse
1036 2005 1113 2046 huc
1143 2004 1313 2054 animas,
1346 2004 1452 2057 quod
1483 2016 1609 2057 neque

175 2144 191 2177 1
219 2142 461 2177 coemendatas
486 2143 633 2186 scripsi.-
667 2142 892 2177 coemendata
929 2142 964 2176 P
987 2142 1246 2177 commendatas
1273 2143 1344 2177 Sab
1368 2143 1607 2177 commentata

135 2201 201 2234 Urs
360 2200 519 2243 paenitus
554 2200 587 2233 P
744 2200 764 2233 3
789 2210 872 2233 aura
898 2200 990 2234 Sub:
1023 2210 1126 2233 auras
1152 2200 1187 2233 P
1344 2199 1366 2232 4
1391 2200 1474 2244 esse]
1508 2210 1606 2235 nosse

130 2258 203 2292 Sab
341 2259 362 2292 5
388 2258 573 2292 craticulas
600 2258 692 2293 Sab:
716 2258 911 2301 graticulas
938 2258 973 2291 P
1107 2258 1235 2292 trullas
1264 2258 1335 2292 Sab
1473 2258 1601 2292 creter-

129 2326 252 2359 rasque
276 2315 582 2349 IIe'ZcZebramlius:
609 2318 788 2359 ceteraque
807 2316 842 2350 P
865 2316 1089 2359 craterasque
1113 2315 1181 2349 Urs
1316 2315 1337 2348 6
1363 2315 1457 2348 lenas
1482 2315 1517 2348 P

127 2373 273 2407 lotricas
300 2373 333 2406 P
495 2375 512 2405 7
539 2373 597 2416 qui
625 2373 696 2407 δαί)
855 2372 1086 2406 saecuriculas
1121 2373 1156 2406 P
1308 2373 1330 2406 8
1360 2372 1436 2417 tyfo
1463 2373 1497 2406 P
1520 2376 1600 2416 typo

127 2430 196 2464 Sub
333 2430 353 2463 9
380 2429 526 2473 principi
546 2429 742 2463 Liuineius
877 2430 957 2474 quia
981 2430 1068 2463 Urs:
1084 2430 1144 2473 qui
1162 2429 1196 2463 P
1333 2430 1375 2464 10
1401 2431 1605 2474 pepererunt

125 2488 270 2530 scripsi:
291 2490 498 2531 pepererant
517 2487 551 2520 P
564 2488 766 2530 repererunt
791 2487 858 2522 Urs
966 2487 1007 2520 12
1026 2488 1062 2520 et
1086 2486 1178 2520 hunc
1212 2487 1279 2521 Urs
1418 2487 1458 2521 13
1486 2498 1604 2521 *mun-

126 2544 207 2577 dum
226 2545 260 2578 P
395 2545 606 2589 dignitatem
626 2546 659 2578 P
684 2555 765 2579 corr
904 2545 944 2579 14
971 2544 1153 2579 insinuare
1181 2544 1214 2578 P
1351 2545 1392 2579 16
1409 2562 1423 2577 *
1437 2562 1453 2578 a
1467 2562 1481 2579 *
1494 2562 1510 2579 *
1527 2555 1603 2579 nos—

126 2613 240 2635 camus
266 2604 301 2636 P
483 2603 576 2636 sonis
605 2602 690 2637 Get.-
728 2614 828 2636 sonos
854 2603 887 2636 P
1070 2602 1110 2636 17
1136 2602 1323 2636 metiamur
1350 2603 1439 2637 Sab:
1476 2602 1602 2636 menti-

126 2669 223 2691 amur
241 2659 275 2692 1³
403 2661 442 2695 18
466 2659 668 2704 regionibus
688 2659 760 2693 Sal>
779 2660 816 2693 in
834 2670 902 2701 err,
920 2670 958 2693 r:
984 2659 1214 2702 religionibus
1233 2659 1268 2692 P
1401 2671 1439 2694 ca
1456 2661 1602 2705 scripsi.-

126 2718 160 2748 01
185 2715 218 2748 P
244 2718 304 2750 aut
336 2717 404 2751 Urs
559 2717 598 2751 19
624 2717 720 2758 scire,
747 2727 865 2750 omncs
893 2717 1000 2761 1111190
1155 2727 1270 2750 01111103
1295 2719 1324 2751 c'
1459 2718 1503 2751 20
1527 2729 1602 2762 rep-

128 2771 300 2814 periretur
326 2774 360 2807 1³
495 2774 536 2808 21
564 2773 726 2807 omnibus
756 2774 830 2816 Gel,
855 2783 895 2807 r:
928 2773 1129 2808 hominibus
1156 2773 1190 2807 P
1215 2773 1390 2808 ominibus
1418 2774 1487 2808 &ab

126 2829 168 2861 22
192 2831 377 2871 ge⁰1netrcs
395 2830 429 2863 P
561 2830 604 2864 ‘24
631 2829 874 2864 necessitatem
892 2830 927 2864 P
945 2841 1024 2865 corr
1162 2830 1207 2865 25
1224 2829 1399 2865 diuinitus
1422 2831 1487 2866 Gel

126 2887 159 2918 et
184 2886 256 2920 add
289 2886 467 2921 Valdcnus
603 2887 761 2921 eruditus
788 2887 822 2921 P
841 2898 922 2922 corr
947 2891 975 2922 c‘
1110 2887 1329 2923 aduolabisee
1348 2889 1383 2923 P
1407 2900 1488 2925 corr
