2032 3248
375 191 458 233 248
1009 190 1253 234 Appendix.

598 545 721 608 XV.
767 545 861 608 DE
907 544 1196 609 PASGHA
1243 544 1589 609 COMPVTV
1594 544 1647 609 S.

332 826 351 863 1
427 812 554 866 Multo
577 828 728 875 quidem
751 839 824 865 non
846 827 990 865 modico
1013 829 1181 875 tempore
1203 827 1306 865 anxii
1320 826 1484 876 fuimus
1507 830 1543 866 et
1566 830 1786 867 aestuantes
1808 839 1881 865 uon

369 896 408 934 in
437 896 698 935 saecularibus
737 896 803 934 sed
832 896 870 933 in
906 896 1049 934 sanctis
1079 898 1117 934 et
1153 896 1292 934 diuinis
1330 896 1530 944 scripturis
1561 899 1786 944 quaerentes
1818 898 1879 934 in-

368 965 511 1012 uenire,
550 965 723 1014 quisnam
755 966 857 1002 esset
895 964 1039 1012 primus
1062 965 1141 1003 dies
1163 965 1252 1003 noui
1273 965 1426 1012 mensis,
1463 965 1503 1002 in
1525 977 1597 1013 quo
1619 977 1746 1004 mense
1768 977 1880 1013 prae-

365 1036 516 1082 ceptum
539 1035 596 1073 est
618 1033 770 1072 Iudaeis
791 1035 830 1071 in
852 1034 1026 1083 Aegypto
1061 1045 1129 1082 pro
1152 1034 1267 1071 XIIII
1287 1034 1378 1071 luna
1399 1034 1591 1072 immolare
1614 1035 1773 1072 Pascha.
1808 1035 1874 1072 ad·
1891 1049 1905 1073 5

369 1103 453 1141 nuit
474 1103 603 1152 itaque
625 1103 889 1142 sanctissimus
911 1103 976 1151 qui
997 1103 1036 1140 id
1056 1102 1176 1150 uidit,
1198 1105 1236 1141 et
1257 1103 1483 1141 inuenimns.
1517 1103 1731 1142 inuenimns
1753 1106 1878 1142 autem

368 1183 436 1220 per
471 1172 593 1220 ipsius
626 1172 895 1221 omnipotentis
917 1172 988 1211 Dei
1010 1172 1132 1220 patris
1154 1172 1377 1210 immensam
1397 1172 1609 1211 bonitatem
1631 1174 1668 1211 et
1690 1172 1878 1211 iustitiam

367 1244 405 1281 et
428 1242 573 1281 Christi
607 1242 678 1280 filii
700 1243 781 1281 eius
802 1242 953 1281 Domini
975 1243 1012 1279 et
1035 1241 1105 1280 Dei
1141 1241 1263 1280 nostri
1294 1241 1584 1289 incomparabili
1605 1241 1877 1289 misericordia,

368 1312 432 1360 qui
468 1313 625 1360 propter
660 1313 817 1360 peccata
854 1313 985 1350 nostra
1021 1311 1228 1350 obaudiens
1264 1322 1330 1349 suo
1367 1311 1468 1358 patri
1505 1311 1679 1359 exposuit
1716 1310 1879 1350 animam

367 1393 494 1419 suam:
529 1393 613 1419 cum
649 1393 722 1429 qua
759 1392 963 1429 resurgens
1000 1393 1022 1419 a
1057 1381 1216 1419 mortuis
1255 1380 1314 1418 die
1347 1381 1462 1419 tertia
1498 1380 1691 1428 pollicitus
1729 1382 1787 1418 est
1819 1380 1878 1418 di·
1896 1396 1929 1420 ιο

368 1449 561 1488 scentibus
583 1450 662 1488 suis
684 1449 805 1488 uitam
826 1452 1018 1488 aeternam
1038 1451 1076 1487 et
1097 1450 1202 1488 dedit
1222 1449 1365 1502 pignus
1386 1449 1546 1498 spiritus
1568 1449 1691 1488 sancti
1713 1450 1877 1497 gratiam

367 1518 611 1557 credentibus
641 1519 681 1556 in
710 1519 885 1567 passione
918 1520 956 1557 et
992 1519 1268 1557 resurrectione
1305 1531 1384 1557 sua.
1418 1519 1457 1556 in
1491 1531 1572 1574 quo·
1602 1519 1760 1567 spiritus
1798 1519 1877 1566 ipse

366 1587 552 1626 Dominus
573 1588 791 1626 nolentibus
813 1588 852 1625 id
874 1589 933 1626 est
954 1588 1048 1626 totis
1069 1588 1158 1626 fidei
1180 1588 1325 1626 uiribus
1349 1589 1620 1636 quaerentibus
1651 1589 1772 1626 seruis
1797 1588 1876 1625 suis

365 1657 513 1695 reuelat
535 1657 614 1695 alta
635 1657 816 1706 mysteria
837 1659 874 1696 et
896 1657 1119 1696 manifestat
1141 1658 1300 1696 obscura
1329 1660 1576 1696 sacramenta.
1610 1669 1653 1695 ac
1675 1659 1873 1705 propterea

365 1727 563 1765 credentes
586 1728 625 1764 et
646 1738 712 1774 pro
742 1728 844 1765 certo
878 1726 1041 1765 scientes
1065 1727 1154 1775 quia
1176 1726 1271 1764 nihil
1294 1728 1458 1775 denegat
1480 1727 1596 1774 Deus,
1635 1727 1701 1765 sed
1722 1727 1872 1765 unicui·
1893 1740 1922 1764 15

366 1807 438 1844 que
472 1795 619 1835 uolenti
651 1797 688 1834 et
720 1795 951 1834 desideranti
983 1797 1153 1844 praestat
1175 1795 1289 1835 sicuti
1319 1797 1355 1834 et
1385 1796 1489 1843 uult,
1529 1796 1784 1834 commisimus
1806 1808 1874 1834 nos

367 1864 407 1902 in
444 1875 524 1903 rem
560 1866 639 1903 tam
675 1865 924 1903 laboriosam:
958 1865 997 1903 in
1027 1877 1102 1913 qua
1132 1877 1172 1903 re
1194 1877 1267 1903 non
1290 1865 1464 1904 derelicti
1487 1866 1554 1904 sed
1575 1865 1703 1914 potius
1725 1865 1772 1903 ab
1794 1866 1875 1913 ipso

364 1933 441 1972 Deo
463 1933 641 1982 inspirati
662 1933 838 1972 uolumus
861 1934 1077 1972 amantibus
1099 1936 1138 1973 et
1159 1935 1428 1983 adpetentibus
1451 1934 1576 1973 studia
1599 1934 1728 1973 diuina
1750 1937 1876 1973 osten-

455 2126 602 2162 Caecilii
634 2126 804 2170 Cypriani
839 2126 881 2160 de
917 2126 1048 2171 paseha
1082 2131 1263 2170 compotus
1296 2126 1441 2161 inchoat
1467 2127 1497 2168 b,
1537 2126 1670 2171 Incipit
1703 2127 1874 2171 expositio

363 2184 510 2219 bissexti
541 2196 569 2219 0.
611 2185 756 2229 (litteris
798 2184 827 2219 U
851 2185 881 2218 G
911 2184 956 2219 W
992 2184 1220 2219 coniecturas
1259 2184 1396 2218 Usseric'
1435 2185 1540 2219 Gcclei
1581 2185 1632 2220 W
1631 2185 1742 2219 allisa·
1783 2184 1873 2218 desi-

361 2243 506 2288 ynam).
534 2262 574 2267 ——
601 2242 623 2277 2
647 2242 782 2276 multae
806 2253 836 2284 0,
862 2241 971 2275 multi
1002 2241 1034 2276 G
1197 2252 1267 2275 non
1292 2241 1427 2276 modico
1454 2252 1519 2276 om.
1546 2252 1564 2276 c
1586 2243 1617 2276 G
1778 2241 1873 2275 anxii

362 2300 495 2334 fuimus
521 2301 557 2335 et
590 2301 640 2343 W,
667 2311 725 2335 311.
752 2300 823 2334 XII
849 2301 885 2334 et
910 2300 938 2342 b,
966 2310 1136 2334 annorum
1164 2311 1193 2342 c,
1218 2299 1448 2343 antiquorum
1479 2301 1509 2334 G
1679 2299 1702 2333 4
1727 2302 1817 2333 esset
1843 2300 1872 2333 b.

362 2358 410 2391 sit
436 2369 454 2393 0
471 2369 491 2392 v
646 2358 668 2392 5
692 2357 828 2392 iudaeis
854 2368 920 2392 om.
947 2358 967 2392 b
1131 2368 1151 2391 a
1177 2359 1304 2401 quarta
1331 2357 1466 2391 decima
1491 2357 1576 2390 luna
1602 2356 1782 2390 immolari
1808 2357 1827 2390 l»

361 2415 383 2449 6
410 2416 656 2451 sanctissimus
689 2416 745 2457 W,
771 2417 913 2450 sanctus
939 2426 1016 2449 sum
1043 2427 1071 2456 c,
1098 2417 1242 2449 sanctus
1268 2416 1287 2449 b
1466 2414 1503 2448 id
1528 2413 1621 2448 uidit
1655 2414 1710 2455 W,
1737 2414 1874 2448 diuidet

361 2484 389 2515 e,
415 2473 510 2506 uidit
535 2473 554 2507 b
680 2475 716 2508 et
740 2473 943 2508 inuenimus
969 2483 1036 2507 om.
1063 2483 1081 2506 v
1206 2472 1427 2506 inueniemus
1454 2473 1572 2505 autem
1599 2483 1616 2506 c
1741 2472 1762 2505 8
1789 2472 1871 2516 filii]

361 2530 500 2564 felicius
525 2541 542 2565 0
687 2530 1001 2574 incomparabilem
1027 2529 1307 2564 misericordiam
1333 2541 1351 2564 0
1368 2540 1387 2563 v
1534 2529 1554 2562 9
1581 2528 1745 2563 obediens
1773 2540 1790 2563 0
1808 2541 1827 2564 (-

362 2587 407 2621 10
431 2586 648 2622 discentibus
674 2588 703 2630 b,
729 2587 914 2632 discipulis
941 2599 959 2623 c
976 2599 997 2623 v
1175 2588 1218 2621 11
1245 2588 1373 2632 pignus
1400 2597 1465 2621 om.
1491 2597 1509 2621 c
1691 2587 1733 2621 12
1762 2598 1813 2631 sp.
1841 2598 1869 2621 0.

362 2644 512 2688 spiritus
537 2645 557 2678 b
712 2645 755 2679 14
780 2646 855 2679 alta
881 2656 946 2680 om.
973 2656 991 2680 0
1146 2645 1338 2679 manifesta
1363 2645 1382 2679 b
1539 2645 1590 2689 ac]
1617 2644 1701 2678 haec
1729 2645 1872 2688 (potius

360 2703 466 2747 hac?)
493 2714 511 2738 e
536 2707 569 2738 et
593 2704 643 2738 8ἰο
669 2705 861 2749 aliquoties
885 2715 952 2748 pro
979 2715 1018 2738 ac
1228 2704 1271 2738 16
1296 2703 1537 2738 commisimus
1564 2703 1595 2744 b,
1624 2703 1816 2737 cumsimus
1843 2713 1870 2741 c,

363 2761 605 2795 consensimus
635 2762 665 2795 G
844 2763 886 2797 17
913 2761 1093 2796 derelictis
1119 2762 1138 2796 b
1319 2761 1361 2795 18
1387 2761 1560 2805 insperati
1586 2772 1614 2802 c,
1640 2760 1807 2805 inspirati
1834 2764 1869 2795 et

361 2816 560 2852 illuminati
586 2818 605 2852 b
812 2819 1062 2863 adpetentibus
1088 2819 1117 2860 b,
1145 2817 1399 2863 apparentibus
1425 2829 1453 2858 c,
1480 2817 1762 2863 approbantibus
1795 2819 1821 2851 G
