2032 3248
382 215 462 257 178
1008 207 1248 252 Appendix.

377 317 577 356 infirmitas
594 316 767 362 delicata,
790 326 885 363 quae
902 326 985 353 cum
1001 314 1051 352 sit
1061 313 1149 352 uilis
1170 315 1208 352 et
1226 314 1377 359 misera,
1400 313 1445 351 de
1463 313 1609 361 magnis
1631 313 1748 352 efficit
1769 325 1879 362 prae-

378 389 492 425 dam?
520 386 618 434 quod
639 385 811 422 Salomon
833 383 1000 431 loquitur
1022 383 1171 421 dicens:
1203 382 1412 431 pretium
1433 382 1712 421 meretricis
1735 395 1881 432 quan-

377 457 475 493 tum
513 457 587 493 est
624 453 768 502 panis
798 453 962 500 unius,
1002 452 1180 490 mulier
1217 454 1378 490 autem
1417 452 1663 499 pretiosas
1695 453 1881 491 animas

380 523 523 571 capit

338 598 362 636 5
433 593 533 630 Ante
554 603 621 630 nos
643 592 719 629 ista
738 591 971 637 tractantur,
1002 591 1040 627 et
1062 589 1179 627 nullis
1201 590 1408 628 terroribus
1431 600 1667 628 coercemur:
1700 590 1790 638 quid
1820 590 1880 629 fa·
1895 604 1909 628 5

377 672 566 708 ceremus,
590 661 623 698 si
644 659 882 708 opinionibus
903 658 1163 697 tantummodo
1185 660 1315 707 gestas
1338 658 1518 696 historias
1540 658 1782 698 audiremus?
1815 661 1882 698 sed

378 730 471 768 haec
491 731 548 768 est
570 740 716 777 semper
734 727 980 766 incredulitas
997 727 1181 765 humanae
1202 726 1385 774 duritiae,
1409 728 1451 765 ut
1466 739 1542 766 non
1559 727 1680 765 solum
1697 728 1882 767 audiendo

376 799 441 836 scd
462 798 576 837 etiam
596 798 758 836 uidendo
780 808 853 835 non
874 797 1002 835 credat
1023 795 1162 834 alteros
1183 795 1371 843 interisse,
1394 795 1468 834 nisi
1489 797 1527 834 et
1548 808 1587 834 se
1610 796 1732 845 ipsam
1752 797 1884 836 uideat

376 867 553 905 interire:
585 877 654 904 nec
685 866 869 904 sociorum
897 864 1083 903 mortibus
1113 864 1283 912 quatitur
1295 895 1304 912 ‚
1342 865 1430 903 dum
1450 862 1540 903 illos
1570 866 1795 913 promeritos
1818 868 1884 904 aut

378 934 566 973 inualidos
588 935 778 983 opinatur.
802 945 842 972 se
864 935 991 972 autem
1012 932 1174 971 multum
1193 934 1330 972 mereri
1359 935 1425 971 aut
1454 934 1614 972 multum
1634 935 1761 974 ualere
1782 935 1879 973 fidu·
1895 945 1927 969 10

375 1003 524 1042 cialiter
544 1005 675 1052 putat,
707 1002 879 1041 nesciens
908 1002 1080 1050 praeberi
1110 1002 1257 1040 cunctis
1288 1003 1476 1051 exempla,
1514 1014 1597 1042 cum
1627 1003 1771 1042 fuerint
1792 1005 1877 1052 qui-

376 1073 536 1111 busdam
566 1072 740 1120 inrogata
761 1071 946 1120 supplicia
957 1101 966 1119 ,
999 1071 1097 1109 sicut
1127 1070 1310 1109 Dominus
1340 1071 1380 1109 in
1409 1072 1606 1120 euangelio
1635 1073 1811 1121 proponit
1841 1076 1879 1111 et

376 1141 487 1179 dicit:
526 1139 878 1191 putatis³2quod
907 1140 957 1178 hi
989 1140 1207 1178 Galilaei
1238 1151 1351 1188 prae
1383 1141 1604 1179 omnibus
1637 1141 1882 1180 Galilaeis

375 1209 578 1248 fuerunt
606 1211 898 1259 peccatores
929 1209 1014 1257 qui
1044 1208 1172 1248 talia
1201 1209 1336 1256 passi
1368 1211 1510 1248 sunt?
1542 1221 1644 1248 non.
1678 1210 1783 1249 dico
1805 1223 1880 1250 uo-

376 1279 472 1317 bis:
513 1280 613 1317 nisi
651 1279 1014 1328 paenitentiam
1043 1278 1348 1326 habueritis,
1390 1279 1632 1318 similiter
1670 1280 1884 1328 perietis
1899 1293 1930 1316 15

375 1347 506 1386 sicut
536 1348 619 1386 illi
651 1360 797 1396 supra
828 1360 946 1397 quos
976 1347 1162 1386 cecidit
1201 1347 1358 1386 turris
1389 1347 1437 1385 in
1479 1348 1632 1396 Siloa,
1673 1350 1719 1387 et
1759 1349 1880 1388 occi-

376 1416 449 1454 dit
480 1429 571 1456 eos.
602 1417 798 1465 putatis
829 1417 1054 1465 quoniam
1076 1417 1122 1455 et
1142 1416 1241 1465 ipsi
1262 1416 1515 1455 debitores
1537 1418 1740 1456 fuerunt
1768 1430 1884 1466 prae

375 1485 598 1525 omnibus
629 1486 911 1525 hominibus
941 1484 1298 1524 habitantibus
1328 1486 1376 1523 in
1407 1486 1746 1525 Hierusalem?
1778 1499 1882 1526 non.

375 1554 480 1593 dico
512 1555 676 1594 uobis:
709 1556 872 1594 sinon
901 1554 1290 1603 paenitueritis,
1323 1554 1568 1593 similiter
1598 1555 1823 1604 perietis.
1964 1604 1966 1606 Ι

338 1623 361 1659 6
432 1623 614 1664 Miramur
645 1625 677 1663 si
704 1624 827 1663 Adam
847 1636 915 1673 per
935 1623 1055 1662 Euam
1076 1624 1252 1662 seductus
1274 1625 1353 1671 est,
1387 1635 1497 1672 quem
1513 1624 1620 1663 nulla
1640 1625 1880 1663 morientium
1894 1638 1927 1665 20

373 1694 543 1741 exempla
558 1694 854 1742 praecesserant,
872 1692 947 1731 nisi
963 1692 1080 1730 iussio
1096 1704 1172 1730 una
1193 1692 1479 1740 constrinxerat,
1499 1705 1582 1731 cum
1599 1694 1706 1732 modo
1728 1706 1796 1732 nos
1812 1705 1880 1732 nec

373 1762 665 1801 innumerabiles
681 1764 822 1801 mortes
834 1774 902 1801 nec
917 1761 1066 1800 infinita
1082 1761 1187 1799 iussa
1203 1764 1444 1810 conpescunt.
1463 1761 1600 1810 quibus
1615 1763 1880 1801 conuenienter

374 1830 512 1868 dicitur
528 1832 732 1869 secundum
757 1831 1051 1880 increpationem
1067 1830 1236 1868 Domini:
1256 1830 1286 1868 si
1306 1830 1429 1868 Adam
1446 1831 1607 1869 uidisset
1621 1832 1761 1870 mortes
1785 1843 1880 1879 quae

375 1899 498 1937 factae
519 1902 606 1938 sunt
627 1900 666 1938 in
676 1900 798 1947 uobis,
824 1900 914 1939 olim
934 1901 974 1938 in
994 1900 1116 1938 cilicio
1138 1900 1176 1938 et
1191 1899 1314 1939 cinere
1330 1900 1602 1948 paenitentiam
1619 1901 1772 1948 egisset.
1798 1900 1879 1939 dico

375 1969 500 2006 autem
523 1968 631 2006 uobis
643 1999 652 2016 ,
685 1969 861 2017 quoniam
881 1969 985 2008 Adae
1003 1969 1240 2008 tolerabilius
1257 1969 1329 2007 erit
1345 1969 1385 2007 in
1401 1970 1461 2007 die
1478 1969 1608 2008 iudicii
1625 1981 1736 2017 quam
1757 1970 1878 2008 uobis.
1893 1981 1925 2007 25

373 2037 484 2084 longe
500 2037 595 2075 satis
615 2037 728 2086 longe
750 2038 801 2076 sit
815 2038 933 2086 pestis
952 2039 1029 2076 ista
1045 2039 1083 2076 et
1098 2039 1180 2076 lues
1195 2040 1233 2077 et
1250 2038 1486 2077 clandestina
1505 2038 1705 2086 pernicies.
1728 2050 1748 2077 o
1769 2050 1880 2087 quam

374 2105 595 2144 inordinalis
617 2106 777 2145 feminae
799 2107 1075 2155 propinquitas.
1095 2107 1282 2145 iaculatur
1303 2107 1410 2146 cuius
1430 2106 1556 2145 uicina
1578 2108 1636 2145 est
1657 2106 1880 2146 delictorum

375 2174 625 2212 latrocinium.
651 2187 726 2213 non
747 2176 807 2213 est
828 2176 868 2213 in
888 2177 959 2215 hac
980 2175 1158 2214 societate
1180 2176 1379 2214 sinceritas
1402 2175 1661 2224 adprobabilis
1679 2187 1773 2224 quae
1791 2188 1879 2215 con-

374 2242 529 2284 usiones
550 2244 666 2282 habet
687 2244 793 2283 uelut
815 2244 1042 2292 quibusdam
1061 2245 1238 2283 fluctibus
1258 2245 1502 2284 turbulentis.
1539 2245 1578 2283 in
1607 2246 1677 2283 hac
1710 2245 1876 2283 familia-

465 2391 487 2426 2
511 2391 613 2426 Prou.
642 2392 674 2434 6,
699 2392 754 2427 26.
896 2393 939 2427 13
962 2393 1045 2427 Luc.
1073 2393 1127 2436 13,
1153 2393 1253 2428 2-5,

466 2533 487 2567 2
513 2536 686 2578 quantum
718 2535 756 2577 C,
781 2537 925 2569 tantum
949 2547 970 2570 v
1140 2536 1162 2569 3
1187 2536 1292 2570 unius
1316 2536 1419 2581 panis
1443 2546 1463 2570 v
1641 2535 1662 2569 8
1688 2534 1811 2569 uideat
1841 2535 1878 2576 O,

376 2590 508 2624 uiderit
531 2603 552 2626 v
719 2593 764 2627 14
788 2593 922 2627 fuerint
946 2604 968 2628 v
1139 2593 1182 2627 18
1206 2604 1275 2627 non
1301 2604 1366 2629 om.
1398 2593 1428 2629 G
1591 2592 1634 2626 21
1660 2594 1695 2626 et
1719 2593 1789 2626 nisi
1813 2602 1834 2626 v

377 2657 438 2681 nec
463 2648 499 2681 et
529 2648 558 2683 C
694 2650 740 2684 22
765 2651 986 2695 compescant
1010 2661 1031 2684 v
1162 2650 1208 2684 24
1233 2652 1315 2684 sunt
1340 2661 1404 2685 om.
1431 2662 1451 2685 v
1591 2650 1635 2685 26
1660 2649 1747 2684 satis
1773 2649 1878 2694 longe

376 2715 442 2739 om.
468 2717 488 2740 v
627 2707 698 2741 ista
729 2708 767 2749 G,
791 2709 857 2742 illa
881 2720 902 2743 v
1048 2708 1266 2743 clandistina
1297 2709 1326 2744 G
1469 2708 1513 2742 27
1538 2707 1786 2742 inordinabilis
1811 2719 1833 2742 v

376 2762 618 2806 propinquitas
644 2764 822 2799 iaculatur
846 2765 944 2800 cuius
969 2764 1102 2799 uicinia
1126 2766 1305 2800 Erasmus
1443 2764 1489 2800 28
1513 2764 1754 2809 latrocinium]
1782 2764 1877 2799 leno-

377 2819 506 2854 cinium
532 2821 621 2855 coni.
653 2822 815 2857 Grauius
953 2822 997 2857 29
1022 2822 1246 2857 turbulentas
1281 2823 1348 2858 G'v
