2032 3248
270 1312 322 1351 17

335 240 390 281 90
968 234 1214 278 Appendix.

334 353 420 381 ores
450 343 515 380 aut
550 341 786 387 curiosiores,
817 342 854 378 et
875 342 1066 388 temptant
1098 340 1273 379 nonnulli
1302 340 1455 379 illorum
1484 343 1648 380 tractare
1681 353 1721 380 se
1754 341 1853 380 solos

336 411 528 460 integrum
562 413 675 458 atque
705 409 927 457 perfectum,
949 421 1025 448 non
1055 409 1169 448 sicuti
1197 421 1265 447 nos
1298 410 1517 448 mutilatum
1539 412 1577 449 et
1599 411 1851 457 decurtatum,

335 480 525 530 baptisma
557 480 720 525 tradere⁷
758 480 857 527 quod
888 479 1022 517 taliter
1050 479 1228 517 dicuntur
1257 480 1458 528 adsignare
1493 482 1535 518 ut
1565 492 1678 529 quam
1710 492 1794 518 mox
1816 481 1855 518 in

336 561 474 597 aquam
510 549 800 596 descenderunt,
839 549 970 586 statim
1006 560 1119 597 super
1148 561 1286 597 aquam
1323 549 1425 597 ignis
1462 552 1655 598 appareat.
1689 549 1788 597 quod
1820 549 1853 587 si

336 618 463 666 aliquo
495 619 583 656 lusu
616 617 828 665 perpetrari
859 619 999 665 potest,
1033 617 1132 655 sicut
1162 618 1411 656 adfirmantur
1444 619 1614 667 plerique
1636 617 1883 657 huiusmodi5

336 688 444 726 lusus
466 686 645 725 Anaxilai
666 698 760 734 esse,
784 687 865 725 siue
888 687 1062 725 naturale
1084 687 1176 735 quid
1198 688 1268 735 est,
1302 699 1374 735 quo
1397 690 1508 736 pacto
1530 689 1652 736 possit
1673 688 1743 726 1100
1765 699 1853 726 0011-

335 757 498 805 tingere,
541 756 620 795 siue
658 755 716 793 illi
756 758 895 804 putant
936 756 1007 794 1100
1045 767 1085 794 se
1123 756 1337 804 conspicere
1374 757 1455 795 siue
1492 757 1652 805 maligni
1688 768 1781 804 opus
1817 759 1855 794 et

336 826 527 874 magicum
548 825 654 863 uirus
675 825 802 873 ignem
823 826 949 873 potest
970 825 1010 863 in
1031 837 1129 874 aqua
1151 826 1381 874 exprimere:
1413 827 1471 865 illi
1492 829 1619 865 tamen
1640 826 1757 865 talem
1778 826 1853 864 fal-

336 895 475 934 laciam
495 896 534 933 et
556 895 753 942 stropham
773 895 997 942 praedicant
1017 894 1231 943 perfectum
1251 896 1443 944 baptisma
1474 907 1569 943 esse,
1604 896 1704 944 quod
1723 895 1855 934 fideles

337 965 509 1002 homines
532 964 565 1002 si
587 964 707 1002 coacti
727 963 882 1002 fuerunt
902 964 1083 1012 accipere,
1107 964 1239 1013 utique
1261 976 1335 1003 non
1357 964 1595 1003 dubitabitur
1616 976 1678 1003 eos
1700 965 1738 1002 id
1754 965 1853 1013 quod
1870 978 1901 1002 10

335 1034 551 1072 habuerant
573 1033 758 1080 amisisse,
781 1033 937 1081 perinde
959 1044 1001 1071 ac
1023 1033 1057 1071 si
1077 1032 1162 1081 quis
1179 1035 1413 1072 sacramento
1435 1034 1545 1072 miles
1568 1034 1668 1072 dicto
1692 1033 1854 1071 desertis

337 1102 417 1141 suis
438 1103 575 1141 castris
597 1102 636 1139 in
657 1102 825 1140 hostium
847 1101 1121 1140 diuersissimis
1156 1101 1295 1140 castris
1317 1101 1428 1150 longe
1451 1102 1556 1141 aliud
1577 1104 1854 1141 sacramentum

334 1171 431 1209 uelit
461 1171 596 1218 dicere,
633 1171 704 1209 hac
736 1171 883 1209 ratione
916 1172 1066 1209 constat
1102 1182 1187 1209 eum
1208 1172 1336 1210 uetere
1358 1173 1594 1210 sacramento
1631 1173 1852 1210 exauctora-

334 1241 416 1278 tum
442 1251 538 1279 esse.

395 1310 494 1347 Item
523 1310 556 1348 si
591 1309 806 1348 huiusmodi
837 1310 947 1348 1101110
983 1320 1114 1347 rursus
1150 1310 1198 1347 ad
1233 1312 1270 1348 te
1306 1310 1448 1357 redeat,
1481 1310 1612 1358 utique
1648 1309 1855 1348 haesitabis
1870 1325 1901 1350 15

336 1380 463 1417 utrum
486 1379 625 1417 habeat
646 1379 837 1427 baptisma
854 1389 992 1417 necne:
1017 1380 1055 1416 et
1074 1380 1203 1417 tamen
1219 1379 1409 1427 oportebit
1429 1381 1467 1418 te
1488 1379 1576 1418 111110
1596 1391 1744 1428 quoque
1763 1389 1854 1427 pae-

336 1448 539 1486 nitentiam
569 1448 701 1496 agenti
734 1448 1034 1496 quibuscumque
1064 1448 1185 1486 modis
1207 1448 1376 1495 potueris
1399 1448 1614 1487 subuenire.
1647 1451 1708 1487 est
1728 1451 1855 1486 autem

337 1517 542 1555 adulterini
563 1516 677 1555 huius
698 1516 811 1555 immo
834 1516 1061 1555 internecini
1083 1517 1327 1565 baptismatis
1350 1518 1383 1555 si
1405 1518 1470 1566 qui
1492 1518 1589 1556 alius
1607 1519 1751 1565 auctor,
1774 1520 1855 1556 tum

338 1587 454 1625 etiam
487 1586 640 1634 quidam
672 1587 718 1624 ab
747 1586 890 1624 eisdem
912 1586 1006 1634 ipsis
1028 1586 1233 1624 haereticis
1255 1589 1410 1635 propter
1438 1588 1540 1626 hunc
1569 1588 1728 1626 eundem
1752 1598 1854 1625 erro-

337 1667 418 1694 rem
449 1656 631 1695 confictus
661 1655 759 1694 liber
795 1656 861 1704 qui
893 1656 1115 1694 inscribitur
1145 1666 1314 1696 PAVLLI
1344 1666 1667 1696 PRAEchTIO.
1711 1657 1750 1694 in
1780 1668 1853 1704 quo
1868 1671 1901 1698 20

338 1725 437 1764 libro
474 1727 605 1764 contra
642 1736 771 1763 omnes
808 1725 1018 1772 scripturas
1041 1727 1079 1763 et
1102 1725 1146 1763 de
1178 1727 1333 1773 peccato
1358 1726 1509 1774 proprio
1533 1725 1773 1764 confitentem
1794 1725 1854 1762 in-

337 1795 468 1834 uenies
501 1794 706 1842 Christum,
745 1794 811 1843 qui
844 1795 950 1833 solus
972 1795 1122 1833 omnino
1155 1794 1252 1832 nihil
1271 1794 1445 1843 deliquit,
1469 1796 1507 1833 et
1527 1796 1575 1833 ad
1596 1795 1854 1842 accipiendum

337 1864 492 1902 Ioannis
519 1864 711 1912 baptisma
732 1875 849 1912 paene
887 1863 1051 1901 inuitum
1072 1875 1095 1901 a
1114 1865 1234 1902 matre
1271 1875 1341 1902 sua
1360 1863 1483 1901 Maria
1503 1875 1584 1902 esse
1607 1864 1853 1911 compulsum,

337 1934 431 1972 item
453 1946 537 1972 cum
558 1933 818 1981 baptizaretur
839 1933 965 1981 ignem
986 1944 1100 1980 super
1120 1944 1257 1981 aquam
1279 1943 1361 1971 esse
1384 1933 1521 1980 uisum,
1556 1933 1656 1981 quod
1677 1933 1715 1970 in
1737 1944 1852 1971 euan-

337 2003 438 2051 gelio
474 2004 578 2042 nullo
616 2006 674 2041 est
710 2003 908 2051 scriptum,
945 2004 983 2041 et
1013 2005 1099 2051 post
1133 2004 1241 2040 tanta
1262 2004 1432 2050 tempora
1454 2003 1609 2040 Petrum
1631 2004 1669 2040 et
1691 2002 1852 2040 Paulum
1867 2016 1898 2042 25

337 2074 423 2120 post
457 2072 706 2111 conlationem
738 2072 929 2120 euangelii
950 2072 990 2109 111
1011 2072 1250 2110 Hierusalem
1273 2074 1311 2110 et
1332 2073 1503 2110 mutuam
1525 2071 1794 2120 cogitationem
1815 2072 1853 2108 et

335 2141 622 2180 altercationem
653 2143 691 2178 et
723 2152 850 2179 rerum
887 2141 1119 2189 agendarum
1150 2140 1435 2189 dispositionem
1470 2142 1659 2189 postremo
1697 2141 1737 2178 111
1758 2140 1850 2178 urbe

334 2211 445 2259 quasi
466 2213 557 2249 tunc
577 2210 741 2258 primum
762 2210 925 2248 inuicem
947 2210 1021 2248 sibi
1043 2221 1126 2248 esse
1149 2210 1332 2258 cognitos,
1357 2211 1395 2248 et
1414 2210 1599 2258 quaedam
1622 2210 1696 2247 alia
1717 2209 1851 2247 huius-

337 2279 481 2319 cemodi
517 2280 679 2318 absurde
715 2290 758 2318 ao
795 2279 959 2327 turpiter
995 2278 1167 2326 conficta,
1206 2291 1301 2327 quae
1341 2279 1466 2318 omnia
1502 2279 1541 2316 in
1573 2278 1682 2316 illum
1712 2277 1851 2316 librum

336 2349 508 2387 inuenies
530 2350 722 2397 congesta.
755 2348 819 2396 qui
853 2349 979 2386 autem
1001 2360 1076 2386 non
1096 2347 1276 2396 ignorant
1298 2349 1458 2396 spiritus
1480 2349 1603 2386 sancti
1625 2347 1851 2395 qualitatem
1865 2361 1898 2387 30

336 2418 568 2465 intellegunt
590 2419 688 2465 quod
711 2418 853 2456 dictum
876 2419 935 2456 est
957 2418 1001 2455 de
1023 2416 1105 2465 igni
1126 2418 1170 2455 de
1192 2417 1274 2466 ipso
1296 2418 1435 2466 spiritu
1465 2418 1607 2455 dictum
1636 2427 1739 2455 esse.v
1763 2428 1851 2454 nam

336 2486 377 2524 in
407 2488 503 2526 actis
533 2487 789 2535 apostolorum
819 2487 1025 2526 secundum
1058 2487 1156 2525 hanc
1185 2488 1342 2526 eandem
1372 2484 1661 2536 promissionem
1698 2486 1850 2524 Domini

335 2557 458 2594 nostri
494 2556 576 2604 ipso
609 2556 668 2594 die
700 2557 944 2595 Pentecostes
982 2568 1066 2595 cum
1101 2557 1361 2595 descendisset
1381 2556 1537 2604 spiritus
1559 2557 1713 2593 sanctus
1735 2566 1849 2603 super

335 2625 543 2673 discipulos
574 2627 617 2663 ut
646 2626 684 2663 in
714 2625 781 2663 illo
817 2625 1116 2673 baptizarentur,
1151 2625 1255 2663 uisae
1293 2628 1382 2664 sunt
1404 2625 1614 2663 insidentes
1636 2635 1749 2672 super
1770 2623 1849 2662 sin-

429 2755 449 2788 1
475 2754 633 2798 illorum]
653 2753 782 2787 iteruin
800 2754 878 2799 Riy.
998 2754 1020 2788 3
1038 2753 1198 2788 dicantur
1217 2753 1301 2800 Riy.
1421 2753 1466 2788 20
1490 2752 1609 2787 Paulli
1635 2752 1722 2793 cod„
1750 2751 1848 2786 Petri

335 2811 539 2857 Riyaltius3
565 2811 611 2853 cf.
635 2811 743 2845 Clem.
771 2812 875 2845 Alex.
903 2811 1035 2846 Strom.
1068 2811 1133 2846 VI.
1148 2823 1188 2856 p.
1207 2814 1287 2853 639,
1316 2811 1490 2846 Laetam.
1519 2811 1609 2845 Inst.
1630 2810 1694 2844 IV
1708 2820 1738 2845 c.
1757 2811 1802 2844 21

335 2869 381 2904 26
407 2868 660 2913 cogitationem
686 2870 721 2903 et
746 2878 811 2903 om.
838 2869 918 2915 Riy.
1059 2869 1104 2903 34
1121 2869 1173 2914 ut]
1193 2871 1229 2904 et
1246 2870 1328 2915 Riq.

2015 974 2032 998 ,ς
2012 947 2026 969 ⁴..-
2014 894 2029 942 rzf
2010 843 2030 869 ἔην

2015 1533 2018 1540 ’
2008 1176 2032 1486 Μα-ῦΞ-’κῃεωνριμεαψκ
2011 1059 2032 1172 azimam·
2012 1043 2032 1052 ἐ
2011 999 2032 1036 ’σιμ
