2032 3248
471 239 553 281 278
875 235 1061 271 Arnobii
1094 236 1312 271 aduersus
1346 237 1553 271 nationes

468 354 621 395 frustra
652 352 693 394 et
723 352 810 394 sine
839 352 928 394 ulla
956 352 1114 394 ratione
1146 353 1350 394 currentes
1388 353 1619 404 spectatum
1651 351 1960 405 proficiscantur

467 434 488 463 e
519 421 628 463 caelo
668 421 950 475 gaudeantque
981 432 1027 462 ex
1056 420 1121 461 his
1152 420 1254 462 alios
1285 421 1479 472 transire,
1522 420 1706 471 transiri,
1738 432 1883 473 pronos
1918 422 1959 462 et

467 502 632 532 cernuos
663 501 792 543 ruere,
824 501 917 531 cum
948 488 1133 531 curribus
1164 488 1376 542 resupinos
1399 489 1520 539 uerti,
1551 488 1660 531 trahi
1680 488 1782 530 alios
1804 488 1957 531 debiles

349 558 477 615 {158}
513 560 554 601 et
584 558 771 601 cruribus
801 556 1029 600 claudicare
1058 557 1308 610 praefractis,
1341 558 1412 610 qui
1440 557 1669 611 praesulem
1700 557 1780 599 sibi
1811 557 1956 611 displi-

467 628 598 670 cuisse
626 626 910 681 pronuntient,
950 627 986 667 si
1016 639 1087 680 per
1117 626 1212 668 circi
1243 626 1424 668 medium
1455 626 1599 681 pergat
1628 637 1775 667 nocens
1806 626 1955 679 aliquis
1988 642 2000 665 ε

466 697 706 739 meritorum
736 707 883 750 poenas
905 696 946 736 et
966 695 1167 749 supplicia
1187 694 1434 745 redditurus,
1465 695 1536 748 qui
1561 694 1708 737 offendi
1729 707 1771 736 se
1793 694 1957 737 doleant

466 767 507 807 et
546 765 630 807 suis
669 764 890 807 honoribus
930 763 1189 818 derogatum,
1231 764 1266 805 si
1295 763 1504 817 paulisper
1543 763 1773 805 constiterit
1804 763 1955 814 ludius,

465 834 776 888 interquieuerit
828 832 980 875 tibicen
1034 832 1183 886 sessus,
1244 845 1343 887 puer
1396 832 1470 874 ille
1523 832 1742 875 matrimus
1798 832 1957 875 decidat

466 903 634 946 fortuito
685 902 859 945 alicuius
908 901 1182 943 instabilitate
1211 926 1230 945 ,κ
1258 901 1501 955 prolapsus?
1559 913 1660 954 quae
1710 901 1744 942 si
1793 901 1956 954 penitus

466 972 611 1014 cuncta
642 972 683 1013 et
713 972 798 1013 sine
827 970 914 1012 ulla
943 971 1124 1025 partium
1155 970 1454 1025 gratificatione
1484 970 1728 1024 pendantur,
1761 982 1840 1012 non
1861 971 1954 1012 tan·
1971 985 2003 1009 10

465 1043 556 1083 tum
587 1041 708 1096 longe
737 1040 936 1094 longeque
966 1039 1017 1082 ab
1050 1039 1128 1081 diis
1159 1051 1244 1081 esse
1274 1040 1535 1093 reperiuntur
1564 1039 1717 1093 aliena,
1757 1051 1901 1081 uerum
1931 1052 1955 1081 a

465 1109 610 1163 quouis
631 1109 797 1151 homine
817 1109 1018 1151 sentiente
1039 1108 1272 1150 communia
1290 1120 1364 1152 nec
1381 1109 1431 1150 ad
1448 1109 1632 1151 studium
1647 1108 1734 1150 ueri
1751 1110 1955 1151 rationum

466 1178 770 1233 cognitionibus
803 1177 974 1220 erudito.

520 1247 621 1288 Post
651 1247 857 1298 aduectos,
889 1245 1076 1299 inquitis,
1108 1247 1394 1289 transmarinis
1425 1260 1472 1289 ex
1503 1247 1695 1301 gentibus
1721 1247 1815 1289 deos
1836 1259 1955 1300 quos-

464 1317 559 1358 dam
589 1318 760 1370 postque
790 1315 954 1358 condita
983 1315 1048 1357 his
1069 1315 1239 1368 templa,
1270 1318 1362 1369 post
1383 1316 1615 1358 cumulatas
1636 1315 1844 1358 sacrificiis
1866 1327 1955 1358 aras
1969 1330 2001 1354 15

463 1385 571 1426 male
611 1384 764 1426 habens
805 1396 891 1426 sese
929 1384 1133 1426 recreatus
1174 1385 1384 1427 conualuit
1424 1385 1596 1439 populus
1637 1385 1677 1427 et
1716 1385 1955 1439 pestilentes

463 1454 594 1496 morbi
624 1453 793 1496 inducta
822 1453 1057 1496 sinceritate
1087 1453 1293 1509 fugerunt.
1343 1454 1425 1508 qui,
1458 1454 1650 1503 effamini,
1689 1454 1748 1495 dii
1779 1456 1956 1507 quaeso?

464 1522 748 1575 Aesculapius,
808 1522 998 1576 inquitis,
1054 1522 1278 1577 Epidauro,
1337 1523 1452 1565 bonis
1503 1523 1600 1565 deus
1649 1523 1955 1565 ualetudinibus

462 1590 696 1645 praesidens
736 1592 779 1633 et
816 1591 1008 1634 Tiberina
1048 1592 1091 1633 in
1131 1591 1269 1633 insula
1307 1591 1567 1634 constitutus.
1616 1592 1652 1633 si
1691 1593 1799 1634 esset
1839 1591 1955 1633 nobis

462 1659 624 1702 animus
654 1659 932 1713 scrupulosius
962 1660 1042 1701 ista
1072 1660 1265 1710 tractare,
1294 1660 1412 1703 uobis
1442 1660 1543 1715 ipsis
1564 1660 1839 1703 obtineremus
1860 1672 1954 1703 auc·
1968 1675 2002 1700 πο

463 1728 640 1779 toribus,
682 1728 854 1770 minime
894 1728 1015 1770 illum
1046 1727 1172 1770 fuisse
1203 1728 1367 1779 diuum,
1414 1729 1482 1782 qui
1514 1729 1731 1783 conceptus
1763 1730 1804 1771 et
1833 1730 1954 1771 natus

461 1796 655 1838 muliebri
685 1797 778 1839 aluo
809 1798 934 1847 esset,
977 1796 1047 1850 qui
1077 1808 1275 1839 annorum
1306 1797 1500 1852 gradibus
1531 1798 1582 1839 ad
1613 1810 1706 1839 eum
1736 1797 1858 1840 finem
1888 1809 1954 1839 as-

466 1866 667 1908 cendisset
706 1866 852 1908 aetatis
898 1866 941 1908 in
979 1877 1056 1919 quo
1086 1866 1207 1908 illum
1237 1866 1303 1908 uis
1333 1866 1540 1918 fulminis,
1580 1867 1730 1909 uestris
1761 1866 1955 1920 quemad-

465 1936 633 1977 modum
669 1935 821 1976 litteris
858 1934 1110 1986 continetur,
1150 1935 1191 1977 et
1221 1934 1312 1977 uita
1349 1935 1571 1988 expulisset
1600 1937 1642 1978 et
1672 1936 1838 1978 lumine.
1884 1936 1954 1978 sed

465 2003 702 2056 quaestione
739 2003 790 2045 ab
828 2002 911 2045 ista
940 2002 1209 2056 discedimuS,
1242 2002 1455 2046 Coronidis
1485 2004 1596 2046 filius
1628 2005 1701 2059 sit,
1733 2006 1779 2046 ut
1810 2005 1952 2056 uultis,
1966 2019 1999 2045 ²⁵

464 2083 511 2112 ex
554 2071 853 2113 immortalium
903 2083 1069 2114 numero
1113 2073 1154 2114 et
1202 2073 1398 2127 perpetua
1446 2074 1655 2126 praeditus
1699 2074 1954 2116 sublimitate

464 2139 641 2182 caelesti.
690 2153 736 2182 ex
757 2139 968 2193 Epidauro
989 2140 1127 2182 tamen
1149 2140 1248 2194 quid
1270 2142 1331 2183 est
1351 2142 1464 2184 aliud
1492 2142 1677 2184 adlatum
1707 2143 1787 2185 nisi
1815 2142 1953 2197 magni

465 2207 643 2262 agminis
681 2209 876 2251 coluber?
919 2208 1043 2251 fidem
1074 2209 1108 2250 si
1140 2209 1349 2252 annalium
1388 2211 1596 2264 sequimur
1633 2214 1673 2254 et
1705 2211 1953 2265 exploratam

464 2276 522 2317 eis
561 2275 837 2319 adtribuimus
877 2278 1115 2329 ueritatem,
1156 2278 1282 2331 nihil,
1323 2280 1371 2321 ut
1400 2280 1674 2334 conscriptum
1706 2281 1790 2330 est,
1828 2279 1952 2322 aliud.

329 2363 353 2389 ι.
370 2343 475 2399 1580!
510 2344 608 2398 quid
639 2356 734 2400 ergo
764 2345 975 2388 dicemus?
1013 2347 1280 2401 Aesculapius
1310 2348 1387 2389 iste
1418 2361 1538 2402 quem
1568 2349 1825 2402 praedicatiS,
1856 2351 2000 2391 deusao

509 2513 531 2548 2
548 2515 699 2548 transire
715 2525 772 2550 om
789 2515 861 2551 Sab
984 2517 1006 2550 4
1022 2516 1213 2561 praefactis
1231 2517 1265 2552 P
1282 2527 1363 2553 corr
1486 2519 1508 2553 5
1524 2519 1774 2563 pronuncietur
1793 2518 1864 2553 Sab

464 2570 485 2603 8
501 2570 770 2615 interquieberit
787 2572 822 2606 P
935 2572 1078 2618 tybicen
1095 2573 1131 2608 P
1244 2574 1427 2609 matrimus
1445 2574 1537 2610 Sab:
1553 2575 1693 2610 matrib’
1715 2576 1750 2610 P
1863 2575 1884 2610 9
1901 2575 1954 2609 la—

464 2638 595 2663 cunam
616 2629 779 2674 siynaui:
814 2629 970 2665 tabulati
998 2631 1221 2666 intercidisse
1245 2632 1393 2667 uidetur
1575 2634 1616 2667 11
1649 2643 1669 2667 a
1693 2633 1767 2667 add
1791 2632 1862 2668 Sab

467 2684 508 2718 12
534 2685 682 2728 quoduis
707 2686 742 2720 P
765 2696 845 2721 corr
961 2687 1117 2722 sentient
1141 2688 1177 2722 P
1191 2698 1272 2723 corr
1288 2692 1316 2723 θ’
1430 2699 1491 2724 nec
1516 2689 1561 2724 ad
1578 2688 1672 2724 Sab:
1697 2692 1805 2733 negat
1829 2690 1865 2724 P

473 2742 514 2775 16
539 2746 709 2777 recreatas
728 2743 764 2778 P
778 2754 860 2778 corr
996 2745 1195 2789 pestilentis
1219 2746 1255 2780 P
1266 2756 1347 2781 corr
1364 2750 1394 2781 ε’
1530 2747 1573 2782 18
1597 2746 1811 2791 aescolapius
1827 2746 1863 2780 P

464 2800 509 2833 28
533 2801 710 2845 augminis
735 2802 922 2837 Mem-sius
1058 2803 1104 2838 30
1127 2804 1277 2839 dicimus
1303 2803 1376 2839 Sab
1513 2805 1723 2849 aescolapius
1749 2805 1784 2839 P
