2032 3248
325 1584 372 1626 M

444 211 594 241 XXXVI

443 304 602 345 textam
635 301 764 345 fuisse
792 302 1022 353 ostendant,
1057 315 1180 356 quam
1210 315 1304 344 cum
1333 315 1405 357 pro
1435 315 1508 346 suo
1537 305 1661 358 captu
1684 304 1966 347 discernerent

444 378 512 419 uel
532 378 904 430 interpretarentur
925 376 1100 428 librarii,
1124 377 1244 418 modo
1266 377 1310 419 in
1330 377 1406 420 hoc
1427 378 1548 421 modo
1570 378 1613 420 in
1634 378 1708 420 illo
1735 378 1963 421 nasceban-

446 454 515 494 tur
545 463 711 503 errores,
742 451 814 505 qui
845 452 986 494 tamen
1014 452 1188 507 originis
1219 453 1551 495 communionem
1572 455 1794 496 testantur.
1828 454 1964 507 speci-

448 527 573 569 minis
595 526 684 569 loco
706 539 810 580 pono
831 527 951 569 haec:

701 601 808 635 Arch.
1330 600 1359 643 Q
1765 602 1802 637 M

445 687 476 721 p.
495 679 621 717 495‚10
651 664 803 712 ΙῨΡΒἯ
816 675 892 710 ΕΤ
905 663 983 710 D&
1112 665 1245 721 1)νόνῖἶὲ
1265 681 1298 712 et
1323 677 1566 713 dilectissimis
1617 665 1770 721 fflffi‘et
1797 665 1862 711 czssz‘

651 739 707 783 (cf.
725 742 840 782 525‚2)

443 814 475 848 p.
494 806 619 843 597‚10
648 788 725 838 ᾖῖ)
1117 803 1295 838 diaconas
1620 803 1785 838 diaconis

441 878 474 911 p.
496 870 617 909 71532
647 858 691 902 N
708 866 767 909 (cf.
785 867 923 910 602‚15)
1116 867 1234 902 nostri
1618 877 1691 901 non

442 942 473 975 p.
494 934 594 973 639,ss
648 920 793 968 EIWS
1116 931 1344 974 episcopatus
1358 930 1413 974 (cf.
1426 932 1564 975 730,10)
1618 931 1808 974 episcopas

442 1005 472 1038 p.
494 997 595 1036 6212
648 980 722 1030 ῇί
1109 993 1365 1038 presbyteram
1611 995 1731 1039 presb.

444 1067 475 1101 p.
496 1060 619 1100 599,15
656 1041 811 1093 Vffifal
1114 1060 1278 1092 uestram
1617 1062 1826 1093 uestrorum

443 1131 474 1165 p.
495 1124 618 1163 590,11
648 1121 694 1156 F.
721 1120 772 1156 K.
1114 1120 1251 1163 fratres
1275 1119 1458 1155 karissimi
1617 1120 1737 1163 frater
1753 1120 1940 1156 karissime

443 1208 476 1241 p.
496 1199 594 1239 628,9
648 1187 723 1231 ᾸΤ
722 1196 762 1230 Ε
792 1196 950 1242 (uirgula
980 1206 1061 1231 6113-
1115 1195 1165 1230 ad
1190 1199 1225 1230 te
1618 1174 1676 1232 ante

648 1262 789 1303 nuerat)

442 1334 473 1368 p.
493 1327 593 1365 627‚7
648 1309 724 1358 ff
736 1323 844 1368 (linea
857 1325 1063 1357 transuersa
1116 1322 1210 1356 enim
1619 1324 1726 1358 etiam

648 1387 794 1422 litterae
809 1387 843 1421 T
853 1387 1060 1430 euanuerat)

440 1460 474 1494 p.
494 1452 619 1492 565‚16
655 1449 1029 1496 QVOQVOMODO
1115 1460 1185 1494 qao
1211 1449 1387 1494 quomodo
1618 1450 1793 1495 quomodo

439 1523 474 1558 p.
492 1516 594 1556 579,9
646 1500 1012 1549 ROBVSTAOLE
1114 1513 1264 1547 robusta
1288 1513 1378 1548 mole
1618 1513 1802 1548 robustam
1819 1513 1915 1547 olim.

503 1583 760 1625 Monacensis
783 1583 906 1625 codex
922 1583 972 1625 ab
992 1582 1201 1625 inerudito
1222 1583 1392 1626 librario
1415 1584 1608 1626 mendose
1625 1584 1802 1637 scriptus
1819 1583 1959 1626 arche-

443 1658 534 1713 typi
569 1658 765 1700 lectiones
799 1658 916 1700 nulla
953 1658 1041 1700 arte
1078 1658 1339 1701 oblitteratas
1376 1658 1625 1714 simpliciter
1661 1661 1810 1701 seruat.
1855 1672 1958 1712 quae

443 1733 692 1786 simplicitas
709 1734 864 1786 quanta
881 1733 936 1775 sit
952 1733 1048 1775 inde
1064 1734 1324 1788 perspicitur,
1347 1734 1456 1787 quod
1478 1733 1751 1787 epistularum
1767 1746 1959 1775 numeros

441 1808 484 1850 in
506 1808 726 1862 archetypo
757 1807 931 1862 singulis
963 1808 1129 1863 scriptis
1158 1808 1356 1861 adpictos,
1380 1808 1572 1862 quamuis
1594 1820 1744 1851 nouem
1767 1808 1958 1861 epistulis

443 1883 613 1925 71-36
635 1883 800 1925 amissis
822 1882 908 1925 iam
930 1895 1010 1925 non
1031 1883 1074 1925 in
1091 1883 1271 1937 reliquas
1293 1884 1555 1937 quadrarent,
1578 1896 1659 1925 non
1680 1883 1873 1934 tentauit,
1896 1883 1958 1924 ita

440 1959 489 1999 ut
525 1957 704 2012 epistula
741 1958 793 1999 12
822 1956 894 1999 fol.
925 1958 1027 2000 220ει
1047 1971 1268 2000 numerum
1289 1956 1385 2009 LV,
1424 1958 1602 2012 epistula
1633 1958 1687 2000 75
1724 1970 1827 2011 quae
1862 1968 1959 2010 pro·
2031 1985 2032 1989 ,

439 2032 551 2074 xima
579 2032 766 2086 sequitur
794 2044 1014 2074 numerum
1042 2031 1186 2074 LXV
1203 2044 1298 2086 prae
1328 2045 1370 2074 se
1400 2032 1518 2075 ferat.
1551 2032 1662 2075 solus
1693 2044 1863 2086 operum
1892 2031 1957 2073 in·
2031 2055 2032 2062 .

443 2107 576 2150 dicem
609 2107 744 2161 qualis
772 2107 816 2149 in
837 2107 1059 2162 archetypo
1090 2107 1279 2149 exstabat
1310 2108 1478 2160 recepit,
1512 2119 1591 2161 quo
1623 2118 1703 2148 non
1738 2108 1838 2160 quot
1870 2106 1958 2159 ipse
2029 2118 2032 2167 1

442 2182 662 2233 contineat,
693 2182 763 2224 sed
792 2183 892 2236 quot
918 2182 991 2224 ille
1021 2182 1272 2225 continuerit
1301 2183 1531 2225 doceamur.
1565 2182 1736 2224 initium
1764 2181 1863 2223 libri
1885 2180 1957 2222 Aa
2029 2236 2032 2248 .

441 2255 675 2309 Donatum,
699 2269 723 2299 a
739 2268 818 2310 quo
837 2257 963 2299 codex
982 2257 1142 2311 incipit,
1166 2257 1323 2311 duplici
1345 2257 1580 2312 apographo
1601 2256 1831 2307 exhibetur,
1855 2267 1957 2308 quo·
2030 2249 2032 2257 ’

442 2343 537 2372 rum
557 2331 672 2385 prius
688 2331 732 2373 in
747 2332 873 2374 uerba
892 2332 1075 2374 secanda
1095 2332 1318 2385 reparaait
1335 2332 1406 2387 (z
1424 2346 1464 2387 p.
1485 2331 1572 2387 6‚6)
1592 2330 1756 2373 desinit.
1782 2330 1958 2372 Trecen-

445 2405 501 2446 sis
533 2405 688 2447 maiore
724 2418 822 2448 cura
853 2407 1042 2449 exaratus
1073 2419 1204 2460 neque
1235 2406 1415 2449 indicem
1447 2405 1601 2460 recepit
1631 2406 1673 2447 et
1694 2404 1956 2461 grauioribus

443 2479 563 2521 hodie
592 2481 751 2522 lacunis
779 2481 882 2523 hiat.
912 2495 1010 2524 nam
1039 2482 1150 2524 foliis
1181 2481 1391 2524 nonnullis
1420 2480 1595 2535 perditis
1618 2481 1801 2523 extrema
1822 2478 1957 2521 libelli

442 2552 508 2594 De
530 2553 654 2596 laude
675 2555 876 2608 martyrii
897 2568 991 2609 pars
1013 2556 1108 2598 inde
1125 2569 1148 2598 a
1163 2556 1301 2599 uerbis
1323 2555 1490 2597 ornarit
1511 2554 1583 2612 (=
1603 2555 1789 2609 Append.
1808 2553 1956 2607 5120)

442 2629 484 2668 et
506 2628 676 2670 initium
704 2630 912 2682 proximae
942 2631 1144 2684 epistulae
1174 2631 1231 2674 60
1258 2643 1387 2684 usque
1416 2630 1468 2672 ad
1498 2630 1624 2672 uerba
1652 2632 1689 2671 et
1709 2629 1799 2682 ipso
1820 2627 1957 2669 dolore

444 2700 514 2755 (z
537 2715 574 2754 p.
598 2703 772 2758 693,14)
794 2704 1111 2755 interciderunt3
1142 2705 1289 2747 deinde
1312 2705 1491 2760 epistula
1514 2705 1568 2746 10
1590 2704 1743 2746 desinit
1765 2703 1807 2745 in
1829 2702 1956 2744 uerba

442 2765 520 2818 aad
535 2778 788 2829 protectione
811 2777 884 2833 (=
905 2793 944 2833 p.
967 2779 1126 2831 5263),
1149 2780 1383 2834 proximum
1406 2779 1556 2820 folium
1578 2778 1742 2820 omissis
1764 2775 1956 2830 epistulis

441 2852 509 2893 26.
543 2853 608 2893 25.
641 2853 678 2893 9.
712 2852 780 2893 29.
812 2852 879 2894 56.
914 2853 950 2893 7.
983 2854 1036 2895 76
1071 2854 1218 2906 incipit
1248 2868 1271 2896 3
1301 2853 1476 2907 legimns
1511 2853 1684 2904 litteras,
1723 2863 1825 2905 quae
1858 2850 1954 2891 sunt
