2032 3248
1499 232 1696 263 LXXXVII

194 336 216 364 a
230 323 398 364 Baluzio
416 322 625 376 usurpatis
643 322 685 363 in
702 321 965 375 praefatione,
988 316 1046 362 ‘in
1065 335 1145 374 qua
1166 324 1259 376 post
1281 324 1540 365 enumeratas
1563 324 1696 365 sancti

195 396 387 451 Cypriani
427 409 596 451 operum
639 397 836 439 editiones
878 397 927 438 de
968 409 997 437 s.
1040 397 1237 451 martyris
1280 397 1465 439 doctrina
1507 398 1696 451 pluribus

195 466 424 513 disseritur'
458 472 525 512 uel
547 472 588 513 in
610 468 712 513 ‘uita
734 471 771 513 S.
797 463 1006 525 Cypriani'
1036 471 1167 523 ipsius
1198 483 1296 513 cura
1317 472 1514 514 adornata
1536 474 1698 525 praeter

194 559 240 588 ea
256 560 358 600 quae
371 547 411 588 in
426 547 761 588 adnotationibus
779 546 959 588 indicata
974 548 1088 587 erant
1104 546 1285 600 amplius
1303 547 1520 599 quiequam
1537 548 1699 600 poterat

193 621 345 663 docere.
379 621 570 663 adhibuit
600 634 693 662 uero
716 621 911 663 Baluzius
943 621 1101 663 codices
1131 622 1332 674 quotquot
1362 621 1404 662 in
1434 622 1698 664 bibliothecis

194 694 354 737 Galliae
377 697 593 737 exstabant
612 698 651 737 et
668 697 776 737 inter
799 708 864 738 eos
887 696 1066 749 optimos
1088 696 1476 748 uetustissimosque
1501 708 1601 749 quos
1624 708 1698 750 ego

193 770 319 811 habui
343 770 524 812 Gallicos
554 771 605 812 ad
636 784 764 812 unum
793 782 946 820 omnes,
976 770 1092 811 uelut
1114 770 1430 824 Seguierianurn
1454 770 1526 824 (S),
1558 771 1699 812 Thua-

194 857 314 886 neum
331 845 414 899 (P),
434 846 708 887 Pithoeanum
725 845 808 901 (Q),
828 845 1112 887 Corbeiensem
1131 844 1212 900 (C),
1232 844 1597 898 Compendiensem
1616 846 1698 901 (E),

194 919 461 962 Serbonicum
500 919 560 976 (o)
598 922 674 962 etc.
712 920 880 962 Italicos
910 920 1107 974 Anglieos
1138 919 1400 962 Germanicos
1437 921 1598 973 praeter
1635 932 1700 961 eos

195 995 265 1048 qui
303 1007 373 1047 per
408 994 510 1036 alios
551 995 816 1037 innotuerant
856 996 1075 1049 usurpauit
1117 995 1266 1036 nullos.
1310 995 1379 1036 sed
1416 995 1458 1036 in
1497 995 1700 1049 eligendis

196 1070 415 1123 scripturis
437 1070 745 1111 uetustissimos
767 1070 895 1111 libros
917 1082 1082 1122 prorsus
1105 1070 1187 1111 fere
1205 1070 1387 1124 neglexit
1404 1070 1701 1112 recentioribus

198 1146 240 1185 et
270 1143 530 1196 interpolatis
563 1144 622 1185 ita
654 1145 857 1195 addictus,
894 1145 940 1185 ut
971 1145 1076 1185 alter
1104 1144 1316 1186 Pamelius
1347 1157 1468 1197 quem
1501 1144 1629 1185 etiam
1658 1144 1700 1185 in

193 1219 429 1273 digerendis
461 1219 650 1272 epistulis
680 1221 844 1261 secutus
867 1221 929 1261 est
950 1221 1110 1261 textum
1140 1220 1274 1273 magis
1306 1219 1552 1273 deprauaret
1574 1232 1700 1272 quam

194 1293 446 1347 emendaret,
478 1294 520 1335 in
543 1306 621 1347 quo
643 1295 930 1336 uehementius
953 1296 1014 1335 est
1036 1295 1349 1348 uituperandus,
1374 1308 1468 1335 cum
1489 1293 1701 1348 Rigaltius

193 1370 234 1410 et
257 1367 504 1410 Oxonienses
540 1368 733 1422 plurimis
769 1369 869 1410 locis
907 1370 1068 1410 textum
1105 1368 1336 1410 rectissime
1374 1368 1699 1410 constituissent.

194 1443 356 1497 spurias
379 1444 578 1497 epistulas
601 1444 684 1484 tres
706 1444 865 1496 primus
888 1444 1150 1498 euulgauisse
1173 1444 1368 1493 creditur,
1393 1443 1582 1484 exstabat
1605 1454 1701 1484 uero

193 1518 324 1559 altera
342 1517 469 1572 (App.
490 1518 665 1573 amna)
685 1531 825 1560 eorum
847 1519 888 1559 in
908 1519 1152 1572 Hieronymi
1174 1520 1286 1560 tomo
1309 1518 1453 1571 quinto
1476 1531 1513 1570 p.
1536 1518 1620 1559 406
1642 1530 1701 1570 sq.

195 1592 467 1634 aMartinaeo
500 1605 534 1634 a.
561 1593 669 1634 1706
706 1593 815 1634 edito
852 1605 923 1634 nec
959 1593 1111 1634 indicia
1148 1593 1297 1635 desunt
1333 1593 1437 1634 hanc
1474 1592 1699 1633 editionem

199 1667 419 1707 Baluzium
455 1667 712 1720 imprimenti
749 1668 907 1709 dedisse
945 1668 1013 1722 (cf.
1050 1681 1087 1721 p.
1119 1667 1296 1719 276‚14;
1333 1668 1481 1717 277,1;
1523 1666 1699 1716 279,13;

197 1741 386 1795 28015).

256 1816 357 1858 Post
379 1817 599 1858 Baluzium
622 1816 815 1871 Cypriani
845 1829 965 1870 opera
995 1818 1132 1858 omnia
1154 1817 1205 1858 ad
1227 1817 1353 1858 libros
1382 1830 1507 1858 manu
1529 1817 1703 1870 scriptos

205 1902 322 1931 nemo
359 1891 562 1939 exarauit3
600 1905 697 1933 nam
733 1892 837 1933 duae
873 1893 1007 1933 tresue
1044 1892 1255 1942 editiones,
1294 1904 1466 1944 quorum
1499 1891 1633 1944 prima
1663 1892 1705 1933 in

203 1965 444 2006 collectione
491 1966 642 2007 selecta
683 1965 751 2007 SS.
794 1966 985 2007 ecclesiae
1026 1968 1193 2019 patrum
1235 1967 1457 2008 Mediolani
1500 1980 1534 2007 a.
1581 1966 1703 2016 1835,

202 2041 378 2081 secunda
415 2041 455 2080 et
492 2040 614 2080 tertia
650 2040 822 2082 Parisiis
859 2054 893 2082 a.
935 2041 1043 2082 1836
1081 2041 1332 2094 prodierunt,
1371 2052 1491 2092 Opera
1527 2040 1706 2093 genuina

205 2114 475 2164 continentes,
518 2115 734 2156 Baluziani
775 2115 912 2157 textus
952 2128 1087 2156 merae
1124 2115 1386 2168 repetitiones
1423 2116 1530 2156 sunt.
1579 2126 1708 2166 neque

199 2187 384 2242 Mignius
402 2189 623 2242 quicquam
642 2190 852 2242 praestitit
865 2189 943 2230 nisi
956 2189 1063 2242 quod
1080 2189 1205 2230 libros
1224 2189 1384 2230 curauit
1402 2189 1531 2242 pretio
1546 2189 1707 2229 uenales

200 2263 380 2304 humano
403 2264 473 2304 sed
495 2264 722 2305 innumeris
744 2264 1098 2318 typographorum
1119 2263 1279 2305 mendis
1302 2264 1454 2304 auctos.
1481 2276 1525 2304 ex
1538 2263 1707 2303 Baluzio

201 2349 360 2390 quoque
392 2338 591 2390 epistulas
621 2338 838 2379 nonnullas
868 2337 1135 2379 Constantius
1159 2337 1398 2391 (Epi-stolae
1421 2336 1708 2377 Romanorum

195 2413 445 2465 pontificum
466 2416 501 2454 et
523 2427 629 2464 qum
658 2413 715 2453 cul
744 2425 807 2453 eos
836 2413 1015 2464 scriptae
1044 2415 1141 2453 sunt
1163 2412 1294 2454 Paris.
1322 2412 1427 2453 1721
1460 2425 1498 2464 p.
1525 2411 1604 2452 126
1633 2423 1706 2464 sq.,

202 2499 295 2540 pag.
320 2487 400 2527 211
427 2500 484 2540 sq.
508 2487 694 2540 Append.
718 2501 755 2540 p.
778 2487 864 2538 26),
897 2488 1058 2528 easdem
1090 2487 1287 2540 epistulas
1309 2487 1350 2527 et
1370 2486 1566 2526 nonnulla
1587 2498 1707 2538 opera

204 2559 449 2602 Gallandius
488 2561 770 2615 (Bibliotheca
807 2564 883 2601 uet.
916 2564 1029 2612 patr.
1066 2560 1417 2611 antiquorumque
1456 2561 1706 2611 scriptorum

204 2635 576 2676 ecclesiastieorum
599 2638 698 2677 tom.
719 2635 797 2676 ΙΙΙ.
817 2635 1001 2676 Venetiis
1023 2635 1129 2675 1767
1153 2648 1192 2688 p.
1211 2635 1293 2675 333
1310 2634 1388 2687 sq.)
1412 2634 1705 2687 repetiuerunt.

207 2710 257 2750 ad
294 2709 563 2751 Oxoniensem
605 2722 700 2750 uero
738 2722 853 2750 suam
891 2709 1114 2749 editionem
1150 2708 1365 2748 adornauit
1401 2708 1609 2749 Goldhorn
1648 2707 1707 2761 (in

208 2782 437 2835 Gersdorfii
467 2784 725 2825 bibliothecae
755 2783 903 2824 1101.H
934 2783 1043 2836 Lips.
1071 2781 1211 2835 1838),
1248 2783 1317 2834 qui
1352 2783 1542 2835 quamuis
1574 2782 1709 2823 nullos

205 2856 362 2898 codices
379 2859 684 2899 nancisceretur
702 2870 865 2898 summa
878 2857 1122 2898 Germaniae
1140 2857 1409 2898 bibliothecas
1427 2857 1563 2909 inopia
1579 2855 1708 2908 premi

1744 1833 1891 1861 Editionis

1719 1881 1818 1907 Baluz.
1839 1887 1922 1912 repe-

1754 1927 1884 1953 titiones.

1776 2724 1874 2749 Editio

1734 2768 1914 2796 Goldhornii.
