2032 3248
356 208 434 250 134
754 204 946 240 Arnobii
979 205 1192 240 aduersus
1224 206 1435 240 nationes

350 334 494 364 census
525 322 566 363 et
596 320 732 375 opinio
762 319 1041 374 praeiudicata
1068 320 1296 363 dilabitur?
1327 333 1421 362 nam
1451 320 1652 363 sinerum
1673 321 1747 376 est,
1779 333 1840 364 so-

349 391 430 434 lem
462 389 633 432 eundem
663 389 858 431 Liberum
889 402 977 432 esse
1008 390 1263 442 eundemque
1293 389 1549 443 Apollinem,
1581 390 1766 444 sequitur
1795 391 1841 431 ut

349 460 390 501 in
420 471 554 500 rerum
594 459 738 500 natura
775 470 904 511 neque
934 458 1083 512 Apollo
1114 458 1171 499 sit
1201 458 1352 511 aliquis
1382 471 1512 512 neque
1542 459 1682 510 Liber,
1721 459 1841 512 atque

235 534 256 567 f.
273 534 333 567 76¹>
347 528 406 570 ita
436 540 507 581 per
528 539 598 569 uos
634 525 639 579 1
675 527 783 580 ipsos
814 526 1013 577 aboletur,
1045 526 1226 569 eraditur
1246 526 1484 579 Semeleius,
1517 528 1706 583 Pythius,
1738 528 1842 570 alter

347 595 571 639 feculentae
593 595 816 638 hilaritatis
838 596 969 645 dator,
993 595 1293 638 Sminthiorum
1315 595 1419 639 alter
1440 597 1639 650 pernicies
1660 609 1838 639 murum.

278 666 425 707 3411011
464 666 618 707 indocti
656 665 763 719 apud
802 676 873 707 1103
911 665 991 706 uiri
1033 677 1162 718 neque
1200 665 1307 718 quod
1345 665 1549 708 induxerit
1588 666 1717 708 libido
1748 678 1840 721 gar—

346 734 497 776 rientes
537 734 712 776 Dianam
752 732 937 776 Cererem
968 733 1127 775 Lunam
1164 734 1288 787 eaput
1319 746 1405 776 esse
1435 735 1555 777 unius
1587 735 1684 777 deae
1712 736 1739 788 †
1766 734 1838 776 tri-

345 803 445 845 uiali
475 803 748 857 germanitate
779 802 1045 856 pronuntiant
1083 815 1213 856 neque
1250 803 1296 844 ut
1335 803 1431 845 sunt
1461 804 1594 846 trinae
1625 803 1838 846 dissimili-

344 872 509 914 tudines
541 873 775 922 nominum,
808 883 1071 925 personarum
1111 871 1376 914 dissidentias
1409 874 1492 915 tres
1525 885 1633 916 esse:
1680 873 1839 915 Lunam

343 941 405 983 his
437 941 624 983 omnibus
654 941 792 983 uocari
822 942 943 994 atque
974 941 1017 981 in
1050 941 1136 983 eius
1174 953 1368 984 uocamen
1407 942 1662 995 reliquorum
1692 942 1835 983 seriem

343 1011 623 1052 coaceruatam
655 1022 740 1052 esse
771 1010 1072 1064 cognominum.
1120 1010 1226 1063 quod
1259 1010 1294 1052 si
1326 1011 1605 1064 exploratum,
1645 1010 1681 1052 si
1712 1010 1837 1052 fixum

342 1080 404 1121 est
434 1081 556 1132 atque
586 1079 647 1121 ita
678 1079 712 1120 si
744 1091 829 1121 esse
861 1078 919 1120 rei
950 1078 1106 1120 ueritas
1137 1079 1353 1130 monstrat,
1387 1091 1550 1122 cassum
1581 1079 1734 1122 iterum
1766 1091 1836 1121 no-

341 1161 433 1190 men
464 1150 526 1190 est
557 1147 733 1198 CereriS,
767 1161 929 1190 cassum
961 1148 1141 1198 Dianae,
1173 1149 1296 1201 atque
1328 1148 1388 1190 ita
1418 1149 1655 1202 perducitur
1685 1161 1748 1190 res
1780 1159 1836 1201 eo,

340 1218 387 1259 ut
417 1219 458 1260 et
488 1218 564 1259 illa
600 1217 788 1272 frugum,
831 1217 939 1259 sicut
976 1217 1222 1271 perhibetis,
1262 1217 1469 1260 inuentrix
1507 1218 1627 1260 uobis
1666 1217 1836 1259 ducibus

340 1288 460 1340 atque
491 1285 725 1328 auctoribus
756 1286 870 1327 nulla
890 1285 957 1339 sit,
991 1287 1032 1327 et
1052 1286 1278 1340 expolietur
1299 1286 1449 1340 Apollo
1471 1300 1682 1342 germana,
1715 1299 1835 1340 quam

340 1355 542 1409 quondam
574 1356 686 1410 puris
716 1355 758 1397 in
789 1355 970 1397 fontibus
1002 1355 1239 1397 abluentem
1270 1356 1550 1398 membrorum
1581 1356 1719 1398 sordes
1750 1367 1836 1397 eor-

273 1426 323 1464 35
339 1424 455 1479 niger
493 1425 564 1467 ille
602 1427 771 1466 uenator
808 1424 985 1478 inspexit
1016 1426 1057 1466 et
1087 1436 1262 1478 poenam
1294 1425 1545 1468 curiositatis
1575 1424 1746 1467 inuenit.
1794 1423 1833 1464 in

272 1518 276 1522 ·
339 1493 617 1547 philosophiae
655 1494 939 1536 memorabiles
977 1494 1114 1535 studio
1151 1495 1274 1547 atque
1314 1496 1364 1537 ad
1404 1494 1524 1536 istius
1562 1493 1739 1535 nominis
1770 1505 1836 1535 00-

339 1563 478 1604 lumen
500 1563 616 1605 uobis
637 1563 919 1604 laudatoribus
938 1562 1089 1604 eleuati
1110 1563 1348 1605 uniuersam
1370 1562 1492 1604 istam
1508 1563 1658 1605 molem
1677 1561 1834 1603 muudi.

339 1631 454 1673 euius
485 1643 626 1673 omnes
648 1631 902 1684 amplexibus
924 1631 1143 1682 ambimur,
1177 1631 1360 1687 tegimur
1381 1644 1427 1673 ao
1448 1632 1714 1685 sustinemur,
1748 1631 1833 1672 ani-
1849 1649 1862 1673 2

337 1713 451 1742 mans
489 1713 574 1742 esse
612 1713 740 1742 unum
786 1700 945 1753 sapiens
985 1700 1185 1742 rationale
1230 1701 1463 1743 consultum
1510 1700 1712 1754 probabili
1761 1700 1830 1741 ad-

337 1769 590 1811 seueratione
622 1769 840 1811 definiunt:
873 1781 1045 1823 quorum
1076 1770 1110 1812 si
1142 1770 1205 1811 est
1235 1782 1353 1821 uera,
1394 1769 1474 1812 fixa
1511 1771 1550 1812 et
1601 1771 1711 1812 certa
1742 1781 1832 1810 sen—

336 1839 484 1889 tentia,
517 1839 642 1880 etiam
675 1839 740 1880 illi
772 1839 963 1881 continuo
996 1839 1182 1881 desinent
1213 1839 1271 1881 dii
1304 1851 1390 1881 esse
1420 1850 1519 1893 quos
1550 1839 1592 1880 in
1625 1839 1711 1880 eius
1742 1850 1831 1891 por-

335 1907 515 1950 tionibus
553 1907 672 1960 paulo
712 1909 805 1949 ante
850 1908 1084 1949 immutatis
1129 1907 1362 1950 nominibus
1408 1907 1733 1950 constituebatis.
1789 1908 1830 1947 111

335 1977 442 2018 enim
472 1977 591 2018 1101110
622 1989 727 2018 1111113
759 1976 901 2030 nequit
932 1977 1193 2030 permanente
1223 1976 1288 2018 sui
1309 1977 1486 2030 corporis
1518 1976 1758 2030 integritate
1790 1975 1860 2015 in·.›

334 2044 515 2086 homines
555 2045 707 2086 multos
744 2045 895 2096 scindi,
934 2058 1063 2099 neque
1103 2045 1286 2088 homines
1320 2058 1463 2088 rursus
1495 2045 1618 2087 multi
1653 2045 1831 2086 disiunc-

379 2217 395 2250 1
423 2215 663 2259 praeiudicata
695 2215 780 2250 Urs.-
813 2215 1012 2260 praedicata
1039 2216 1073 2250 P
1209 2216 1232 2250 4
1256 2216 1417 2251 aboletur
1444 2216 1644 2257 Semeleius.
1671 2215 1828 2250 eraditur

330 2273 483 2317 Pythius
510 2272 528 2307 ‚9
666 2273 687 2307 5
712 2273 829 2314 dator,
854 2272 1104 2307 sminthiorum
1132 2273 1227 2308 Sab:
1261 2273 1394 2308 datoris
1420 2273 1672 2307 minathiorum
1700 2274 1751 2317 (in
1778 2283 1831 2316 vmy

330 2331 376 2373 ·.·)
396 2330 431 2364 P
569 2330 587 2364 7
606 2330 689 2364 deae
704 2331 834 2374 scripsi
842 2344 852 2365 .·
879 2330 948 2365 diei
967 2331 1001 2365 P
1025 2331 1080 2365 dei
1097 2330 1171 2365 Sab
1309 2331 1446 2366 tribiali
1465 2331 1499 2365 P
1637 2332 1655 2364 7
1673 2341 1723 2375 sq.
1749 2330 1828 2364 Tri-

332 2387 407 2421 uiae
432 2387 623 2430 tripliciter
656 2387 855 2422 nominatae
887 2387 906 2422 ,9
939 2388 1078 2422 Triuiae
1106 2387 1363 2432 tergeminatae
1396 2388 1414 2423 ἶδ
1553 2390 1573 2422 9
1603 2387 1830 2422 dissidentia>

329 2445 619 2479 El‘menhorstins
651 2449 832 2489 tamquam
863 2457 880 2480 e
912 2446 1049 2481 codice.-
1090 2446 1308 2480 diffidentias
1341 2447 1377 2480 P
1412 2446 1632 2481 differentias
1666 2447 1738 2481 Sub

329 2503 395 2536 tris
428 2502 463 2537 P
488 2513 570 2537 corr
709 2503 845 2537 Lunam
872 2503 992 2537 Salm:
1023 2503 1108 2538 luna
1131 2503 1169 2537 111
1194 2504 1230 2538 Ρ
1254 2503 1389 2538 Lunam
1414 2503 1451 2538 in
1477 2503 1550 2538 Sal)
1577 2504 1712 2538 Lunam
1737 2505 1828 2538 enim

336 2561 401 2593 Urs
540 2560 580 2595 11
607 2559 847 2594 coacerbatam
872 2560 907 2594 P
924 2571 1006 2595 corr
1025 2571 1043 2595 c
1181 2560 1212 2594 si
1237 2561 1446 2595 Meursius:
1472 2571 1506 2594 se
1532 2561 1566 2594 P
1591 2572 1642 2595 om
1669 2561 1738 2595 Urs

331 2617 373 2651 12
396 2617 479 2651 item
506 2617 572 2651 Urs
714 2618 756 2652 16
774 2618 934 2662 corniger
953 2617 1037 2659 Sab,
1053 2629 1094 2652 r:
1120 2618 1262 2662 coniger
1281 2618 1317 2652 P
1454 2619 1496 2653 18
1521 2618 1687 2651 filosofiae
1707 2619 1741 2652 P

329 2673 571 2708 memorabiles
592 2674 678 2710 Ger.-
703 2675 921 2709 memorabili
940 2675 974 2710 P
1097 2675 1142 2710 20
1158 2675 1319 2710 animans
1337 2675 1459 2710 Salm:
1483 2675 1619 2709 animas
1638 2676 1673 2709 P
1695 2676 1826 2710 animal

330 2730 401 2765 Sal>
541 2731 581 2765 21
602 2732 809 2766 rationabile
827 2731 900 2767 Sab
1037 2732 1082 2766 22
1099 2732 1167 2766 fixa
1184 2734 1221 2767 et
1243 2732 1436 2775 (himerus,
1460 2732 1549 2767 Urs:
1568 2736 1602 2766 et
1620 2732 1686 2766 fixa
1705 2734 1739 2767 P

327 2798 365 2822 ac
391 2790 484 2821 certa
509 2788 803 2824 Hildebrandms
947 2790 991 2824 23
1016 2789 1180 2824 desinent
1206 2789 1299 2825 Sab:
1335 2789 1494 2824 desident
1520 2790 1555 2823 P
1699 2790 1742 2823 25
1768 2801 1825 2823 ne-

327 2843 412 2887 quid
436 2843 471 2878 P
607 2844 817 2890 integritate
842 2845 933 2880 Sub:
966 2837 1178 2890 integritate
1203 2847 1239 2880 P
1376 2845 1420 2879 26
1445 2846 1550 2880 inulti
1576 2846 1825 2893 ‹lisiunctionis

334 2900 420 2934 Urs:
452 2901 699 2935 multitudinis
726 2902 919 2936 iunctionis
947 2904 980 2937 P

1857 957 1883 981 10

1854 1305 1882 1328 15
