2032 3248
391 245 471 285 180
1021 239 1264 283 Appendix.

389 347 496 396 copia
517 346 794 385 esculentorum
815 345 962 384 animus
983 346 1171 394 pascitur,
1203 347 1241 384 et
1262 345 1341 383 uini
1363 345 1541 384 odoriferi
1570 344 1650 384 sola
1681 345 1891 392 fragrantia

390 416 540 465 saepius
562 415 769 454 suscitatur
790 414 951 453 animus.
974 415 1065 463 quid
1086 426 1152 462 per
1172 414 1394 463 hypocrisin
1415 414 1498 452 uult
1519 414 1565 452 ab
1586 413 1802 452 hominibus
1825 414 1890 451 ab·

389 485 535 523 stinens
557 484 631 522 dici
652 485 690 522 et
710 483 751 521 in
771 485 913 522 secreto
936 484 1110 523 carnibus
1133 485 1170 521 et
1191 483 1375 522 ebrietate
1397 483 1588 521 distendi?
1621 483 1763 521 habent
1783 483 1893 520 multi

389 553 544 592 diuitias
570 565 663 602 quas
686 553 764 591 suis
787 553 918 591 usibus
946 554 1087 601 negant
1109 553 1175 591 sed
1207 565 1273 600 pro
1296 552 1503 600 cupiditate
1532 554 1778 598 conseruant⁷
1809 552 1894 599 qui—

387 624 459 661 bus
491 623 523 660 si
544 622 650 660 nulla
673 622 860 670 cupiditas
881 621 1120 670 inhaesisset,
1139 632 1208 659 nec
1225 621 1445 670 cupiditatis
1461 621 1626 670 insignia
1641 622 1892 669 possiderent.
1910 633 1922 654 ⁵

387 694 426 730 at
446 704 534 730 uero
556 692 645 740 quia
665 691 873 740 cupiditate
890 691 1056 740 possessi
1077 692 1185 738 sunt,
1208 690 1454 739 perfruuntur
1474 690 1597 729 animo
1619 691 1718 738 quod
1733 702 1804 728 usu
1820 701 1894 728 non

387 762 562 809 tangunt.
605 760 660 799 ita
679 761 712 798 is
742 760 807 809 qui
828 759 999 808 despexit
1028 760 1220 798 uinculum
1252 760 1492 808 nuptiarum,
1530 760 1567 797 et
1589 759 1700 797 aliter
1721 758 1894 797 femineis

386 829 550 868 uinculis
573 830 784 877 obligatur:
816 829 988 877 quamuis
1015 830 1121 868 nullo
1143 829 1344 868 concubitu
1368 828 1592 875 misceatur,
1623 828 1807 867 desiderio
1838 830 1892 866 ta-

385 910 471 937 men
491 897 578 936 uisu
599 898 794 946 conloquio
813 898 1072 936 coniunctione
1090 908 1240 949 semper
1256 898 1480 936 oblectatur.
1502 910 1590 935 nam
1613 898 1645 935 si
1668 897 1894 936 desiderium

386 966 546 1006 feminae
562 979 636 1005 non
657 968 827 1014 haberet,
850 979 1054 1015 numquam
1069 967 1247 1005 feminam
1263 967 1342 1005 suis
1359 966 1647 1006 oblectamentis
1663 967 1890 1005 adsumeret.
1908 976 1940 1000 10

385 1035 498 1074 immo
522 1047 610 1074 uero
631 1035 784 1084 insuper
805 1035 898 1074 mihi
920 1038 1137 1084 suspectum
1157 1036 1338 1084 placitum
1361 1036 1465 1074 dedit
1495 1036 1559 1084 qui
1587 1048 1661 1075 non
1682 1035 1892 1084 legitimam

388 1104 494 1143 duxit
515 1106 553 1143 et
573 1104 783 1153 legitimam
803 1104 1016 1143 recusauit:
1039 1105 1114 1143 nisi
1135 1105 1268 1153 fallor,
1292 1105 1331 1142 in
1351 1105 1502 1153 publico
1525 1107 1810 1153 argumentatus
1834 1107 1892 1143 est

385 1173 602 1212 hominibus
623 1173 844 1221 promittere
867 1174 1116 1213 sanctitatem
1138 1176 1175 1213 et
1207 1175 1246 1212 in
1268 1175 1413 1213 occulto
1446 1175 1527 1213 sine
1557 1185 1669 1212 uxore
1700 1185 1774 1212 uon
1795 1185 1890 1212 esse.

386 1244 458 1281 duo
480 1245 702 1291 argumenta
722 1242 892 1281 libidinis
914 1244 951 1281 et
974 1243 1190 1282 sanctitatis
1220 1243 1310 1281 hinc
1331 1245 1369 1282 et
1389 1244 1475 1282 inde
1491 1243 1663 1281 miranda
1679 1245 1779 1289 sunt,
1798 1254 1892 1291 quae

384 1313 545 1360 utraque
566 1312 729 1350 inuicem
749 1313 887 1360 tegunt
909 1313 946 1350 et
966 1313 1125 1360 utraque
1148 1312 1310 1351 inuicem
1330 1313 1506 1361 produnt.
1530 1313 1748 1361 ingeniosus
1770 1324 1891 1350 eunu-
1908 1323 1938 1347 15

385 1381 479 1420 chus
501 1382 538 1419 et
559 1382 737 1420 moechus
758 1381 904 1419 inuidet
924 1381 998 1420 sibi
1019 1382 1108 1420 dum
1129 1382 1304 1429 consulit,
1339 1383 1376 1420 et
1398 1382 1486 1420 dum
1508 1381 1657 1430 quaerit
1678 1386 1890 1429 utrumque,

385 1452 561 1489 neutrum
582 1451 684 1498 fecit,
707 1452 750 1488 ut
771 1452 926 1488 sanctus
947 1450 1099 1488 minime
1122 1451 1325 1499 deputetur
1346 1452 1411 1499 qui
1432 1463 1508 1490 non
1523 1463 1614 1489 uera
1630 1450 1893 1490 coniunctione

385 1519 616 1567 perfruatur,
640 1532 724 1558 cum
743 1519 887 1558 Paulus
908 1519 1102 1567 apostolus
1124 1519 1244 1558 dicat:
1278 1520 1526 1568 alligatus
1558 1531 1606 1558 es
1636 1520 1804 1559 uxori?
1837 1532 1893 1558 ne

386 1589 666 1637 quaesieris
705 1589 1017 1628 solutionem.
1060 1589 1256 1628 solutus
1288 1600 1335 1627 es
1366 1590 1421 1627 ab
1452 1592 1632 1627 uxore?
1665 1601 1720 1627 ne
1751 1601 1892 1638 quae-

386 1658 532 1696 sieris
562 1669 768 1699 uxorem.
801 1659 867 1697 sed
888 1658 1081 1697 consentio
1104 1670 1178 1697 non
1208 1670 1291 1697 esse
1321 1657 1513 1697 castitatis
1533 1659 1647 1697 huius
1669 1659 1893 1707 pudicitiam
1907 1670 1941 1695 20

386 1727 590 1766 uiolatam:
625 1727 846 1776 suspiciosis
866 1730 995 1766 tamen
1015 1728 1154 1766 malam
1174 1727 1338 1776 porrigit
1359 1727 1499 1766 famam
1529 1729 1566 1766 et
1595 1728 1800 1776 pudicitiae
1821 1728 1893 1767 bo-

385 1808 476 1834 num
510 1795 655 1835 frustra
691 1796 919 1835 intrinsecus
953 1797 1141 1836 laborioso
1179 1808 1298 1845 agone
1330 1797 1530 1845 custodit„
1551 1799 1650 1846 quod
1684 1797 1893 1836 forinsecus

386 1864 503 1903 efficit
524 1865 713 1914 infamari,
736 1867 935 1904 destruens
956 1865 1219 1914 magisterium
1240 1866 1352 1904 Pauli
1380 1867 1544 1914 apostoli
1565 1867 1800 1915 prouidentis
1822 1879 1890 1915 pa-

386 1933 479 1972 riter
501 1936 540 1972 et
559 1934 767 1974 monentis:
790 1937 843 1973 ut
875 1936 1000 1984 quid,
1033 1935 1170 1984 inquit,
1202 1934 1416 1974 libertas
1439 1947 1534 1974 mea
1564 1935 1815 1974 iudicatur
1837 1936 1892 1973 ab

385 2003 592 2042 infideli
615 2004 954 2043 conscientia?
989 2004 1032 2043 si
1063 2016 1146 2053 ego
1168 2004 1371 2053 gratiae
1401 2004 1663 2053 participo,
1696 2006 1748 2042 ut
1779 2004 1893 2052 quid
1908 2013 1939 2038 251

386 2072 704 2120 blasphemor
744 2085 828 2122 pro
867 2085 915 2112 eo
956 2086 1047 2122 quo
1063 2075 1087 2112 d
1131 2075 1328 2122 gratias
1368 2086 1457 2122 ago
1477 2077 1495 2112 ’ἒ
1542 2074 1650 2122 peius
1687 2075 1746 2112 est
1781 2085 1893 2122 quam

386 2142 558 2181 moechia
589 2142 860 2182 continentiam
882 2144 1018 2182 ducere
1049 2143 1291 2182 criminosam
1319 2145 1356 2182 et
1386 2143 1566 2182 infamem
1595 2143 1718 2181 facere
1749 2142 1893 2181 sancti-

387 2212 562 2250 moniam.
623 2212 900 2261 blasphemiam
934 2213 1077 2261 ingerit
1120 2212 1298 2261 religioni
1340 2225 1452 2261 quam
1503 2213 1640 2260 coluit,
1695 2211 1758 2260 qui
1795 2212 1893 2259 quod

481 2347 525 2381 18
549 2347 567 2380 Ι
593 2346 669 2382 Cor.
697 2347 728 2388 7,
754 2346 808 2381 27.
948 2346 994 2382 24
1017 2347 1036 2381 Ι
1061 2346 1139 2381 Cor.
1168 2347 1222 2389 10,
1249 2347 1303 2381 29.

482 2461 501 2494 1
527 2460 800 2505 esculentorum]
827 2460 1023 2495 excolenter
1053 2460 1082 2496 C
1241 2460 1433 2505 flagrantia
1463 2461 1492 2496 Ο
1655 2460 1677 2494 2
1702 2460 1895 2494 suscitatur

391 2518 530 2562 saepius
555 2530 575 2553 v
745 2519 904 2552 animum
928 2518 974 2553 0¹
1145 2519 1163 2552 7
1189 2519 1220 2551 is
1247 2529 1292 2553 ex
1317 2530 1352 2553 es
1378 2518 1408 2554 C
1429 2529 1473 2553 m.
1499 2520 1522 2552 2
1692 2518 1714 2552 8
1738 2517 1891 2552 uinculis
2020 2551 2022 2559 ,

390 2575 554 2610 femineis
579 2588 600 2611 v
808 2577 851 2611 14
875 2576 1081 2611 sanctitatis
1106 2577 1142 2611 et
1166 2576 1329 2611 libidinis
1354 2587 1376 2611 v
1574 2575 1618 2609 16
1644 2575 1779 2610 inuidit
1804 2575 1833 2610 C
1841 2574 1848 2592 ¹
2019 2580 2022 2621 ξ

391 2633 434 2667 17
467 2634 633 2668 neutrum
670 2634 700 2669 O
720 2645 747 2669 s.
774 2634 795 2669 Ζ.
821 2645 865 2669 m.
890 2636 914 2669 2
1188 2633 1278 2669 facit
1309 2644 1330 2669 v
1612 2633 1653 2666 ut
1691 2643 1736 2667 ex
1773 2633 1894 2666 utrum
2020 2625 2021 2647 ³

391 2689 420 2724 C
442 2700 487 2724 m.
513 2692 536 2725 2
675 2691 737 2735 (1111
762 2702 807 2726 ex
832 2702 937 2736 quam
963 2691 992 2726 C
1014 2702 1057 2726 m.
1084 2693 1111 2727 2
1256 2691 1302 2726 2Ο
1327 2690 1402 2734 sed]
1429 2689 1489 2725 sed
1515 2700 1622 2734 quero
1649 2690 1678 2725 C
1700 2689 1763 2724 sed
1787 2700 1893 2734 quero

392 2758 474 2793 exp.
500 2758 544 2781 m.
570 2749 596 2781 2
802 2749 847 2783 22
872 2748 964 2794 (111οᾰ
990 2749 1028 2792 0,
1054 2749 1116 2794 qui
1140 2749 1232 2784 illud
1255 2761 1276 2784 v
1485 2747 1530 2782 23
1555 2747 1710 2792 apostoli
1735 2758 1801 2782 om.
1827 2758 1848 2782 υ

391 2804 436 2839 25
461 2815 525 2849 ego
556 2804 593 2846 Ο,
620 2815 704 2850 ergo
729 2817 750 2841 v
991 2807 1036 2841 28
1061 2806 1322 2852 blasphemium
1354 2806 1383 2841 O
1622 2805 1730 2840 coluit
1754 2804 1895 2848 scripsi,

391 2863 544 2898 contulit
570 2863 608 2905 O,
634 2862 721 2898 colit
746 2864 934 2900 Pamelius

2013 2743 2021 3050 ..q--N.-...V,-.⁴„
2018 2719 2020 2722 .
2019 2651 2021 2661 -
