2032 3248
824 263 951 296 Liber
985 263 1010 296 1.
1608 263 1655 303 13

173 382 316 422 habere
363 381 608 429 debuerunt,
654 381 686 421 si
719 379 918 420 malorum
964 391 1083 420 causa
1121 391 1191 419 nos
1223 390 1380 427 sumuS‚
1423 376 1654 418 nationibus

173 450 281 491 0111111
327 462 466 490 sumus
511 450 551 489 in
597 449 773 498 cunctis,
822 451 892 488 aut
943 460 1035 488 cum
1075 448 1203 488 mixta
1242 447 1413 488 uideatis
1454 461 1545 489 cuni
1591 447 1652 488 in-

172 518 391 559 commodis
424 518 550 570 1110111,
584 516 753 557 desinite
786 516 900 556 nobis
932 516 1155 556 adscribere
1187 515 1227 555 id
1259 516 1363 567 quod
1394 516 1560 557 offendit
1592 529 1654 557 res

173 589 345 634 uestras,
388 599 476 626 cum
511 585 611 626 nihil
643 586 759 626 laetis
789 584 1012 625 officiamus
1049 586 1089 625 et
1119 585 1329 637 prosperis.
1378 585 1412 626 si
1444 586 1549 626 enim
1582 598 1653 639 ego

143 657 216 696 sut
248 656 352 696 male
390 654 442 694 sit
482 654 603 703 facio,
651 666 720 694 0111·
758 654 803 693 ut
834 653 934 693 bene
977 652 1031 693 sit
1070 664 1145 693 non
1176 653 1319 694 obsto?
1361 653 1394 693 si
1435 654 1480 693 ut
1518 654 1655 706 inopia

171 736 315 776 magna
353 723 406 763 sit
445 736 579 763 meum
618 734 761 763 nomen
793 723 831 762 in
862 734 980 762 causa
1019 722 1099 771 est,
1142 734 1211 762 cur
1250 721 1353 762 nihil
1393 721 1568 775 impedio
1608 725 1654 764 ut

170 793 225 834 sit
264 792 451 833 feracitas
490 791 693 832 maxima?
739 790 772 830 si
810 792 856 831 ut
895 790 935 830 in
973 790 1090 830 bellis
1132 790 1353 843 accipiatur
1391 792 1540 831 uulnus
1581 804 1652 845 ego

170 861 279 902 dicor
309 860 460 901 adferre
493 859 718 906 fortunam,
751 871 832 908 cur,
866 858 1019 899 duelles
1051 871 1143 899 cum
1175 860 1352 910 pereant,
1386 859 1548 900 lacuum
1580 874 1652 901 au·-

170 929 332 983 gurium
366 941 441 969 non
472 941 561 969 sum
594 940 664 968 nec
694 927 735 968 in
767 927 957 969 aduersas
997 939 1058 967 res
1105 928 1225 968 bonas
1269 928 1365 968 mali
1406 928 1551 969 ominis
1582 930 1652 971 ob-

125 1016 154 1040 10
170 998 361 1039 scenitate
392 997 586 1039 traduco?
618 997 657 1037 et
688 998 826 1037 tamen
857 1008 877 1036 o
912 997 1047 1050 magni
1079 996 1251 1038 cultores
1289 999 1409 1049 atque
1446 997 1651 1038 antistites
1673 1003 1716 1042 17

168 1066 400 1114 numinum,
443 1078 513 1106 cur
559 1065 678 1106 irasci
722 1065 880 1118 populis
921 1065 1163 1106 Christianis
1209 1065 1518 1118 augustissimos
1559 1066 1652 1108 illos

167 1135 413 1176 adseueratis
435 1136 554 1175 deos?
586 1135 656 1183 ita,
684 1146 762 1175 non
784 1134 1000 1175 aduertitis
1031 1147 1108 1175 non
1133 1134 1292 1183 uidetis,
1327 1133 1508 1176 adfectus
1530 1149 1651 1188 quam

167 1206 318 1257 turpes,
349 1216 470 1256 quam
492 1203 696 1244 indecoras
718 1202 954 1243 numinibus
976 1202 1209 1243 attribuatis
1239 1203 1443 1244 insanias?
1474 1205 1571 1256 quid
1592 1206 1652 1245 est

167 1273 272 1313 enim
299 1272 408 1312 aliud
440 1272 569 1321 irasci,
602 1285 722 1324 quam
753 1271 940 1320 insanire,
974 1284 1093 1323 quam
1126 1270 1266 1320 furere,
1295 1270 1299 1324 1
1326 1284 1446 1323 quam
1478 1273 1520 1312 in
1552 1273 1650 1314 ulti·
1664 1282 1718 1314 Η

123 1340 254 1381 isonis
284 1340 495 1381 libidinem
528 1340 620 1380 ferri
654 1341 692 1380 et
714 1340 754 1380 in
776 1340 944 1380 alterius
975 1339 1122 1380 doloris
1154 1340 1338 1380 crucibus
1370 1340 1525 1382 efferati
1556 1354 1648 1393 pec-

165 1409 262 1449 toris
277 1409 516 1450 alienatione
528 1408 739 1450 baccbari‘?
762 1408 834 1448 1100
851 1420 943 1461 ergo
965 1407 1023 1448 dii
1045 1407 1181 1461 magni
1205 1410 1350 1449 norunt
1369 1410 1649 1462 perpetiuntur

165 1480 203 1518 et
235 1478 429 1527 sentiunt,
462 1477 566 1530 quod
589 1477 707 1526 ferae,
741 1476 846 1529 quod
869 1477 1023 1527 beluae,
1057 1477 1162 1529 quod
1184 1477 1415 1518 mortiferae
1437 1479 1648 1519 continent

164 1547 357 1587 uenenato
389 1546 429 1586 in
460 1546 580 1587 dente
624 1542 807 1586 natrices.
860 1545 965 1598 quod
1009 1545 1193 1586 leuitatis
1238 1546 1280 1586 in
1321 1546 1493 1597 homine,
1544 1548 1648 1600 quod

165 1616 319 1656 terreno
351 1615 390 1655 in
423 1615 630 1656 animante
662 1614 864 1666 culpabile
895 1615 976 1663 est,
1016 1615 1226 1666 praestans
1258 1614 1330 1655 illa
1360 1616 1504 1656 natura
1534 1618 1574 1656 et
1606 1617 1646 1656 in

118 1684 375 1735 20pe1·11›etuae
407 1683 574 1724 uirtutis
606 1682 800 1724 firmitate
828 1683 1048 1725 consistens
1071 1684 1172 1725 scire
1194 1684 1453 1725 adseueratur
1483 1698 1505 1725 a
1534 1685 1648 1726 uobis

163 1754 203 1792 et
233 1751 329 1804 quid
369 1763 460 1804 ergo
502 1751 684 1803 sequitur
716 1753 960 1801 necessario,
993 1752 1071 1792 nisi
1102 1753 1148 1793 ut
1178 1764 1223 1792 ex
1255 1764 1392 1793 eorum
1424 1753 1648 1795 luminibus

164 1820 366 1861 scintillae
397 1819 572 1860 emicent
602 1819 832 1870 flammeae,
873 1821 1029 1861 aestuet
1061 1820 1250 1861 anhelum
1282 1821 1441 1873 pectus,
1483 1834 1648 1873 spumae

163 1888 364 1929 iactentur
404 1901 448 1929 ex
488 1900 552 1929 ore
599 1890 639 1929 et
678 1901 723 1928 ex
769 1889 904 1929 uerbis
954 1888 1189 1930 ardentibus
1237 1889 1443 1930 labrorum
1488 1890 1647 1931 siccitas

169 1957 408 1998 nalbescat?
443 1957 549 2009 quod
581 1957 614 1998 si
646 1970 785 1998 uerum
816 1958 877 1998 est
898 1958 1007 1998 istud
1030 1959 1070 1998 et
1092 1959 1152 1998 est
1174 1958 1425 2010 exploratum
1447 1958 1486 1998 et
1507 1959 1646 2010 cogni·
1666 1961 1712 2000 18

116 2041 145 2064 ‘25
162 2026 262 2072 tum,
295 2026 558 2066 ecferuescere
587 2026 679 2066 deos
702 2026 761 2066 ira
783 2027 821 2066 et
844 2025 1073 2066 huiusmodi
1095 2027 1220 2075 motu,
1243 2026 1542 2078 perturbatione
1563 2026 1646 2067 iac-

161 2094 251 2142 tari,
283 2094 534 2135 immortales
566 2095 605 2135 et
626 2095 809 2147 perpetui
841 2107 916 2135 non
948 2097 1044 2136 sunt
1074 2097 1205 2136 necin
1227 2094 1454 2137 diuinitatis
1476 2095 1646 2136 alicuius

206 2253 223 2285 7
251 2269 293 2285 Η
320 2252 469 2285 »mxima
497 2253 529 2286 P
679 2253 728 2285 sic
756 2253 788 2286 P
812 2264 893 2286 corr
1040 2255 1061 2284 8
1087 2256 1233 2296 percunt
1259 2253 1329 2287 Sub
1481 2255 1501 2287 9
1526 2254 1561 2287 in
1587 2254 1645 2288 ad-

161 2320 275 2342 uersas
306 2310 503 2342 Ilei-aldus.-
546 2310 580 2343 in
607 2309 750 2342 aduersa
779 2311 811 2343 P
851 2309 1017 2343 aduersus
1045 2310 1115 2343 Sao
1158 2310 1193 2343 111
1225 2311 1410 2343 aduersum
1438 2322 1455 2343 r
1592 2322 1645 2344 res

168 2366 251 2399 Urs.-
278 2378 352 2410 spes
379 2367 413 2399 P
550 2366 676 2399 ominis
711 2366 798 2408 Sub,
827 2378 862 2400 r.-
903 2367 1055 2400 hominis
1094 2368 1123 2400 P
1261 2369 1303 2400 10
1334 2367 1478 2401 traduco
1512 2368 1643 2401 Herul-

160 2423 246 2456 (lus.-
280 2423 441 2457 traducor
476 2424 510 2457 P
681 2425 720 2457 11
754 2425 937 2458 numinum
972 2425 1061 2467 Sao,
1100 2436 1134 2458 r:
1175 2425 1354 2458 nominum
1388 2425 1423 2458 P
1570 2425 1643 2468 cur]

161 2471 260 2514 ‘sieut
280 2481 335 2514 11οΖ
352 2483 439 2514 011111’
463 2481 532 2514 I'rs
550 2482 590 2514 ut
604 2481 779 2514 Canterus
797 2492 855 2515 cur
874 2484 913 2515 ut
934 2482 1032 2515 Salm
1127 2483 1168 2515 12
1186 2482 1276 2523 deos,
1297 2482 1346 2514 ita
1365 2493 1431 2514 non
1449 2483 1554 2527 uulgo

160 2537 201 2569 15
226 2537 381 2571 crucibus
408 2537 577 2571 Zinkius:
603 2538 711 2571 crucis
739 2538 773 2571 P
797 2548 930 2571 crucem
957 2539 1029 2572 Sal)
1055 2549 1171 2572 cruces
1200 2539 1352 2572 Orellizm
1497 2540 1644 2582 dolores,

159 2603 270 2626 cruces
303 2593 480 2627 Vahlenns
631 2594 674 2627 ‘20
699 2595 827 2627 sentiro
861 2595 928 2628 Urs
1074 2596 1117 2628 22
1143 2596 1337 2628 3011111111ηο
1364 2596 1397 2628 P
1546 2597 1643 2631 flam-

159 2660 250 2682 meae
278 2651 391 2684 Nalm:
429 2651 588 2684 ssanunae
612 2651 641 2684 P
777 2653 910 2684 aestuet
937 2651 1054 2685 Salm:
1087 2654 1247 2685 aestuent
1266 2653 1300 2685 P
1437 2664 1578 2697 spumae
1603 2666 1641 2687 r:

158 2710 266 2750 spuni'
294 2709 326 2741 P
351 2708 513 2751 spiritum
541 2709 613 2741 Sub
640 2720 778 2752 spumas
803 2709 871 2742 Urs
897 2720 1018 2752 spuma
1045 2709 1142 2742 Salm
1280 2710 1322 2742 23
1348 2700 1496 2744 iactetur
1522 2721 1561 2744 r:
1594 2711 1642 2744 ia-

158 2763 266 2797 cictur
299 2765 333 2797 P
372 2765 477 2798 iaciat
511 2765 582 2798 Sal)
626 2765 770 2798 iaciatur
803 2766 900 2799 Salen
1065 2767 1114 2808 cx]
1151 2768 1185 2799 et
1219 2767 1253 2799 P
1284 2777 1364 2800 corr
1523 2767 1566 2800 25
1591 2778 1642 2801 00-

158 2820 339 2854 serucscerc
378 2832 411 2854 r:
459 2824 491 2855 et
534 2823 716 2855 feruescerc
752 2823 782 2855 P
825 2822 1042 2856 cfl'cruesccre
1079 2823 1368 2856 Elmenlmrstius
1527 2826 1642 2857 motus

162 2875 231 2909 Sub
270 2879 379 2910 motos
407 2879 587 2912 Mem-sius
726 2879 847 2911 iactari
876 2879 964 2912 Sao:
993 2879 1118 2913 iactare
1145 2880 1179 2912 P
