2032 3248
320 226 404 270 336

321 339 436 375 adhuc
467 339 571 384 parui
595 339 777 374 nutricum
810 339 875 374 sub
907 339 1075 374 alimonia

368 397 558 431 constituti
583 396 661 439 275,
680 396 725 431 20

321 453 493 499 passibile
511 453 589 496 241,
609 454 652 488 16

319 511 545 557 passibilitas
574 511 626 554 70,
645 511 665 545 7

321 569 484 613 passinus
502 584 545 599 =
567 568 752 614 expositus
771 568 939 613 passioni
963 568 1020 611 70,
1039 569 1073 605 5.

369 627 425 671 74,
441 627 463 662 8

321 683 550 719 imminentia
563 686 598 719 et
611 683 768 719 nondum
781 693 887 728 passa
901 684 958 728 (=
970 694 1075 728 aper-

367 743 420 787 ta)
448 742 503 785 50,
521 743 542 776 3

321 798 407 834 deus
431 801 533 845 pater
559 800 613 842 19,
631 799 675 834 17
706 800 810 844 pater
833 798 939 833 huius
964 798 1075 833 lumi-

368 857 425 891 nis
440 859 476 891 et
490 857 667 892 claritatis
681 857 758 899 211,
768 858 812 892 21
837 857 941 902 pater
954 866 1075 891 rerum

368 925 408 950 ac
438 915 604 950 dominus
640 914 717 956 112,
737 915 782 950 23
822 925 938 949 rerum
971 924 1075 949 cunc-

367 974 488 1007 tarum
505 974 616 1017 pater,
641 972 842 1007 moderator
861 973 897 1006 et
910 971 1075 1006 dominus

368 1030 445 1073 108,
459 1030 505 1064 29
530 1030 650 1075 patres
664 1040 837 1064 nouarum
850 1030 1074 1074 potestatum

368 1087 446 1130 149,
466 1087 508 1121 11
549 1098 723 1122 nouarum
751 1087 968 1132 religionum
994 1086 1073 1131 149,

369 1146 412 1181 11
436 1146 694 1180 sententiarum
718 1145 773 1188 54,
791 1146 835 1181 19

322 1203 476 1248 patricia
499 1203 645 1238 claritas
671 1203 724 1245 71,
742 1203 786 1238 27

322 1261 460 1306 patrita
484 1260 583 1296 sedes
608 1260 662 1303 97,
677 1260 723 1295 24

321 1317 528 1363 paupertini
561 1317 675 1353 cordis
704 1317 961 1363 excogitatione
995 1317 1075 1361 216,

369 1376 414 1411 13

322 1443 469 1478 pausam
502 1433 640 1468 nullam
664 1433 708 1468 ab
733 1432 884 1468 alicuius
908 1432 1074 1468 maledic-

367 1491 416 1525 tis
441 1490 556 1526 facere
582 1490 661 1535 181,
679 1491 727 1525 27

322 1549 494 1592 pausatae
521 1549 578 1592 (=
603 1548 812 1593 sepulturae
837 1547 955 1591 datae)
984 1547 1077 1582 circa

370 1605 508 1640 arboris
532 1605 642 1640 robur
669 1605 747 1648 180,
764 1605 787 1640 8

323 1673 436 1708 pauus
460 1663 540 1706 242,
558 1663 604 1697 30

323 1730 425 1755 aures
458 1721 618 1755 eneruati
648 1720 802 1765 pectoris
840 1719 1075 1756 dissolutione

369 1778 529 1812 mollitae
555 1778 631 1821 168,
646 1778 670 1813 4
697 1777 895 1813 inconsulti
918 1778 1073 1822 pectoris

369 1835 567 1870 feruoribus
594 1836 671 1879 162,
688 1836 732 1870 21
757 1836 834 1870 tam
858 1835 978 1881 optusi
996 1846 1073 1880 pec-

368 1894 468 1936 toris,
500 1894 575 1928 tam
606 1893 705 1928 bruti
733 1893 812 1935 124,
829 1892 874 1927 26
912 1893 1076 1928 homines

369 1951 522 1996 pectoris
547 1951 624 1986 uiui
650 1950 727 1993 115,
746 1951 790 1986 29
827 1961 867 1985 ex
890 1952 1074 1996 pectorum

371 2009 533 2044 sensibus
557 2009 637 2052 270,
655 2008 701 2043 22

324 2067 490 2112 pecuaria
516 2066 570 2111 15,
586 2066 608 2101 3

325 2123 478 2169 pellacia
514 2123 666 2158 Iouialis
704 2123 819 2166 193,1
861 2133 924 2168 per
956 2132 1076 2158 omnes

370 2181 562 2216 libidinum
600 2181 735 2216 formas
766 2181 985 2215 incestarum
1017 2190 1077 2215 cu-

370 2238 566 2284 piditatum
606 2239 844 2283 circumagere
892 2237 1079 2283 pellaciam

370 2296 449 2338 165,
467 2296 490 2331 2
525 2306 586 2331 ora
609 2296 802 2332 immutare
826 2295 977 2341 pellacia
1001 2294 1079 2338 170,

371 2353 416 2388 19

324 2411 442 2457 pellax
466 2410 590 2446 fraude
613 2410 748 2456 perfida
771 2410 849 2454 212,
869 2411 914 2445 14

326 2469 476 2513 pendere
499 2468 628 2513 pretiis
653 2467 849 2503 carioribus
873 2468 953 2512 216,
972 2468 1016 2503 21

326 2527 481 2571 pendere
506 2526 738 2571 turgidorum
754 2536 940 2571 corporum
957 2525 1078 2560 inani-

373 2585 447 2618 tate
485 2583 561 2627 121,
586 2583 608 2618 9
655 2584 810 2628 pendens
847 2584 883 2617 et
919 2582 1078 2619 nondum

373 2641 553 2675 sententia
576 2640 770 2676 terminata
793 2640 871 2683 176,
889 2641 933 2675 12

327 2698 537 2743 pendigines
563 2698 744 2733 simulacri
767 2698 918 2733 introire
943 2698 1078 2733 medias

374 2756 452 2798 227,
470 2754 515 2790 30

327 2812 614 2858 peniculamenta
638 2813 901 2848 cantheriorum
925 2812 1004 2857 184,
1023 2813 1043 2847 7

328 2881 390 2915 per
404 2869 675 2906 admirationem
690 2872 830 2916 stupere
845 2870 900 2914 34,
915 2870 960 2906 25
984 2871 1074 2905 scire

1050 225 1186 261 Index

1186 350 1248 384 per
1278 350 1342 374 nos
1375 341 1430 382 52,
1451 340 1494 375 10
1532 351 1699 386 umquam
1724 353 1785 387 per
1815 354 1891 379 sae—

1188 396 1267 431 cula
1291 397 1346 440 28,
1360 397 1406 432 28
1447 397 1639 434 dilacerare
1666 410 1727 446 per
1754 400 1892 440 uiscera

1185 453 1242 495 46,
1262 454 1306 489 16

1140 512 1378 556 percelebrare
1396 513 1456 553 (=
1473 513 1660 559 factitare)
1677 514 1773 549 mala
1797 515 1852 559 83,
1870 516 1890 550 1

1138 579 1350 614 percensere,
1375 568 1528 605 ediscere
1553 570 1629 615 168,
1649 572 1691 606 16

1139 626 1179 661 in
1211 626 1292 661 aliis
1323 627 1387 661 alii
1411 628 1695 674 perceptionibus
1719 639 1892 674 gnarures

1187 684 1264 728 126,
1278 685 1323 719 23

1139 741 1253 776 iratus
1270 743 1306 777 et
1322 742 1478 787 percitus
1505 743 1581 787 195,
1598 743 1619 778 6
1644 743 1730 778 irati
1755 746 1790 779 et
1815 755 1893 789 per-

1186 799 1251 834 citi
1275 799 1354 842 241,
1372 801 1416 836 28
1440 800 1569 844 furens,
1595 801 1710 836 iratus
1727 802 1763 836 et
1779 801 1892 846 perci-

1185 858 1245 891 tus
1270 857 1325 901 28,
1340 858 1362 892 9

1141 925 1209 960 quo
1233 915 1405 960 putrefiat
1429 915 1572 950 facilius
1599 918 1635 951 et
1657 918 1893 961 percoquatur

1187 972 1286 1008 cibus
1324 973 1403 1018 263,
1435 973 1477 1008 11
1518 975 1680 1018 percocta
1715 974 1818 1018 plane
1852 985 1891 1009 ac

1186 1030 1328 1065 madida
1355 1030 1432 1072 103,
1446 1030 1466 1064 7

1140 1087 1272 1133 perisse
1296 1088 1355 1132 (=
1366 1098 1515 1132 pessum
1531 1087 1660 1124 datum
1676 1090 1762 1132 esse)
1781 1090 1891 1123 terra-

1186 1155 1267 1179 rum
1291 1144 1413 1180 orbem
1437 1145 1470 1188 3,
1489 1146 1511 1181 5

1141 1202 1379 1246 perexsiccata
1411 1202 1455 1247 (P)
1489 1202 1583 1237 sucis
1614 1202 1790 1237 uitalibus
1816 1213 1895 1248 pro-

1186 1259 1302 1294 luuies
1326 1260 1403 1302 257,
1423 1260 1466 1295 19

1148 1317 1305 1361 perlatus
1329 1317 1368 1351 in
1386 1318 1503 1352 uisum
1521 1317 1760 1362 notitiamque
1777 1317 1854 1362 115,
1873 1319 1892 1353 1

1142 1374 1294 1419 perfidia
1320 1375 1433 1409 acoris
1460 1375 1514 1418 15,
1532 1376 1554 1410 9

1142 1431 1309 1477 perfluere
1324 1432 1371 1477 (P)
1388 1433 1608 1477 pluuialibus
1624 1432 1759 1467 nimbis
1776 1433 1854 1475 216,
1872 1433 1895 1468 6

1142 1488 1308 1524 flexuosis
1334 1500 1434 1525 aures
1458 1489 1667 1526 tramitibus
1692 1490 1893 1535 perforatae

1189 1546 1265 1589 124,
1284 1547 1328 1581 13
1669 1585 1674 1588 ,

1142 1604 1305 1649 perfusus
1325 1604 1517 1639 fluidarum
1540 1605 1696 1640 uestium
1721 1605 1896 1650 superiec-

1188 1662 1286 1697 tione
1312 1663 1389 1705 121,
1407 1662 1451 1696 27

1143 1719 1376 1764 perhonestus
1402 1719 1460 1762 86,
1479 1719 1520 1753 17

1143 1777 1345 1822 periculum
1377 1792 1420 1808 =
1449 1776 1621 1811 interitus
1646 1777 1678 1818 6,
1695 1776 1751 1812 28.
1776 1776 1831 1819 57,
1849 1777 1894 1812 22

1189 1834 1316 1870 habere
1333 1834 1377 1869 ad
1401 1833 1601 1879 periculum
1626 1834 1723 1868 uiam
1747 1844 1895 1878 pronam

1189 1892 1267 1934 239,
1286 1892 1329 1927 18
1353 1892 1550 1937 periculum
1565 1891 1801 1935 corruptionis
1817 1891 1894 1933 106,

1189 1950 1233 1984 20
1279 1949 1324 1984 ad
1361 1949 1556 1994 periculum
1586 1948 1805 1983 interitionis
1837 1948 1894 1982 in-

1189 2007 1312 2042 ducere
1336 2006 1414 2048 241,
1434 2007 1476 2041 15
1511 2005 1779 2040 interitionibus
1802 2005 1894 2050 peri-

1189 2064 1347 2109 culisque
1372 2063 1484 2098 uicini
1509 2063 1564 2105 19,
1582 2063 1625 2098 15
1661 2073 1715 2097 res
1740 2064 1785 2097 ad
1809 2063 1896 2098 ulti-

1188 2132 1266 2156 mae
1290 2120 1383 2156 labis
1407 2120 1601 2165 periculum
1626 2121 1725 2155 uenit
1754 2121 1832 2164 284,
1852 2121 1896 2156 10

1189 2179 1386 2215 animarum
1410 2177 1566 2222 pericula
1588 2177 1644 2220 44,
1664 2178 1683 2212 1

1143 2236 1389 2283 permissionis
1429 2246 1513 2270 suae
1559 2245 1688 2279 poenas
1729 2235 1773 2269 ab
1814 2235 1894 2270 aliis

1190 2295 1329 2339 exigere
1353 2293 1432 2334 274,
1452 2291 1498 2326 22

1145 2353 1183 2387 in
1207 2352 1324 2387 uarias
1349 2350 1446 2386 labes
1469 2349 1713 2394 perniciesque
1732 2349 1786 2393 95,
1806 2350 1849 2385 14

1144 2410 1283 2456 perpeti
1309 2408 1458 2453 indigne
1481 2407 1560 2448 214,
1579 2407 1620 2441 17

1144 2466 1364 2513 perpetuitas
1380 2464 1564 2499 inmobilis
1577 2465 1682 2508 atque
1694 2463 1764 2497 fixa
1777 2463 1894 2508 obsig-

1190 2524 1268 2559 nati
1281 2523 1410 2558 ominis
1425 2522 1503 2565 220,
1512 2522 1534 2555 2
1558 2521 1810 2566 perpetuitatis
1824 2520 1895 2565 spi-

1190 2582 1302 2617 ritum
1328 2580 1520 2624 subrogare
1545 2579 1600 2622 98,
1619 2579 1641 2613 6

1143 2638 1319 2684 pei-rectio
1345 2638 1513 2673 intestini
1538 2635 1678 2679 257,19

1144 2697 1305 2743 persequi
1318 2697 1470 2731 telorum
1480 2692 1714 2730 effusionibus
1727 2693 1764 2726 et
1779 2691 1893 2726 ruinis

1188 2755 1245 2798 46,
1263 2755 1284 2789 9

1144 2811 1382 2857 personaliter
1408 2810 1485 2851 139,
1504 2809 1546 2843 19
1585 2806 1818 2853 personaliter
1841 2804 1893 2838 ire

1190 2880 1252 2915 per
1275 2867 1439 2913 singulos
1465 2866 1541 2910 113,
1559 2866 1581 2901 5
