2032 3248
304 338 355 375 17

380 236 456 277 192
1001 230 1247 274 Appendix.

434 339 528 376 Sunt
551 337 725 385 equidem
745 338 993 376 necessitates
1015 337 1124 384 aliae,
1147 349 1243 385 quae
1264 349 1332 376 nos
1349 337 1528 386 priuatim
1549 350 1695 386 quoque
1716 338 1876 376 feminas

373 407 500 445 uidere
524 407 758 454 conpellant,
797 408 863 445 sed
884 407 998 446 etiam
1018 406 1122 455 ipsae
1145 406 1265 445 diuini
1295 406 1488 455 praecepti
1527 407 1588 444 uel
1610 407 1734 455 operis
1755 407 1878 454 impe-

372 477 458 514 rant
480 476 706 523 efficaciam,
729 477 773 514 ut
793 475 1015 523 uisitemus,
1047 478 1090 514 ut
1111 476 1253 515 solacia
1276 477 1542 524 praebeamus,
1565 478 1607 514 ut
1637 477 1878 514 hortamenta

371 544 509 584 uitalia
530 545 737 584 salubriter
767 545 1009 584 intimemus:
1041 557 1109 584 nec
1130 547 1256 583 tamen
1278 547 1316 583 et
1336 545 1377 582 in
1397 545 1456 582 his
1480 545 1614 583 officiis
1635 545 1756 584 minor
1788 557 1877 583 cura

372 615 535 663 gerenda
570 616 628 652 est
648 625 715 662 pro
751 614 918 653 moribus
938 614 1101 661 nostris,
1133 616 1175 652 ut
1212 614 1423 652 clarescant
1445 615 1485 651 in
1506 616 1638 652 nostra
1659 614 1875 661 operatione
1890 628 1903 651 5

368 682 510 722 indicia
529 682 721 731 puritatis.
755 683 939 722 seueritas
955 695 1029 722 non
1050 684 1150 722 desit
1182 695 1278 731 quae
1300 684 1370 721 sub
1392 683 1526 721 clerico
1558 683 1737 721 feminam
1752 682 1876 730 possit

369 752 606 800 adstringere
619 782 627 798 ,
660 754 701 790 ut
732 752 855 799 ipsam
878 752 1172 791 consolationem
1192 754 1361 790 nostram
1384 752 1570 800 suscipiat
1601 764 1685 790 cuni
1714 754 1875 790 tremore

370 822 408 860 et
429 821 484 859 ita
506 820 650 859 sentiat
670 821 903 859 uisitationis
934 821 1109 859 affectum
1122 851 1130 867 ,
1163 823 1205 859 ut
1226 821 1403 859 clericum
1426 822 1639 860 ueneretur.
1663 834 1707 860 ac
1727 833 1774 860 ne
1795 823 1875 860 tar-

370 890 454 928 dius
476 890 527 928 sit
548 890 703 937 euagari
725 901 791 937 per
811 889 983 938 singula,
1025 892 1147 928 totum
1169 890 1347 938 quicquid
1385 891 1534 939 agimus
1554 891 1757 929 honestum
1792 901 1874 929 esse

369 961 516 1008 potest,
558 959 591 998 si
614 970 762 1007 semper
796 960 836 997 in
866 954 981 998 vnobis
1003 959 1113 1007 signa
1135 960 1346 998 honestatis
1368 960 1567 1007 eluceant,
1608 960 1708 999 sicut
1729 960 1874 998 Paulus
1890 971 1921 995 10

371 1029 563 1077 apostolus
586 1029 764 1066 uniuersa
785 1028 1002 1076 complexus
1024 1030 1081 1067 est
1111 1029 1239 1068 dicens
1256 1043 1265 1067 z
1298 1041 1317 1068 o
1328 1042 1364 1067 m
1374 1029 1454 1068 nia
1474 1042 1499 1067 u
1511 1040 1530 1067 e
1541 1042 1558 1067 s
1571 1031 1615 1067 tr
1624 1041 1646 1067 a
1675 1029 1701 1066 h
1712 1041 1731 1067 ο
1741 1041 1766 1067 11
1776 1041 1794 1068 6
1805 1032 1847 1067 st
1858 1041 1876 1067 6

367 1097 517 1136 fiant.
549 1100 587 1136 et
608 1098 757 1144 iterum,
781 1098 911 1136 sicut
932 1110 1048 1146 prae
1062 1099 1298 1146 cepimus,
1331 1099 1469 1147 inquit,
1491 1099 1647 1146 uobis,
1670 1099 1876 1137 honeste

369 1166 652 1205 ambuletis.
685 1178 760 1205 non
782 1167 877 1205 bene
900 1167 1068 1206 succedit
1088 1167 1269 1216 quicquid
1291 1167 1417 1215 agitur
1437 1168 1600 1216 passim,
1642 1170 1680 1206 et
1702 1169 1874 1206 sanctum

368 1247 442 1274 non
464 1237 522 1274 est
543 1237 641 1284 quod
657 1236 804 1284 geritur
825 1238 1009 1283 sanctum,
1032 1237 1108 1275 nisi
1126 1239 1255 1275 sancte
1276 1238 1564 1285 quodxsanctum
1582 1239 1641 1275 est
1656 1239 1875 1286 peragatur,

367 1305 465 1343 sicut
502 1305 676 1344 Salomon
716 1305 858 1343 adserit
899 1304 1049 1344 dicens:
1102 1306 1183 1354 qui
1222 1306 1343 1345 enim
1375 1307 1568 1345 custodi
1582 1307 1710 1345 erint
1739 1307 1875 1344 iuste
1892 1319 1920 1343 15

367 1375 380 1412 i
393 1387 414 1413 u
425 1376 502 1414 sta
531 1375 578 1412 iu
587 1387 604 1413 s
615 1375 653 1413 ti
664 1375 682 1413 f
688 1375 701 1413 i
710 1387 730 1413 c
740 1388 762 1414 a
774 1376 796 1413 b
806 1388 830 1414 u
839 1388 865 1413 n
874 1378 891 1414 t
900 1389 925 1414 u
934 1388 965 1414 r.
1000 1376 1198 1415 sinceriter
1229 1388 1317 1425 ergo
1354 1376 1553 1415 sinceritas
1586 1377 1669 1424 ipsa
1690 1377 1875 1415 seruanda

368 1445 427 1482 est
448 1446 485 1482 et
507 1455 614 1482 omne
637 1444 736 1491 quod
761 1445 842 1483 uoti
876 1447 935 1483 est
971 1445 1086 1483 etiam
1120 1445 1161 1483 in
1181 1447 1270 1484 actu
1307 1446 1555 1493 signandum,
1588 1456 1637 1484 ne
1658 1446 1763 1483 aliud
1784 1446 1873 1483 uota

369 1514 632 1551 commendent
653 1515 691 1551 et
726 1513 831 1551 aliud
851 1516 960 1552 actus
980 1514 1188 1552 insinuent.
1221 1514 1386 1562 undique
1408 1515 1602 1562 probanda
1624 1516 1661 1554 et
1681 1514 1873 1553 institutio

370 1581 579 1620 uoluntatis
601 1583 639 1620 et
656 1582 822 1630 undique
845 1584 1160 1621 consummandus
1190 1585 1249 1621 est
1280 1595 1412 1622 cursus
1433 1583 1727 1631 uniuscuiusque
1750 1585 1872 1622 certa-

367 1650 494 1698 minis,
517 1662 563 1688 ne
580 1651 704 1689 minus
726 1651 776 1689 sit
797 1651 943 1699 aliquid
963 1653 1010 1690 ad
1031 1652 1277 1700 triumphum,
1315 1653 1348 1690 si
1377 1665 1452 1691 non
1482 1652 1632 1701 plenius
1661 1653 1871 1691 dimicetur.
1890 1665 1923 1691 20

368 1720 458 1758 hinc
478 1720 623 1758 Paulus
644 1721 839 1768 apostolus
860 1720 1067 1759 introducit
1089 1722 1314 1760 documenta
1334 1723 1602 1760 certaminum:
1627 1723 1707 1760 sed
1728 1723 1774 1760 et
1796 1722 1879 1769 qui

371 1789 419 1827 in
449 1800 620 1837 agone,
643 1788 782 1837 inquit,
806 1791 992 1837 certat,
1024 1802 1118 1828 non
1145 1791 1494 1838 coronabitur,
1526 1790 1628 1829 nisi
1649 1790 1877 1839 legitime

374 1858 657 1897 certauerit.
715 1860 753 1897 et
803 1859 960 1906 iterum,
1009 1859 1239 1906 nescitis,
1272 1859 1416 1908 inquit,
1465 1860 1687 1908 quoniam
1717 1859 1798 1907 qui
1829 1859 1877 1897 in

371 1927 535 1966 stadio
566 1929 770 1966 currunt
800 1938 961 1966 omnes
991 1928 1186 1977 quidem
1217 1930 1443 1976 currunt,
1482 1929 1563 1967 sed
1593 1941 1717 1966 unus
1752 1928 1876 1966 acci-

369 1996 443 2045 pit
486 1997 726 2035 brauium.
783 1996 852 2034 sic
899 1997 1104 2044 currite,
1152 1999 1200 2035 ut
1245 1997 1674 2046 conprehendatis.
1720 1998 1874 2036 omnis
1889 2012 1920 2038 25

371 2067 527 2104 autem
558 2065 638 2114 qui
669 2066 716 2104 in
748 2077 906 2114 agone
945 2068 1084 2105 conte
1098 2067 1204 2104 ndit
1248 2067 1303 2105 ab
1349 2067 1468 2105 omni
1486 2066 1572 2105 bus
1619 2067 1877 2105 continens

370 2136 464 2173 est:
511 2136 555 2173 et
585 2134 667 2173 illi
698 2134 890 2183 quidem
933 2136 985 2172 ut
1016 2135 1399 2183 corruptibilem
1431 2147 1610 2174 corona
1624 2148 1660 2174 111
1690 2136 1873 2183 accipi-

369 2205 472 2251 ant,
503 2215 585 2242 nos
616 2205 775 2242 autem
822 2204 1165 2251 incorruptam.
1212 2204 1408 2252 plenitudo
1441 2207 1499 2243 est
1537 2217 1625 2254 ergo
1658 2204 1874 2243 sanctitatis

461 2362 504 2396 11
528 2361 547 2396 I
571 2361 648 2396 Cor.
676 2362 730 2402 14,
754 2361 810 2396 40.
1001 2361 1044 2396 12
1068 2361 1087 2396 Ι
1112 2361 1233 2395 Thess.
1260 2362 1292 2403 4,
1319 2363 1373 2397 12.
1584 2362 1627 2396 15
1652 2362 1731 2406 Sap.
1758 2363 1789 2402 6,
1817 2363 1871 2396 11.

367 2419 411 2453 21
435 2419 454 2453 Ι
479 2419 570 2454 Τ1111.
595 2419 627 2460 2,
654 2419 688 2455 5.
830 2419 875 2453 23
900 2419 918 2453 Ι
944 2418 1021 2455 Cor.
1047 2420 1078 2460 9,
1105 2419 1159 2454 24.
1186 2420 1248 2469 25..
1284 2428 1286 2430 ·

461 2569 481 2603 1
506 2578 645 2613 quoque
670 2569 844 2614 priuatim
868 2581 889 2605 υ
1065 2569 1087 2603 2
1112 2568 1290 2613 conpellat
1320 2569 1363 2604 0¹
1549 2568 1664 2613 operis
1690 2568 1749 2603 uel
1772 2579 1871 2612 prae-

368 2626 463 2671 cepti
487 2638 508 2661 υ
607 2626 761 2671 imperat
791 2626 821 2662 Ο
917 2625 939 2661 5
964 2626 1117 2670 gerenda
1148 2626 1185 2668 Ο,
1212 2626 1348 2671 agenda
1371 2637 1392 2661 v
1499 2626 1520 2660 6
1546 2626 1748 2660 seueritatis
1780 2626 1824 2661 (2¹

366 2685 390 2719 8
413 2695 457 2719 116
481 2694 527 2718 eoe
550 2695 614 2718 nec
639 2683 670 2719 G
791 2685 813 2719 9
837 2694 986 2729 euagare
1016 2684 1062 2719 0¹
1186 2683 1229 2718 11
1253 2684 1406 2718 honesta
1430 2682 1460 2718 Ο
1588 2683 1631 2717 12
1655 2684 1697 2717 ut
1720 2683 1868 2717 honeste

373 2741 441 2778 G²v
549 2742 593 2776 15
617 2741 828 2776 custodierit
859 2741 904 2778 Οι
1036 2741 1078 2775 17
1105 2742 1204 2776 actus
1231 2741 1275 2776 0¹
1398 2740 1443 2774 22
1467 2740 1538 2774 nisi
1568 2740 1606 2782 Ο,
1630 2740 1701 2774 nisi
1719 2739 1780 2784 qui
1804 2750 1825 2774 v

367 2799 412 2834 26
437 2800 558 2834 autem
588 2799 625 2841 Ο,
651 2799 747 2833 6111111
771 2810 792 2835 υ
897 2800 1081 2834 continens
1106 2800 1160 2834 est
1186 2799 1224 2840 Ο,
1249 2809 1285 2833 se
1310 2797 1465 2833 abstinet
1490 2808 1511 2832 v
1620 2797 1663 2832 27
1689 2797 1751 2831 1116
1777 2796 1824 2832 0¹

368 2857 413 2892 28
437 2866 500 2891 nos
533 2856 569 2898 Ο,
594 2867 656 2891 uos
679 2868 701 2892 v
