2032 3248
380 206 465 248 402

381 307 536 342 Roboam
561 318 619 342 rex
644 309 675 341 A
699 307 776 348 258,
804 307 847 341 14

380 353 602 397 Rogatianus
627 353 792 388 diaconus
818 349 862 386 ad
879 352 1130 387 Firmilianum
1149 357 1151 385 ]

426 399 567 443 legatus
608 400 737 433 missus
778 398 856 439 810,
896 399 934 441 3,
975 399 1053 439 819,
1089 390 1151 435 2ςὲ

424 445 646 490 Rogatianus
687 445 871 489 episcopus
906 444 1150 479 contumeliis*

426 492 462 524 et
498 491 642 524 iniuriis
666 501 687 524 a
711 490 856 525 diacono
894 501 956 524 suo
992 495 1150 534 exace1·-‡

426 536 530 570 batus
555 537 634 578 469,
662 537 723 578 10,
749 536 828 577 471,
853 538 915 578 21,
941 536 1022 577 472,
1042 538 1070 571 1.
1090 537 1127 578 9,
1148 572 1149 580 ¹

424 582 644 627 Rogatianus
666 582 847 627 episcopus
880 582 957 623 650,
976 584 1017 621 8,
1051 582 1128 623 735,
1148 581 1149 592 ’

423 629 461 670 6,
489 629 565 668 766,
591 629 622 663 9.
650 629 710 668 14,
735 627 956 672 Rogatianus
982 638 1002 661 a
1026 626 1149 661 Noua*

422 674 500 715 455,
527 674 588 717 13,
612 674 834 719 Rogatianus
850 674 1034 718 presbyter
1049 673 1128 714 480,

424 721 462 759 23
486 720 564 761 485,
592 722 653 763 11,
691 719 768 761 504,
796 720 856 761 12,
883 720 961 760 587,
986 719 1025 759 2,
1051 719 1126 760 590,

423 766 455 800 3.
483 766 544 808 12,
568 765 791 810 Rogatianus
815 765 1000 810 presbyter
1017 765 1128 810 glori-

423 822 503 846 osus
529 822 631 846 senex
654 812 732 853 484,
758 812 780 846 6

377 857 538 902 Rogatus
564 857 746 902 episcopus
776 857 853 899 650,
880 856 925 891 14

377 903 488 938 Roma
512 914 575 947 pro
611 902 861 948 magnitudine
886 913 949 936 sua
988 902 1149 946 praece-¹

422 949 502 983 dere
540 949 644 983 debet
681 949 936 993 Carthaginem
962 948 1038 989 618,
1066 947 1148 989 173,

422 996 579 1029 Romana
604 995 749 1029 ecclesia
770 994 869 1029 Petri
898 993 1068 1028 cathedra
1092 994 1149 1027 et}¹

420 1041 565 1075 ecclesia
573 1040 779 1085 principalis
788 1040 879 1074 unde
888 1040 1008 1074 unitas
1017 1049 1128 1073 sacer·
1147 1066 1148 1071 ,

421 1086 551 1121 (1003113
577 1089 697 1121 exorta
722 1087 776 1120 est
801 1086 883 1130 683,
911 1086 955 1121 10
971 1096 1021 1130 sq.
1049 1085 1126 1127 630,

422 1134 458 1174 13
485 1132 566 1166 inde
593 1133 692 1177 origo
709 1132 860 1166 unitatis
878 1132 955 1173 683,
975 1132 1016 1166 11
1035 1131 1126 1176 (uid.
1146 1145 1148 1169 t

419 1178 547 1213 Petrus
586 1183 619 1213 et
651 1178 829 1223 ecclesia);
868 1178 1047 1212 Romanae
1073 1188 1127 1212 80-

421 1224 548 1259 0183138
585 1223 670 1258 fides
708 1224 752 1258 ab
793 1224 963 1268 apostolis
988 1222 1149 1268 praedi-⁹

421 1271 522 1305 catur
546 1271 624 1311 683,
643 1270 703 1313 12,
729 1270 806 1312 692,
826 1271 865 1312 8,
891 1269 1041 1304 Romani
1058 1280 1127 1304 non

422 1316 459 1350 in
485 1315 648 1350 omnibus
672 1326 794 1350 ueram
818 1315 1049 1350 traditionem
1074 1318 1126 1350 te-

420 1363 508 1396 nent
541 1364 576 1396 et
608 1362 744 1396 frustra
775 1362 1014 1406 apostolorum
1047 1371 1126 1396 auc-

421 1407 606 1442 toritatem
653 1407 891 1452 praetendunt
938 1408 1016 1448 813,
1063 1408 1125 1451 20,

421 1454 571 1488 Romani
597 1454 682 1488 cleri
706 1453 850 1488 litterae
873 1453 950 1494 528,
970 1454 1029 1497 16,
1094 1454 1125 1496 (,

421 1500 457 1542 2,
484 1500 562 1541 572,
589 1500 629 1539 9,
653 1499 691 1533 111
717 1499 878 1533 Siciliam
902 1500 1030 1535 missae
1047 1502 1068 1535 5
1118 1528 1125 1541 ,

419 1546 459 1586 3,
500 1545 697 1580 Romanum
738 1545 926 1579 concilium
951 1545 993 1579 de
1017 1546 1126 1590 lapsis

420 1591 496 1632 627,
525 1592 562 1630 1,
603 1591 680 1631 628,
715 1591 757 1631 4;
799 1590 994 1635 Cyprianus
1035 1592 1125 1626 clero

418 1637 575 1672 Romano
601 1636 728 1671 scribit
745 1638 823 1671 tum
864 1637 939 1671 sine
964 1638 1125 1682 episcopo

419 1683 542 1727 agenti
581 1683 660 1723 488,
696 1683 759 1726 20,
800 1682 942 1726 527,1,
983 1683 1060 1725 540,
1086 1685 1125 1724 9,

419 1729 497 1769 565,
522 1729 561 1769 3,
588 1729 665 1770 571,
693 1729 729 1771 7,
756 1729 832 1770 626,
861 1730 920 1771 18,
959 1729 1126 1764 ecclesiae

418 1774 595 1809 Romanae
633 1775 736 1820 uigor
773 1777 809 1809 et
845 1774 1020 1809 fortitudo
1046 1776 1123 1818 551,

420 1821 480 1863 16,
505 1820 583 1861 693,
608 1820 630 1854 2

371 1866 608 1901 Romanorum
632 1866 733 1911 origo
750 1866 804 1908 22,
827 1867 864 1909 7,
889 1866 1124 1902 Romanorum

418 1923 530 1946 annus
556 1913 586 1946 A
613 1912 690 1954 253,
716 1913 737 1946 8

371 1957 541 1992 Romulus
566 1958 620 1999 21,
647 1959 676 1993 6.
703 1958 741 2000 8,
766 1958 822 1999 22,
849 1959 908 2000 11,
936 1957 967 1992 Α
993 1959 1023 2000 6,
1052 1959 1093 1993 17

370 2004 546 2038 Rucuma:
575 2004 751 2038 Lucianus
773 2015 794 2038 a
810 2004 969 2038 Rucuma
985 2004 1063 2046 451,
1083 2005 1126 2040 18

370 2049 517 2084 Rufinus
559 2049 725 2084 diaconus
765 2049 843 2091 565,
868 2050 908 2092 5,
950 2050 1125 2085 confessor

416 2096 495 2136 557,
520 2096 541 2130 3

371 2140 581 2176 Rusiccade:
599 2141 750 2175 Verulus
768 2152 789 2176 a
802 2141 995 2177 Rusiccade
1010 2142 1088 2184 457,
1103 2143 1126 2177 4

371 2186 537 2222 Rusticus
562 2187 746 2232 presbyter
770 2188 847 2228 817,
877 2189 920 2223 18

373 2360 506 2404 Sabina
532 2372 666 2415 martyr
690 2371 768 2411 535,
795 2371 837 2405 13

370 2415 579 2450 Sabinarum
604 2418 726 2461 raptus
751 2416 805 2456 21,
832 2416 869 2457 9,
898 2416 929 2449 Α
954 2417 985 2458 6,
1014 2417 1056 2451 18

369 2461 520 2495 Sabinus
561 2463 741 2507 episcopus
769 2462 844 2503 735,
871 2462 933 2501 13;
960 2462 1036 2504 739,
1064 2463 1142 2505 143.

418 2507 492 2542 740.
521 2508 563 2542 10

371 2551 593 2587 Sabratensis
618 2553 805 2598 Pompeius
829 2553 908 2595 460,
936 2553 980 2587 13

371 2598 567 2633 sacerdotes
608 2599 773 2634 Christus
810 2598 847 2633 in
886 2599 1034 2634 80018313.
1059 2610 1122 2634 3113

416 2644 521 2687 eligit
561 2645 638 2686 608,
663 2645 702 2688 8,
743 2646 820 2686 672,
853 2645 913 2688 10,
956 2645 1121 2688 726,17,

418 2690 492 2730 733,
537 2690 596 2732 12,
639 2691 715 2731 738,
755 2691 778 2725 4
818 2701 867 2735 sq.
916 2690 1006 2735 (uid.
1048 2691 1120 2735 epi-

416 2738 571 2780 scopus),
597 2736 772 2770 ordinatio
791 2736 1009 2771 sacerdotum
1026 2737 1120 2771 iusta
1137 2744 1140 2764 ²

415 2791 503 2825 quae
543 2781 699 2815 omnium
737 2782 905 2826 suffragio
930 2784 967 2816 et
991 2782 1138 2816 iudicio*

415 2826 523 2861 fuerit
561 2828 760 2861 examinata
799 2828 874 2865 738,
909 2829 969 2871 15,
1007 2838 1119 2862 33081-

1141 2363 1246 2410 ἰ2;

1080 204 1219 239 Index

1216 307 1314 341 dotes
1339 307 1396 342 dei
1414 307 1457 341 ab
1475 317 1513 341 eo
1532 307 1592 351 qui
1610 307 1806 342 sacerdotes
1831 308 1921 342 facit

1215 353 1443 387 uindicantur
1491 353 1568 394 470,
1619 353 1659 396 9,
1720 354 1917 388 sacerdotes

1216 399 1398 433 antistites
1438 399 1650 443 templorum
1690 399 1715 434 i.
1741 410 1769 436 e.
1811 410 1919 434 mem-

1216 444 1354 479 brorum
1390 444 1573 479 hominum
1625 445 1699 486 188,
1750 446 1808 487 163
1849 444 1920 483 dis-

1239 492 1414 525 ensatores
1462 490 1519 525 dei
1567 491 1651 533 672,
1702 491 1759 534 163
1809 501 1919 525 sacer-

1238 537 1352 571 otium
1392 537 1494 570 uetus
1535 537 1688 571 cessauit
1713 539 1748 571 80
1789 547 1920 571 1101111111

1214 582 1348 627 incepit
1387 582 1441 623 50,
1468 583 1527 624 13,
1569 582 1798 617 sacerdotalis
1839 593 1919 617 auc-

1213 628 1343 663 toritas
1369 631 1502 672 quanta
1527 628 1575 662 sit
1599 628 1676 669 226,
1704 629 1747 663 12
1764 639 1814 673 sq.
1839 628 1917 670 470,

1214 676 1234 709 1
1259 685 1310 718 sq.
1350 674 1427 715 670,
1455 675 1519 717 16,
1553 674 1629 715 728,
1656 675 1715 717 15,
1754 675 1830 715 729,
1858 675 1917 716 16,

1214 720 1366 754 interfici
1406 720 1489 754 deus
1531 719 1638 753 iussit
1679 720 1918 754 sacerdotibus

1215 766 1288 800 suis
1329 776 1398 800 non
1439 766 1722 810 obtemperantes
1747 766 1829 807 476,
1856 766 1918 809 18;

1214 823 1282 846 non
1308 814 1361 846 est
1385 822 1463 846 cum
1489 811 1631 846 Christo
1665 812 1726 856 qui
1751 811 1918 846 aduersus

1215 857 1410 892 sacerdotes
1458 857 1595 893 Christi
1634 858 1723 892 facit
1763 858 1840 898 226,
1881 858 1920 898 2,

1215 904 1335 948 quales
1361 914 1435 938 esse
1460 903 1611 937 debeant
1629 903 1823 938 sacerdotes
1842 903 1918 944 736,

1215 952 1233 984 1
1254 960 1303 994 sq.
1328 950 1403 991 777,
1423 951 1458 991 13
1485 950 1563 990 247,
1583 949 1642 991 163
1668 950 1919 993 uituperantur

1214 995 1275 1039 qui
1312 996 1422 1040 stipes
1454 995 1650 1030 oblationes
1676 997 1712 1030 et
1737 995 1835 1029 lucra
1860 995 1918 1029 de-

1214 1041 1370 1075 siderant
1408 1041 1484 1082 724,
1510 1041 1549 1083 4,
1587 1052 1705 1085 pacem
1730 1041 1918 1085 quomodo-

1213 1097 1359 1131 cumque
1384 1097 1404 1121 a
1430 1087 1607 1121 sacerdote
1644 1087 1699 1121 dei
1725 1088 1833 1121 semel
1858 1086 1918 1121 da-

1213 1134 1289 1167 tam
1314 1144 1383 1167 non
1401 1133 1627 1167 auferendam
1641 1144 1714 1167 esse
1729 1133 1916 1167 concilium

1213 1179 1370 1213 decreuit
1396 1179 1471 1219 717,
1491 1180 1551 1220 18,
1578 1179 1773 1213 3300100083
1798 1179 1851 1213 uel
1879 1179 1916 1213 in

1212 1225 1346 1259 minore
1372 1225 1519 1259 crimine
1537 1225 1725 1259 constituti
1743 1224 1786 1258 ad
1805 1225 1917 1259 altare

1212 1270 1372 1305 accedere
1412 1282 1480 1305 non
1520 1270 1648 1305 debent
1689 1271 1763 1311 723,
1811 1271 1828 1304 7
1866 1280 1915 1315 sq.

1212 1316 1370 1351 sacerdos
1395 1317 1516 1362 lapsus
1548 1327 1684 1361 precem
1710 1316 1916 1357 0118118118-

1211 1363 1291 1407 quit
1317 1363 1392 1404 723,
1421 1365 1456 1405 13
1485 1363 1560 1404 725,
1589 1364 1624 1405 1,
1658 1363 1840 1407 episcopus
1865 1363 1917 1396 la-

1210 1419 1294 1453 psus
1331 1408 1567 1443 sacerdotium
1602 1409 1754 1443 retinere
1792 1408 1917 1452 nequit

1211 1455 1288 1496 722,
1309 1455 1372 1497 13,
1398 1454 1494 1489 ultra
1518 1455 1636 1499 lapsos
1661 1454 1769 1489 laicos
1794 1455 1917 1488 ruinae

1209 1501 1352 1534 maioris
1392 1500 1544 1545 pondere
1570 1500 1769 1535 sacerdotes
1794 1510 1916 1544 proru-

1210 1547 1313 1580 erunt
1340 1546 1415 1587 724,
1442 1547 1502 1586 163
1529 1546 1630 1590 plebs
1654 1556 1723 1580 non
1748 1546 1916 1580 immunis

1210 1593 1266 1626 est
1290 1602 1310 1625 a
1334 1593 1500 1637 contagio
1537 1591 1661 1626 delicti
1698 1602 1776 1626 cum
1802 1603 1915 1626 sacer-

1210 1637 1291 1672 dote
1331 1639 1512 1682 peccatore
1552 1638 1813 1672 communicans
1840 1638 1915 1679 737,

1209 1684 1239 1718 5.
1269 1683 1327 1725 103
1354 1683 1414 1727 qui
1439 1694 1519 1718 cum
1543 1684 1701 1728 profanis
1727 1683 1916 1718 sacerdoti-

1209 1728 1274 1763 bus
1299 1730 1560 1764 communicant
1584 1732 1696 1764 morte
1714 1732 1797 1764 sunt
1814 1729 1916 1774 digni

1211 1775 1376 1818 743,12,
1417 1775 1516 1819 plebs
1554 1775 1664 1810 habet
1701 1778 1916 1820 potestatem

1210 1820 1408 1855 sacerdotes
1433 1821 1599 1866 indignos
1628 1822 1813 1856 recusandi
1839 1822 1915 1862 738,

1211 1866 1250 1909 1,
1277 1867 1435 1901 sacerdos
1460 1867 1518 1902 dci
1542 1867 1768 1912 euangelium
1793 1869 1915 1901 tenens

1209 1912 1319 1947 occidi
1342 1914 1471 1957 potest,
1497 1913 1592 1948 uinci
1616 1924 1685 1947 non
1701 1915 1820 1958 potest
1838 1913 1913 1954 687,

1209 1958 1248 2002 3,
1275 1958 1434 1993 sacerdos
1459 1960 1557 1993 tutor
1573 1959 1749 1993 nominari
1767 1969 1836 1993 non
1853 1959 1914 1993 de-

1209 2003 1269 2038 bet
1291 2005 1370 2045 465,
1396 2005 1436 2045 9,
1460 2005 1538 2046 466,
1564 2005 1607 2040 19

1164 2050 1355 2085 sacrificati
1380 2050 1440 2094 qui
1465 2050 1616 2085 inlicitis
1642 2050 1824 2085 sacrificiis
1841 2061 1914 2084 ma-

1143 2119 1144 2129 ,
1209 2107 1275 2130 11113
1291 2096 1496 2140 polluerunt
1512 2096 1590 2138 238,
1610 2097 1648 2139 5,
1674 2097 1752 2138 243,
1770 2097 1810 2138 3,
1835 2096 1913 2138 528,

1209 2142 1248 2182 1,
1289 2143 1366 2183 551,
1402 2142 1460 2185 12,
1502 2142 1579 2183 624,
1604 2143 1664 2184 20,
1705 2143 1736 2177 Α
1765 2143 1820 2183 57,
1853 2143 1913 2185 11,

1142 2221 1144 2230 J
1207 2188 1359 2232 episcopi
1400 2188 1589 2222 sacrificati
1625 2188 1703 2229 678,
1730 2189 1792 2227 13;
1831 2187 1913 2222 Etc-

1208 2244 1290 2268 cusa
1314 2233 1405 2268 dona
1422 2234 1622 2268 numerauit
1638 2245 1681 2267 110
1699 2233 1914 2268 sacrificaret

1207 2279 1284 2320 531,
1312 2280 1372 2319 18;
1399 2279 1492 2313 inter
1517 2279 1730 2313 sacrificatos
1755 2278 1913 2313 condicio

1207 2325 1406 2369 frequenter
1446 2327 1482 2359 et
1522 2335 1626 2359 causa
1666 2325 1806 2359 diuersa
1835 2326 1911 2366 633,

1271 2371 1407 2415 placuit
1432 2370 1636 2405 sacrificatis
1662 2370 1698 2404 in
1717 2371 1812 2404 exitu
1831 2371 1913 2404 sub-

1205 2417 1322 2451 ueniri
1346 2417 1423 2457 636,
1450 2417 1491 2455 7,
1516 2416 1729 2450 sacrificatos
1750 2416 1911 2450 Nouatus

1206 2461 1390 2496 damnauit
1415 2463 1491 2503 619,
1517 2462 1557 2500 6,
1590 2461 1709 2495 subita
1735 2462 1911 2507 supplicia

1207 2508 1482 2542 sacrificatorum
1521 2507 1599 2548 254,
1642 2508 1702 2546 16,
1750 2509 1910 2542 uelamen

1206 2564 1272 2598 quo
1321 2553 1594 2588 sacrificantium
1649 2554 1768 2597 capita
1814 2554 1909 2587 uela-

1204 2599 1335 2634 bantur
1363 2600 1441 2640 238,
1466 2599 1488 2633 5

1159 2645 1331 2679 sacrificia
1367 2645 1538 2679 malorum
1575 2655 1644 2678 non
1685 2645 1908 2689 accipiuntur

1204 2691 1280 2731 181,
1300 2691 1358 2730 12,
1384 2690 1592 2725 sacrificium
1618 2693 1720 2725 uetus
1743 2691 1905 2730 cessauit,

1202 2747 1332 2771 1101111111
1357 2736 1489 2780 incepit
1512 2737 1567 2776 49,
1597 2737 1638 2770 18
1664 2747 1713 2780 sq.
1742 2736 1906 2770 sacrifici-

1202 2793 1262 2816 um
1288 2784 1344 2825 (=
1362 2782 1480 2816 hostia
1506 2782 1706 2827 dominica),
1746 2782 1822 2816 uid.
1847 2793 1905 2816 811-

1202 2828 1372 2862 0113113013
