2032 3248
370 237 449 279 186
999 233 1243 277 Appendix.

365 341 572 388 propter
610 350 743 386 quem
775 338 1006 377 Christus
1036 341 1258 378 mortuus
1290 341 1379 378 est.
1438 341 1476 378 et
1512 340 1667 379 iterum:
1701 342 1873 381 bonum

365 411 443 448 est
472 420 562 446 non
593 409 884 448 manducare
918 420 1108 447 carnem
1137 419 1289 456 neque
1328 408 1500 448 bibere
1531 410 1692 449 uinum
1722 421 1874 459 neque

365 480 412 517 in
442 489 534 526 quo
566 478 723 516 frater
753 479 870 516 tuus
909 477 1130 516 offendit
1169 480 1252 516 aut
1282 477 1657 517 scandalizatur
1695 481 1775 518 aut
1805 480 1871 518 10-

363 548 611 587 firmatur.
645 549 682 585 et
702 546 776 585 alio
797 546 891 594 loco,
913 547 1022 594 hoc,
1047 547 1191 595 inquit,
1215 546 1434 585 iudicate
1455 547 1634 597 magis,
1656 560 1710 587 ne
1730 560 1870 597 pona-

362 617 429 655 tis
459 616 820 655 offendiculum
851 617 932 654 aut
962 616 1248 654 scandalum
1269 616 1432 654 fratri.
1455 618 1494 655 et
1515 617 1559 655 de
1578 617 1793 666 semetipso
1816 617 1899 656 sic5

362 687 436 725 ait:
470 687 673 735 propter
694 685 818 733 quod
848 685 891 723 si
922 685 1062 723 cibus
1083 685 1391 724 scandalizat
1413 685 1636 734 fratrem,
1667 686 1757 725 iam
1779 699 1870 726 non

362 755 656 795 manducabo
687 765 877 793 carnem
922 754 969 791 in
999 755 1274 802 aeternum,
1319 766 1375 792 ne
1423 754 1628 793 fratrem
1672 756 1869 794 scanda-

361 824 512 863 lizem.
545 835 629 862 cum
650 834 739 871 ergo
760 834 828 861 nos
849 823 979 871 pulsat
999 822 1273 862 coniunctionis
1289 822 1402 861 huius
1419 823 1593 863 molestia
1613 824 1866 872 detestabilis,

360 893 434 932 etsi
469 893 660 931 adulteros
698 903 772 930 non
806 893 932 940 potest
967 891 1105 939 facere,
1141 891 1235 931 facit
1273 894 1400 931 tamen
1428 893 1582 932 lenones
1614 893 1798 932 adulteris
1832 895 1870 933 et

359 962 530 1001 incestis.
553 962 637 1010 quis
659 961 760 1000 enim
784 960 942 999 alterius
964 961 1087 999 cordis
1110 962 1298 1000 scrutator
1320 961 1545 1009 qualitatem
1565 962 1859 1011 uniuscuiusque
1881 972 1914 998 10

359 1032 570 1080 perpendat
591 1031 629 1068 et
649 1042 716 1078 pro
733 1030 854 1068 altera
873 1041 1034 1078 persona
1049 1031 1181 1068 contra
1198 1031 1357 1069 satanan
1373 1033 1616 1079 repugnator,
1635 1031 1734 1070 circa
1747 1031 1867 1070 Deum

358 1112 446 1139 uero
482 1100 639 1138 idoneus
667 1098 867 1137 fideiussor
899 1109 980 1137 esse
1017 1101 1261 1146 praesumat?
1294 1099 1339 1138 de
1369 1101 1488 1138 semet
1518 1100 1600 1148 ipso
1623 1101 1774 1139 demens
1795 1103 1866 1147 est,

360 1169 426 1218 qui
449 1168 595 1217 aliquid
627 1168 842 1217 pollicetur,
879 1179 954 1206 non
975 1168 1098 1207 dicam
1130 1169 1162 1206 si
1198 1169 1313 1207 etiam
1348 1181 1416 1218 pro
1451 1169 1594 1208 femina
1629 1169 1866 1218 sponsionem

358 1249 498 1287 ponere
518 1238 705 1285 uideatur,
738 1248 823 1276 cum
858 1237 1002 1275 Paulus
1024 1237 1218 1286 apostolus
1240 1237 1295 1276 sic
1328 1238 1373 1276 (10
1410 1248 1450 1276 se
1470 1238 1693 1286 pronuntiat
1714 1239 1862 1277 dicens:

356 1319 447 1346 non
477 1307 588 1356 quia
619 1306 709 1345 iam
740 1306 907 1355 accepi
938 1309 1019 1345 aut
1049 1306 1140 1345 iam
1170 1306 1486 1345 iustificatus
1525 1318 1624 1345 sum
1662 1309 1745 1346 aut
1775 1307 1911 1347 iam15

356 1376 622 1424 perfectus
654 1388 775 1423 sum,
807 1387 984 1424 sequor
1014 1377 1174 1414 autem
1205 1376 1245 1414 si
1266 1377 1676 1424 conprehendam,
1708 1376 1865 1424 inquo

356 1447 403 1484 et
433 1445 808 1494 conprehensus
859 1456 958 1483 sum
998 1456 1021 1482 a
1051 1444 1262 1483 Christo.
1309 1445 1514 1492 fratres,
1560 1456 1645 1493 ego
1677 1456 1743 1484 me
1773 1457 1865 1484 non

356 1514 580 1553 arbitror
610 1513 1054 1562 comprehendisse
1085 1514 1261 1553 adhuc:
1308 1526 1448 1552 unum
1479 1516 1655 1562 tamen,
1703 1516 1863 1562 poste-

356 1583 491 1621 riora
521 1583 711 1631 quidem
743 1582 1075 1630 obliuiscens‚
1108 1583 1155 1621 ad
1186 1594 1381 1631 eaquae
1403 1586 1515 1622 sunt
1544 1584 1658 1622 ante
1689 1584 1863 1631 petens

352 1651 409 1689 ad
453 1652 674 1700 regulam
719 1663 893 1700 sequor
939 1652 997 1690 ad
1041 1652 1244 1700 palmam
1286 1663 1527 1700 supernae
1570 1652 1908 1691 uocationisw

352 1720 542 1759 Domini
573 1720 737 1759 nostri
766 1722 876 1759 Iesu
907 1720 1111 1760 Christi.
1145 1721 1370 1769 quicumque
1392 1732 1480 1769 ergo
1516 1720 1677 1768 perfecti
1708 1733 1858 1769 sumus,

350 1791 422 1828 hoc
444 1789 664 1829 sentiamus.
707 1790 916 1837 etiterum,
955 1790 1099 1837 mihi,
1146 1790 1292 1838 inquit,
1339 1801 1421 1839 pro
1460 1790 1653 1829 minimo
1685 1793 1781 1838 est,
1809 1792 1859 1828 ut

351 1871 373 1897 a
403 1859 544 1897 uobis
575 1858 765 1897 iudicer
795 1861 877 1898 aut
907 1860 963 1897 ab
985 1859 1189 1897 humano
1211 1859 1308 1897 die:
1331 1860 1412 1897 sed
1433 1870 1586 1907 neque
1608 1859 1854 1908 meipsum

350 1927 523 1966 iudico.
555 1928 638 1977 qui
668 1929 828 1966 autem
858 1939 925 1967 me
956 1928 1167 1975 iudicat,
1199 1928 1430 1966 Dominus
1460 1930 1550 1967 est.
1583 1930 1621 1967 et
1653 1928 1727 1967 alio
1758 1929 1853 1976 loco,

353 1997 539 2044 beatus,
570 1997 708 2045 inquit,
740 1997 822 2045 qui
850 2008 943 2035 non
964 1996 1153 2035 iudicat
1174 1998 1324 2035 semet
1351 1997 1530 2046 ipsum,
1561 1997 1609 2035 in
1640 2008 1728 2045 quo
1748 2009 1898 2045 pro-25

350 2067 434 2104 bat
464 2065 626 2104 alium.
687 2065 861 2114 quamuis
893 2076 983 2113 ergo
1014 2077 1083 2104 nos
1117 2077 1185 2104 nec
1222 2066 1267 2104 110
1302 2067 1433 2105 nostra
1467 2066 1679 2105 stabilitate
1711 2067 1854 2105 certum

350 2134 496 2183 aliquid
526 2135 733 2173 habeamus
755 2135 820 2183 qui
839 2135 920 2173 sine
941 2135 1149 2174 cessatione
1170 2135 1406 2173 concutimur
1434 2134 1535 2173 inter
1555 2135 1693 2174 fluctus
1715 2134 1855 2173 saeculi

439 2310 458 2343 1
485 2309 587 2346 Rom.
615 2311 668 2352 14,
697 2310 749 2345 16.
996 2311 1019 2344 4
1044 2310 1144 2344 Rom.
1173 2311 1227 2354 14,
1253 2311 1306 2345 13.
1545 2311 1566 2344 6
1591 2310 1609 2344 Ι
1635 2310 1710 2345 Cor.
1736 2310 1769 2351 8,
1795 2310 1848 2344 13.

349 2367 391 2401 15
416 2366 509 2402 Phil.
540 2367 574 2412 3,
602 2367 747 2403 12-14.
887 2368 932 2403 22
957 2368 974 2402 I
1001 2367 1078 2403 Cor.
1102 2368 1135 2409 4,
1162 2368 1194 2402 3.
1334 2368 1379 2404 25
1403 2369 1504 2403 Rom.
1533 2368 1588 2410 14,
1611 2368 1666 2403 22.

435 2515 457 2549 3
481 2515 519 2549 in
545 2525 613 2559 quo
643 2516 680 2559 O,
708 2516 890 2551 ostendere
914 2517 952 2550 in
978 2527 1046 2560 quo
1071 2527 1091 2551 v
1255 2517 1447 2552 offenditur
1470 2528 1491 2552 v
1653 2518 1674 2553 6
1698 2518 1847 2553 fratrem

342 2582 459 2606 meum
484 2584 506 2607 v
613 2574 634 2608 9
659 2573 801 2608 lenones
833 2574 870 2616 0,
894 2574 1032 2618 peiores
1058 2586 1079 2609 v
1197 2574 1241 2609 10
1264 2575 1378 2610 cordis
1404 2575 1552 2610 alterius
1577 2586 1598 2611 v
1707 2576 1751 2610 13
1774 2587 1845 2611 non

348 2629 403 2670 0¹,
429 2640 473 2664 ne
504 2630 589 2674 C²v‚·
614 2630 661 2673 ef.
688 2642 766 2676 cap.
792 2634 838 2667 18
955 2632 1000 2666 14
1023 2633 1230 2676 pronuntiet
1255 2644 1275 2668 v
1391 2633 1435 2667 16
1459 2633 1501 2677 si]
1528 2632 1558 2667 si
1584 2632 1755 2677 quomodo
1780 2644 1801 2668 v

342 2686 384 2720 17
411 2697 467 2720 me
492 2686 522 2721 C'
543 2698 571 2721 8.
598 2688 618 2722 l.
644 2699 688 2722 m.
714 2691 739 2723 2
940 2689 984 2724 18
1009 2689 1280 2734 adprehendisse
1311 2691 1341 2726 C
1546 2690 1661 2724 adhuc
1686 2701 1752 2725 om.
1778 2701 1799 2725 v

340 2744 384 2778 19
409 2745 531 2788 petens
558 2744 596 2786 C,
620 2745 724 2789 pedes
749 2758 770 2781 v
894 2747 937 2781 21
964 2747 1105 2793 christi]
1132 2748 1260 2782 christi
1285 2758 1411 2792 sequor
1441 2747 1471 2783 Ο
1585 2748 1628 2781 22
1655 2749 1690 2782 et
1713 2748 1844 2781 iterum

339 2802 365 2835 2
390 2801 492 2836 codd.
519 2801 684 2844 Baluziz',
711 2813 778 2837 om.
808 2805 839 2838 O
971 2804 1016 2839 23
1041 2804 1076 2839 h.
1102 2804 1170 2849 die]
1196 2805 1352 2839 humana
1375 2804 1444 2839 fide
1469 2804 1498 2840 C
1637 2805 1681 2839 24
1705 2804 1841 2838 iudicat

339 2869 441 2894 mev
578 2859 961 2896 25inCs.l.m.2
