2032 3248
358 241 438 282 188
985 236 1229 281 Appondix.

357 346 460 383 serat
481 344 601 391 mala,
644 346 683 381 et
712 344 756 381 de
788 342 990 381 sanctitate
1018 342 1255 390 praeiudicat
1291 343 1332 380 ut
1366 341 1646 380 immunditiam
1667 341 1861 389 suptiliter

356 413 599 460 introducat,
643 413 687 450 de
724 411 829 450 licito
866 411 1075 450 calumnias
1108 411 1202 450 facit
1237 414 1280 450 ut
1315 411 1485 450 obtinere
1522 411 1710 449 inlicitum
1725 411 1859 459 possit.

361 483 515 530 propter
536 482 634 529 quod
656 482 849 529 apostolus
871 481 1013 519 Paulus
1034 481 1185 519 haeresi
1222 481 1311 519 huic
1347 483 1434 519 ante
1463 480 1688 528 praescribit
1710 479 1859 518 dicens:

357 552 688 589 uerumtamen
733 561 882 598 neque
928 550 1104 588 mulier
1148 550 1251 588 sine
1297 550 1401 588 uiro
1447 561 1598 598 neque
1645 549 1717 587 uir
1759 549 1865 587 sine

358 632 429 657 mu
443 620 573 658 licre
604 620 652 657 in
682 619 893 658 Domino.
926 619 1028 657 absit
1049 618 1151 657 absit
1181 621 1224 657 ut
1256 619 1394 666 ubique
1415 618 1576 657 feminae
1598 618 1859 667 praescriban-
1878 629 1893 653 5

358 691 421 726 tur
443 690 510 726 aut
531 689 669 736 ubique
703 688 902 735 permissio
924 688 1128 726 tribuatur.
1166 688 1307 725 habent
1344 688 1426 725 loca
1461 699 1530 726 sua
1551 687 1650 725 circa
1684 687 1863 725 maritum

357 758 459 796 circa
479 757 578 795 filios
599 757 698 796 circa
719 757 860 795 fratres
882 757 981 795 circa
1002 758 1178 804 parentes
1200 757 1298 795 circa
1320 767 1450 795 seruos
1472 758 1510 794 et
1531 756 1571 794 in
1593 757 1700 794 domo
1723 756 1863 795 oratio-

355 826 414 864 nis
446 827 706 865 tantummodo
739 826 846 864 iuxta
867 827 1021 864 cunctos
1044 825 1213 864 clericos.
1252 825 1292 862 in
1322 825 1516 864 mansione
1538 826 1665 863 autem
1685 836 1760 863 una
1781 825 1860 868 sine

359 896 582 944 cognatione
618 897 862 944 conpetenter
896 906 970 933 non
999 895 1140 933 habent
1163 894 1296 932 socios.
1339 895 1432 933 haec
1453 896 1512 932 est
1534 894 1633 932 libra
1654 904 1749 942 quae
1772 895 1861 933 stat.

355 966 461 1002 stare
482 975 570 1002 uero
592 975 666 1002 non
687 965 814 1011 potest
848 963 1027 1011 quicquid
1058 962 1302 1001 inclinauerit
1322 963 1460 1001 libram
1481 963 1627 1001 dicente
1649 962 1863 1010 scriptura:
1880 974 1912 999 10

355 1044 444 1071 non
490 1032 771 1071 declinabis
817 1032 867 1069 in
912 1032 1159 1070 dexteram
1208 1043 1362 1079 neque
1411 1032 1460 1069 in
1513 1031 1777 1069 sinistram.
1826 1032 1865 1070 et

354 1102 538 1140 Dominus
579 1102 618 1139 in
652 1101 871 1149 euangelio:
916 1102 1037 1148 quod
1077 1100 1288 1148 amplius
1320 1102 1392 1139 est
1422 1113 1444 1139 a
1473 1100 1593 1139 malo
1625 1101 1710 1138 est.
1763 1099 1864 1137 disce

358 1183 458 1209 nunc
477 1170 751 1219 temperantiae
774 1171 925 1208 modum
962 1169 1026 1217 qui
1062 1180 1129 1218 per
1151 1169 1345 1208 licentiam
1367 1170 1518 1218 quaeris
1540 1180 1745 1208 excessum.
1777 1180 1863 1206 ama

354 1239 517 1277 feminas
538 1239 638 1278 inter
658 1251 768 1277 sacra
788 1238 972 1277 solemnia
995 1240 1034 1277 et
1055 1238 1140 1277 odio
1162 1239 1260 1277 habe
1282 1238 1322 1276 in
1344 1239 1602 1277 communione
1624 1238 1775 1285 priuata
1788 1267 1797 1285 ‚
1830 1237 1864 1276 si

355 1309 413 1346 uis
455 1308 664 1347 Salomonis
704 1309 834 1346 tenere
875 1308 1108 1346 doctrinam:
1151 1308 1360 1355 tempus,
1407 1308 1551 1356 inquit,
1584 1307 1776 1345 amandi
1817 1308 1865 1345 et
1880 1321 1911 1345 15

359 1379 548 1424 tempus
587 1377 795 1415 odiendi.

289 1452 340 1488 14
418 1447 523 1485 Tunc
559 1457 649 1494 ergo
684 1447 852 1484 cauenda
880 1447 968 1484 sunt
1009 1445 1172 1484 feminae
1193 1446 1414 1495 participia,
1448 1448 1595 1494 quando
1617 1446 1762 1495 geritur
1782 1457 1864 1484 car-

359 1516 502 1553 nalium
526 1527 701 1554 curarum
722 1515 899 1554 continua
918 1514 1171 1553 unanimitate
1193 1514 1419 1563 frequentia,
1442 1514 1619 1563 quoniam
1641 1515 1740 1553 inter
1756 1526 1865 1553 curas

363 1596 452 1622 suas
474 1595 560 1623 caro
583 1595 731 1632 semper
752 1583 998 1622 incitamenta
1019 1583 1207 1631 cupidinis
1221 1585 1401 1631 prouocat
1421 1585 1459 1623 et
1475 1584 1556 1622 illic-
1575 1584 1677 1632 parit
1698 1584 1868 1622 fomenta

355 1652 559 1701 peccandi,
591 1652 656 1690 ubi
677 1653 916 1700 pertractans
938 1653 1132 1691 commoda
1159 1664 1228 1691 sua
1248 1652 1470 1701 temporalis
1491 1653 1594 1691 uitae
1615 1652 1859 1701 cogitationi·
1877 1666 1913 1691 20

355 1722 426 1760 bus
449 1721 612 1760 senserit
632 1720 828 1770 paululum
858 1720 1022 1759 relaxari
1039 1750 1047 1768 ‚
1086 1720 1183 1759 sicut
1220 1722 1394 1760 Salomon
1429 1722 1570 1760 adserit
1606 1721 1754 1759 dicens:
1788 1722 1861 1759 de-

354 1790 526 1839 primit
574 1791 778 1828 terrena
823 1790 1078 1838 cogitatio
1124 1801 1318 1828 sensum
1356 1791 1508 1828 multa
1554 1790 1863 1838 cogitantem.

355 1860 395 1897 in
433 1861 621 1898 conuentu
650 1870 739 1897 uero
771 1870 982 1906 sacrorum,
1022 1859 1088 1897 ubi
1121 1859 1278 1907 spiritus
1310 1859 1545 1906 dominatur,
1578 1858 1716 1897 ancilla
1747 1860 1865 1898 semet

355 1929 478 1976 ipsam
514 1939 743 1977 cognoscens
778 1928 904 1976 perdit
952 1939 1043 1966 suae
1081 1928 1290 1977 uoluptatis
1341 1940 1474 1975 usum,
1506 1928 1632 1976 perdit
1659 1929 1697 1966 et
1732 1927 1863 1966 luxum

356 1998 446 2036 dum
489 1998 703 2035 tractantur
739 1996 939 2045 caelestia,
989 1997 1076 2035 dum
1114 1997 1353 2036 celebrantur
1375 1999 1506 2036 sancta
1543 1997 1742 2045 mysteria:
1780 1998 1862 2036 tota
1875 2012 1908 2037 25

354 2066 572 2104 humanitas
595 2067 820 2114 occupatur,
862 2066 928 2104 ubi
958 2078 1032 2104 non
1053 2067 1217 2104 humana
1253 2068 1319 2105 sed
1348 2066 1478 2104 diuina
1499 2068 1589 2105 sunt
1610 2066 1754 2105 omnia:
1794 2066 1860 2103 ubi

354 2135 548 2174 ueneratio
569 2135 631 2174 uel
651 2136 772 2174 terror
793 2136 831 2174 et
861 2136 1002 2174 tremor
1023 2135 1208 2173 incutitur
1229 2135 1367 2173 animis
1387 2135 1587 2183 uniuersis,
1613 2135 1761 2183 sepulta
1797 2136 1856 2172 est

352 2204 524 2252 profecto
547 2204 763 2242 substantia
798 2204 974 2243 carnalis.
1007 2205 1107 2243 inter
1134 2204 1218 2252 ipsa
1239 2204 1316 2243 fere
1338 2204 1461 2243 carnis
1483 2204 1724 2243 mercimonia
1745 2203 1857 2242 multi

360 2273 593 2320 uoluptatem
617 2273 784 2320 corporis
805 2273 1036 2322 neglegunt,
1075 2275 1222 2321 quando
1259 2285 1281 2311 a
1302 2273 1515 2321 legionibus
1537 2272 1715 2312 exercitia
1735 2272 1853 2310 medi-

449 2431 490 2464 11
517 2430 620 2464 Pron.
647 2431 679 2473 4,
704 2431 759 2466 27.
1015 2431 1058 2465 12
1083 2431 1214 2465 Matnh.
1241 2431 1274 2471 5,
1296 2430 1353 2465 37.
1610 2429 1654 2463 15
1679 2428 1744 2463 sir.
1770 2429 1802 2471 3,
1828 2429 1861 2464 8.

352 2486 395 2520 21
424 2486 505 2531 Sap.
531 2487 561 2529 9,
589 2488 641 2522 15.

447 2622 468 2656 5
493 2623 534 2656 ut
559 2623 589 2658 C
610 2634 639 2658 s.
666 2624 688 2658 l.
714 2634 759 2658 m.
785 2627 808 2659 2
981 2625 1001 2659 9
1027 2623 1120 2657 libra
1147 2623 1187 2666 G,
1212 2623 1324 2658 libera
1349 2634 1370 2658 v
1534 2622 1577 2657 10
1602 2623 1730 2658 libram
1756 2624 1793 2666 O,
1822 2623 1866 2658 li-

357 2678 441 2712 bera
465 2690 487 2714 v
635 2681 677 2715 18
702 2681 938 2716 unanimitate
970 2680 1008 2722 0,
1033 2680 1252 2715 unanimiter
1276 2692 1296 2716 v
1437 2680 1479 2715 19
1500 2683 1582 2724 post
1608 2691 1745 2725 semper
1770 2691 1864 2726 eras„

358 2736 469 2770 etiam
495 2737 536 2771 in
560 2737 590 2772 C
755 2738 887 2783 parim*
917 2739 947 2774 0
1113 2738 1159 2773 22
1183 2740 1341 2772 terrena*
1372 2738 1410 2780 Ο,
1434 2739 1549 2771 terrae
1574 2750 1595 2773 v
1757 2738 1801 2772 23
1826 2738 1865 2772 in

367 2794 396 2829 Ο
418 2804 446 2829 s.
473 2795 495 2830 l.
521 2805 565 2829 m.
591 2797 614 2830 2
751 2796 921 2830 ancillam
952 2795 981 2831 G
1124 2795 1167 2830 27
1193 2796 1326 2829 tremor
1350 2796 1387 2829 et
1410 2796 1522 2829 terror
1546 2806 1567 2830 v
1718 2795 1763 2829 28
1787 2805 1866 2839 pro-

364 2852 457 2885 fecto
489 2851 527 2893 C,
551 2851 702 2896 perfecte
727 2864 758 2894 v,
785 2853 940 2896 perfecta
962 2852 1076 2888 Oxon.
1179 2852 1223 2887 29
1249 2851 1388 2896 quando
1412 2851 1449 2893 C,
1475 2851 1611 2886 scilicet
1637 2851 1774 2895 quando
1799 2863 1821 2887 v
