2032 3248
354 235 408 277 86
984 229 1227 274 Appendix.

351 340 391 377 et
411 339 450 376 in
471 337 669 385 euangelio
687 337 726 374 in
742 337 812 374 hoc
830 337 937 374 modo
954 336 1219 384 praedicatur:
1243 335 1428 383 diliges
1450 334 1513 373 Do
1525 335 1698 374 minum
1720 336 1752 372 D
1764 347 1863 374 eum

352 408 482 445 tuum
514 405 560 442 in
590 406 692 442 toto
732 405 986 443 cordetuo
1019 406 1064 442 et
1094 405 1142 441 in
1173 406 1276 443 tota
1307 405 1465 442 anima
1496 406 1579 442 tua
1608 406 1653 443 et
1684 404 1731 442 in
1761 406 1867 443 tota

352 474 658 523 cogitatione
699 475 801 523 tua,
855 475 915 521 et,
959 474 1143 521 diliges
1182 473 1450 522 proximum
1489 473 1584 510 tibi
1623 475 1867 521 tamquam

351 546 410 582 te.
443 544 489 581 in
519 543 596 580 his
641 543 762 580 enim
809 543 995 581 duobus
1026 555 1050 590 p
1065 543 1315 590 raeceptis
1356 544 1461 580 tota
1500 542 1579 580 lex
1610 543 1792 590 pendet
1823 544 1868 581 et

351 613 638 662 prophetae,
687 611 785 650 sicut
816 615 854 650 et
885 613 1045 651 Ioannes
1077 612 1315 660 euangelista
1346 612 1461 650 dicit:
1509 613 1555 649 et
1597 612 1746 650 omnis
1788 613 1868 660 qui
1882 625 1896 650 5

351 681 526 729 diligit
558 692 610 718 ex
641 681 733 719 Deo
765 683 907 719 natus
939 684 1012 720 est
1043 683 1088 719 et
1120 680 1376 729 cognoscit
1408 681 1564 727 Deum,
1598 681 1708 728 quia
1739 681 1869 719 Deus

352 749 563 788 dilectio
609 751 694 788 est.
741 750 855 788 sicuti
892 752 930 788 et
968 751 1070 788 Deus
1110 750 1186 788 ait:
1234 750 1303 788 ita
1349 750 1475 787 enim
1520 749 1699 788 dilexit
1744 750 1869 788 Deus

352 820 571 857 mundum
601 820 652 856 ut
681 818 849 857 filium
895 831 1029 857 suum
1072 819 1265 857 unicum
1312 819 1464 865 daret,
1513 820 1562 856 ut
1603 819 1756 856 omnis
1787 818 1870 866 qui

351 888 400 927 in
430 900 529 927 eum
560 889 781 927 crederet
811 900 900 927 non
931 888 1140 936 periret,
1181 889 1261 926 sed
1291 888 1495 926 haberet
1527 888 1679 926 uitam
1710 889 1868 926 aeter-

350 970 468 996 nam.
499 959 542 996 ut
562 958 764 996 manifeste
786 960 989 1006 appareret
1010 970 1096 996 eum
1118 957 1184 1005 qui
1204 958 1302 996 hanc
1324 957 1507 1006 diligendi
1529 969 1597 996 nos
1619 959 1657 995 et
1680 956 1865 1005 diligendi
1879 968 1916 993 10

351 1038 376 1066 0
404 1027 514 1066 nobis
551 1026 791 1066 dilectionem
820 1027 859 1064 in
889 1039 930 1066 se
950 1039 1025 1065 11011
1061 1027 1199 1065 habeat
1235 1027 1340 1064 inani
1375 1026 1610 1065 confessione
1633 1028 1670 1064 et
1691 1025 1869 1073 passione

351 1095 451 1135 1111111
481 1096 674 1144 proficere,
711 1097 861 1144 quando
883 1096 1008 1144 ipsum
1029 1097 1190 1143 apparet
1211 1097 1248 1134 et
1271 1097 1420 1134 constat
1441 1095 1673 1133 haereticum
1694 1106 1777 1132 esse
1800 1094 1866 1142 qui

352 1165 393 1204 in
427 1165 544 1203 alium
577 1165 696 1203 Deum
733 1165 862 1203 credat
898 1165 979 1203 siue
1018 1165 1213 1202 Christum
1250 1164 1366 1202 alium
1403 1163 1565 1212 accipiat
1601 1175 1715 1211 quam
1756 1175 1868 1211 quem

351 1234 563 1282 scripturae
602 1234 692 1272 noui
728 1236 767 1271 et
802 1234 946 1271 ueteris
986 1232 1212 1271 testamenti
1251 1233 1453 1271 manifeste
1493 1232 1727 1280 praedicant,
1771 1243 1866 1280 quae

352 1305 501 1351 patrem
537 1303 834 1351 omnipotentem
869 1305 1078 1341 creatorem
1117 1302 1283 1340 omnium
1318 1303 1357 1340 et
1392 1301 1513 1339 fiiium
1553 1301 1634 1340 eius
1675 1301 1756 1339 sine
1796 1301 1865 1340 ob-
1882 1315 1915 1340 15

351 1372 535 1411 scuritate
572 1372 813 1410 annuntiant.
851 1371 1002 1410 eueniet
1039 1371 1140 1410 enim
1175 1371 1229 1410 eis
1266 1373 1309 1409 ut
1344 1370 1412 1409 alii
1440 1370 1488 1408 ab
1510 1370 1585 1409 alio
1607 1370 1684 1408 Deo
1707 1370 1869 1409 salutem

353 1441 600 1489 exspectanti,
622 1445 668 1479 ut
682 1443 773 1479 tunc
790 1442 938 1480 demum
956 1442 1088 1480 contra
1105 1440 1319 1489 opinionem
1335 1452 1442 1478 suam
1458 1452 1480 1478 a
1497 1439 1647 1478 Christo
1661 1439 1731 1477 Dei
1748 1439 1869 1488 patris

352 1510 623 1558 omnipotentis
645 1510 826 1549 creatoris
847 1511 938 1558 filio,
970 1522 1082 1558 quem
1102 1509 1478 1558 blasphemauerunt‚
1501 1508 1541 1546 in
1561 1519 1721 1557 poenam
1743 1511 1868 1547 aeter-

352 1591 441 1619 nam
482 1581 718 1626 damnentur,
760 1591 844 1618 cum
884 1579 1052 1618 iudicare
1093 1579 1194 1617 Deus
1237 1578 1406 1626 coeperit
1447 1578 1632 1616 absconsa
1673 1578 1869 1616 hominum

353 1650 559 1688 secundum
594 1648 835 1696 euangelium
870 1660 938 1697 per
975 1648 1170 1686 Christum
1206 1648 1345 1693 Iesum,
1384 1658 1426 1685 00
1459 1647 1558 1695 quod
1586 1647 1623 1685 in
1647 1645 1772 1695 ipsum
1793 1658 1869 1685 non
1883 1657 1917 1684 20

354 1718 595 1766 crediderint,
617 1718 708 1756 licet
729 1718 848 1766 ipsius
869 1718 1019 1757 nomine
1041 1717 1165 1756 abluti
1187 1718 1276 1756 sint.

300 1792 354 1830 14
411 1787 463 1825 Et
496 1799 620 1836 usque·
650 1788 742 1826 adeo
778 1799 885 1826 omne
922 1787 1019 1825 illud
1059 1786 1338 1824 haereticorum
1378 1786 1569 1834 baptisma
1609 1786 1868 1824 intercedente

356 1856 482 1905 aliquo
518 1856 722 1894 interuallo
757 1856 939 1904 temporis
977 1855 1118 1904 corrigi
1154 1857 1302 1904 potest,
1342 1854 1375 1893 si
1406 1854 1491 1903 quis
1532 1854 1787 1903 superuixerit
1831 1855 1871 1892 et

354 1924 467 1963 fidem
503 1925 720 1972 correxerit,
757 1927 800 1963 ut
830 1926 932 1963 Deus
967 1926 1097 1964 noster
1127 1925 1166 1962 in
1199 1924 1396 1972 euangelio
1433 1923 1637 1962 secundum
1658 1923 1798 1961 Lucam
1821 1923 1869 1960 ad

355 1994 563 2042 discipulos
592 2007 679 2033 suos
709 1995 857 2033 locutus
894 1996 953 2033 est
989 1994 1139 2032 dicens:
1172 1994 1324 2033 habeo
1356 1995 1467 2031 aute
1479 2005 1515 2031 m
1546 1992 1681 2031 aliud
1711 1991 1867 2040 bapti·
1882 2000 1916 2026 25

356 2075 455 2102 sma
484 2063 741 2112 baptizari.
772 2064 864 2102 item
886 2064 1091 2102 secundum
1113 2063 1282 2100 Marcum
1314 2064 1360 2100 ad
1396 2062 1494 2100 filios
1517 2061 1701 2099 Zebedaei
1736 2061 1867 2099 eadem

356 2132 503 2171 ratione
548 2132 707 2171 dixerit:
753 2132 969 2181 potestis
1015 2132 1183 2170 bibere
1229 2131 1430 2170 calicem
1471 2141 1605 2179 quem
1636 2141 1721 2178 ego
1756 2129 1870 2167 bibo

356 2203 439 2239 aut
468 2202 773 2249 baptismate
805 2213 892 2249 quo
924 2212 1008 2250 ego
1040 2201 1263 2249 baptizor
1293 2200 1569 2248 baptizari?
1614 2200 1714 2247 quod
1755 2198 1870 2237 sciret

357 2270 531 2308 homines
561 2282 636 2309 non
666 2271 788 2309 solum
820 2282 918 2319 aqua
946 2281 1079 2308 uerum
1108 2269 1222 2308 etiam
1252 2269 1438 2317 sanguine
1466 2280 1533 2307 suo
1555 2267 1706 2316 proprio
1729 2267 1871 2305 habere

356 2337 556 2386 baptizari,
589 2339 644 2377 ita
673 2341 716 2377 ut
738 2341 776 2378 et
797 2339 875 2378 solo
906 2340 977 2378 hoc
1004 2339 1235 2386 baptismate
1264 2337 1449 2386 baptizati
1478 2338 1589 2375 fidem
1621 2336 1810 2384 integram
1831 2337 1869 2374 et
1882 2346 1917 2373 30

354 2406 614 2455 dignationem
636 2408 821 2447 sinceram
841 2408 986 2446 lauacri
1008 2407 1156 2455 possint
1188 2406 1348 2454 adipisci
1369 2408 1407 2445 et
1428 2408 1588 2454 utroque
1609 2405 1717 2443 modo
1739 2403 1868 2452 bapti-

452 2559 471 2593 1
497 2559 599 2593 Deut.
626 2560 657 2601 6,
682 2560 714 2594 5.
747 2559 882 2594 Matth.
907 2559 963 2601 22,
988 2558 1137 2593 37—40.
1222 2558 1244 2592 5
1270 2558 1298 2592 Ι.
1324 2557 1377 2592 Io.
1401 2557 1434 2598 4,
1462 2557 1492 2593 7.
1518 2557 1549 2591 8.
1638 2555 1657 2589 7
1684 2555 1733 2590 Io.
1758 2555 1790 2595 3,
1819 2554 1872 2589 16.

356 2615 405 2651 25
429 2616 510 2650 Luc.
540 2617 592 2658 12,
620 2617 674 2651 50.
814 2617 858 2651 27
883 2616 992 2650 Marc.
1019 2616 1073 2657 10,
1098 2616 1155 2650 38.

454 2747 498 2780 12
523 2747 661 2790 quando
685 2747 802 2791 ipsum
826 2747 969 2791 scripsi,
997 2757 1103 2791 quam
1130 2748 1171 2780 ut
1196 2746 1274 2790 ipsa
1299 2746 1387 2787 cod„
1420 2744 1587 2789 quoniam
1613 2754 1648 2778 re
1674 2744 1751 2788 ipsa
1778 2744 1873 2779 coni.

362 2805 566 2849 Bazuzius;
593 2816 699 2849 quam
723 2808 764 2840 ut
789 2806 906 2850 ipsum
930 2807 1100 2850 appareat
1117 2807 1152 2839 et
1170 2806 1308 2840 constet
1328 2804 1420 2850 coni.
1446 2803 1631 2848 Riyaltius
1772 2802 1814 2836 17
1833 2803 1875 2836 ut

359 2863 493 2899 addidi
585 2864 631 2898 24
646 2864 749 2898 (1011111
766 2866 925 2899 nostrum
942 2863 1018 2899 cod.
1036 2867 1070 2899 et
1087 2874 1107 2898 v
1201 2863 1244 2897 31
1268 2861 1526 2907 dignationem]
1545 2860 1773 2895 dilectionem
1792 2860 1874 2905 Εἰς.
