2032 3248
408 271 492 313 292
1034 269 1279 313 Appendix.

659 376 875 414 Transuena
895 387 969 414 non
989 378 1110 414 rector
1132 376 1370 414 Sodomorum
1390 376 1520 424 iugera
1541 376 1671 415 libras.

658 444 771 482 Nunc
791 445 910 492 igitur
929 446 1012 483 tute
1033 445 1113 492 ipse
1134 444 1229 492 lues,
1253 446 1350 492 quod
1371 447 1503 483 nostra
1524 445 1657 493 cupido
1681 447 1752 493 est,

575 513 628 550 60
657 514 731 552 Pro
752 513 853 551 natis
875 525 1016 562 proque
1038 514 1271 561 hospitibus:
1296 514 1390 552 satis
1411 526 1507 552 unus
1528 514 1567 552 in
1588 527 1729 554 omnes.

656 583 767 621 Dicta
787 585 825 621 et
846 583 946 621 facta
967 583 1099 621 simul:
1131 583 1238 630 uulgi
1257 595 1360 621 mora
1380 583 1486 621 nulla
1507 583 1681 623 furentis.

655 652 843 691 Turbidus
865 653 1021 692 hiberno
1043 665 1109 692 ceu
1131 653 1298 691 uoluitur
1319 654 1458 700 impete
1478 655 1638 701 torrens,

656 721 838 760 Riuorum
858 722 1074 760 innumeros
1095 733 1169 760 uno
1190 722 1284 770 pede
1305 722 1483 760 subuehit
1504 734 1656 760 amnes:

654 790 692 828 Si
713 802 788 839 qua
807 790 887 828 illic
908 792 1019 829 arbor
1038 791 1181 838 rapidis
1204 791 1406 830 offenditur
1426 791 1552 838 undis,

569 859 620 897 65
651 860 763 898 Haud
784 872 962 898 mansura
982 860 1045 898 diu
1067 862 1250 908 quantum
1271 861 1395 899 radice
1417 861 1546 899 licebit

655 928 820 966 Crinitas
842 930 975 967 durare
996 940 1141 967 moras:
1165 930 1229 967 ubi
1250 930 1380 968 subter
1400 930 1552 968 adesam

652 998 785 1035 Perdit
807 998 962 1036 humum
983 998 1225 1037 circumfosso
1247 999 1323 1037 iam
1343 999 1496 1037 caudice
1512 999 1695 1047 pendens,

653 1067 739 1105 Huc
758 1067 849 1105 illuc
871 1069 1011 1106 certam
1031 1068 1158 1105 differt
1178 1068 1322 1106 incerta
1343 1068 1500 1106 ruinam.

653 1135 766 1173 Haud
787 1136 900 1174 aliter
920 1137 1019 1175 Loth
1040 1137 1079 1174 in
1099 1137 1224 1175 media
1243 1137 1431 1185 uertigine
1452 1138 1560 1185 uulgi

573 1204 626 1242 70
657 1204 828 1243 Nutabat
849 1206 950 1243 uinci
970 1216 1086 1254 prope
1108 1206 1203 1244 iam:
1227 1207 1292 1244 sed
1313 1206 1400 1244 diua
1420 1208 1592 1253 potestas

655 1274 850 1322 Subuenit,
872 1275 1035 1323 angelici
1055 1275 1212 1313 iuuenes
1235 1276 1279 1313 de
1301 1275 1429 1314 limine
1450 1277 1601 1323 raptum

655 1343 877 1382 Restituunt
898 1344 1033 1383 tectis:
1067 1345 1219 1383 demens
1241 1346 1307 1382 sed
1328 1346 1467 1393 uulgus
1489 1345 1629 1383 ibidem

656 1413 869 1452 Poenarum
890 1413 1068 1461 auspiciis
1090 1414 1281 1452 interdum
1301 1414 1440 1452 lumine
1462 1415 1640 1452 multant.

713 1483 806 1520 Tum
827 1483 977 1521 decreta
997 1483 1068 1520 Dei
1088 1484 1273 1529 reserant,
1298 1483 1449 1530 dignam
1469 1483 1583 1520 affore
1606 1494 1766 1531 poenam

576 1551 627 1589 75
658 1552 713 1589 De
736 1551 838 1590 caelo
860 1552 1042 1598 Sodomis,
1065 1551 1189 1599 ipsum
1212 1552 1393 1590 meruisse
1415 1552 1578 1590 salutem

655 1620 828 1658 Iustitiae
849 1620 982 1658 titulo:
1005 1621 1095 1668 quin
1116 1632 1205 1668 ergo
1227 1620 1434 1668 accingeris
1455 1620 1570 1658 istinc

655 1689 851 1728 Festinare
873 1690 1001 1737 fugam
1022 1690 1239 1738 pariterque
1261 1690 1417 1728 educere
1439 1689 1473 1727 si
1495 1701 1603 1737 quem

656 1758 785 1796 Gentis
807 1759 946 1796 habes:
969 1770 1036 1797 nos
1058 1759 1212 1797 exitium
1233 1759 1307 1797 iam
1328 1759 1539 1797 inducimus
1563 1758 1658 1796 urbi.

654 1828 751 1866 Loth
772 1839 932 1876 generos
955 1829 1052 1867 citus
1074 1829 1301 1876 alloquitur,
1334 1829 1399 1867 sed
1421 1830 1513 1866 dura
1533 1828 1724 1866 hominum
1746 1839 1850 1866 mens

572 1897 627 1934 80
658 1896 816 1936 Credere
837 1898 1008 1946 despexit
1029 1899 1212 1937 monitum
1232 1898 1393 1946 risitque
1413 1898 1595 1936 timorem.

495 2125 540 2159 58
563 2135 633 2159 non
658 2126 773 2159 rector
790 2124 876 2166 ΑΗ,
903 2125 1080 2159 conrector
1096 2123 1165 2166 Rv,
1190 2135 1275 2158 num
1299 2125 1411 2158 rector
1427 2136 1457 2165 v,
1483 2135 1576 2159 nunc
1600 2126 1713 2159 rector
1735 2124 1850 2160 Ooeorz.

402 2182 526 2228 iugera
557 2182 667 2217 libras
693 2182 739 2224 A,
770 2181 893 2226 iugera
924 2182 995 2216 iras
1018 2182 1068 2223 H,
1101 2183 1142 2216 ut
1165 2182 1306 2226 iugerat
1329 2182 1399 2216 iras
1424 2182 1469 2223 R,
1496 2184 1537 2216 ut
1560 2182 1700 2227 ingerat
1722 2183 1793 2216 iras
1818 2182 1898 2217 Mo-

401 2241 524 2282 relius,
563 2242 669 2284 atque
697 2239 832 2284 ingerit
860 2241 929 2274 iras
963 2239 1090 2282 Oxou„
1126 2238 1285 2284 duplicat
1320 2239 1391 2274 iras
1422 2240 1626 2282 Fabricius,
1659 2240 1781 2284 iugera
1807 2239 1899 2274 libas

401 2299 493 2332 coni.
519 2298 670 2339 Mulier,
701 2298 824 2342 iugera
850 2297 972 2331 adibas
996 2297 1083 2339 fort.
1222 2297 1265 2331 59
1290 2297 1378 2342 lues]
1404 2297 1499 2331 leues
1519 2298 1559 2331 H
1696 2298 1740 2331 62
1765 2308 1827 2331 ceu
1851 2299 1896 2339 A,

404 2356 487 2390 dum
511 2356 597 2396 HR,
625 2357 666 2389 ut
690 2355 773 2389 dum
798 2367 819 2391 v
963 2355 1007 2390 63
1031 2356 1068 2389 in
1092 2365 1255 2389 numeros
1280 2356 1328 2397 Η,
1355 2366 1519 2389 numeros
1544 2355 1590 2394 R,
1616 2371 1632 2390 *
1652 2367 1669 2390 c
1693 2366 1837 2389 numero
1862 2356 1897 2389 A

404 2416 439 2456 (a
465 2415 575 2459 eras.)
714 2424 822 2447 unum
846 2415 879 2447 A
1017 2412 1184 2447 subuehit
1208 2413 1254 2454 A,
1278 2412 1423 2446 uehitur
1446 2413 1531 2454 HR,
1565 2412 1676 2446 fertur
1699 2412 1897 2448 Fabricius

404 2474 439 2505 et
463 2482 483 2505 v
606 2481 743 2505 amnem
769 2471 815 2515 A,
841 2481 942 2505 amne
967 2471 1017 2512 H,
1042 2471 1079 2504 in
1105 2481 1225 2504 amnes
1250 2471 1296 2512 R,
1321 2470 1359 2504 in
1383 2481 1500 2505 omnes
1524 2481 1546 2505 v
1668 2470 1891 2504 innumerum

402 2539 511 2573 prono
545 2529 619 2572 (uel
654 2529 947 2573 innumerumque
982 2530 1066 2572 uno)
1098 2528 1184 2573 pede
1223 2528 1390 2563 subuehit
1421 2538 1547 2572 agmen
1583 2528 1674 2562 coni.
1712 2528 1853 2562 Mulier

404 2585 449 2620 64
474 2587 505 2620 si
530 2597 617 2631 quas
642 2586 695 2621 R¹
801 2586 934 2621 rabidis
959 2587 1051 2621 coni.
1076 2586 1217 2620 Miiller
1352 2585 1395 2620 65
1419 2595 1582 2619 mensura
1607 2586 1644 2617 H
1760 2585 1802 2619 67
1831 2585 1894 2619 cir-

523 2639 539 2653 u

404 2671 483 2695 eum
510 2660 585 2695 foso
609 2661 645 2695 A
804 2661 848 2695 69
873 2659 987 2695 medio
1014 2660 1050 2696 R
1209 2661 1318 2705 uulgo
1341 2660 1398 2694 H¹
1559 2661 1603 2695 70
1626 2660 1775 2694 notabat
1799 2662 1853 2694 A¹

340 2743 343 2747 .
405 2718 449 2752 71
475 2717 594 2762 angeli
612 2718 649 2753 R
785 2719 829 2752 72
854 2718 927 2762 sed]
954 2720 990 2752 et
1006 2719 1042 2752 A
1180 2718 1224 2752 73
1247 2717 1416 2762 hospiciis
1433 2718 1484 2752 A·
1625 2718 1780 2752 interdiu
1804 2718 1897 2752 corii.

404 2775 567 2809 Riuirius
727 2775 864 2811 lumina
889 2776 925 2811 R
1083 2787 1116 2820 p.
1141 2786 1170 2810 a.
1197 2775 1372 2809 multatur
1395 2775 1529 2809 lumine
1555 2775 1631 2810 diro
1656 2775 1851 2810 Fabricius

408 2831 453 2866 74
476 2833 560 2866 tunc
586 2832 683 2867 HRv
805 2834 937 2867 secreta
961 2833 1005 2867 H
1092 2833 1197 2867 affore
1221 2833 1271 2873 H,
1296 2832 1369 2866 fore
1394 2832 1441 2874 R,
1468 2832 1542 2867 fora
1566 2834 1602 2867 A
1725 2833 1767 2866 77
1794 2843 1896 2876 quem

408 2889 511 2930 HA2,
538 2892 666 2932 queant
690 2890 751 2930 Αἱ,
779 2890 864 2933 quid
890 2890 948 2925 Rv
1149 2890 1194 2925 80
1219 2889 1371 2934 dispexit
1396 2890 1431 2923 A
1637 2891 1790 2934 resitque
1817 2892 1854 2923 H
