2032 3248
368 239 448 280 156
998 231 1243 275 Appendix.

363 342 582 391 apparebit,
615 340 679 388 qui
709 339 931 387 disciplinae
953 339 1122 377 laborem
1156 339 1195 376 in
1231 339 1490 378 adulescentia
1518 351 1594 379 non
1623 338 1878 377 sustinuerit?

363 412 623 460 quodcumque
659 408 799 447 etenim
820 409 930 447 homo
951 408 1206 456 laborauerit,
1239 409 1310 448 hoc
1342 410 1380 448 et
1408 410 1539 447 metet.
1571 407 1724 447 omnis
1756 420 1878 447 nam-

363 492 452 529 que
483 478 753 527 disciplina
799 478 845 515 in
890 477 1153 525 praesenti
1196 490 1287 517 non
1331 478 1531 516 uidetur
1569 489 1679 517 esse
1711 478 1879 526 gaudii

363 550 444 588 sed
460 548 718 587 maeroris:
742 549 912 595 postea
933 549 1090 585 autem
1111 547 1324 586 fructum
1353 547 1726 596 pacatissimum
1747 559 1879 601 exer7

362 618 536 658 citatio
567 629 652 666 per
682 628 782 655 eam
812 616 978 654 reddit
999 616 1245 655 iustitiae.
1269 617 1369 655 sicut
1389 628 1478 665 ergo
1500 617 1648 656 fructus
1670 629 1746 656 non
1767 616 1876 656 111116-
1894 630 1909 652 5

362 687 465 725 nitur
483 687 523 724 in
540 688 674 725 arbore
696 686 736 723 in
757 697 832 734 qua
854 684 1055 733 pampinus
1077 687 1143 724 aut
1166 686 1235 724 flos
1256 686 1363 734 prius
1384 698 1459 725 non
1480 685 1724 734 apparuerit,
1764 685 1821 724 810
1842 688 1880 724 et

361 756 401 793 in
433 757 629 794 senectute
650 756 830 793 honorem
861 753 1075 802 legitimum
1112 755 1293 803 consequi
1314 766 1389 794 non
1417 754 1559 804 poterit
1584 755 1650 803 qui
1678 755 1717 792 in
1747 755 1878 793 adule-

363 825 510 864 scentia
531 824 755 873 disciplinae
777 823 939 862 alicuius
960 823 1297 863 exercitationibus
1318 836 1393 864 non
1409 824 1654 863 laborauerit.
1677 823 1878 873 disciplina

363 894 483 943 igitur
505 895 645 943 absque
668 893 908 932 oboedientia
940 893 1107 942 qualiter
1136 893 1219 932 fieri
1247 892 1404 942 potest?
1437 894 1661 933 adulescens
1683 904 1773 942 ergo
1795 893 1877 931 sine

361 964 601 1002 oboedientia
617 963 840 1002 adulescens
857 964 938 1002 sine
955 962 1161 1011 disciplina
1177 966 1257 1002 est:
1283 964 1462 1013 quoniam
1478 966 1516 1003 et
1537 964 1621 1013 ipsa
1637 963 1876 1003 oboedientia
1891 975 1925 1000 10

363 1044 459 1081 quae
480 1033 646 1072 omnium
667 1032 956 1080 disciplinarum
977 1034 1098 1071 mater
1120 1035 1180 1071 est
1201 1044 1339 1081 magna
1360 1028 1630 1072 exercitatione
1652 1032 1812 1081 indiget,
1836 1035 1878 1070 ut

361 1102 420 1140 sui
441 1113 612 1140 normam
634 1101 751 1140 studii
772 1102 923 1140 Christo
945 1102 1103 1141 Domino
1125 1103 1307 1141 exhibeat
1328 1103 1393 1151 qui
1415 1102 1617 1141 oboediens
1638 1101 1740 1150 patri
1758 1114 1875 1150 usque

360 1171 408 1209 ad
428 1173 588 1210 mortem
610 1171 733 1210 crucis
755 1170 1002 1220 ignominiam
1023 1170 1189 1210 libenter
1207 1172 1402 1210 sustinuit.

771 1304 922 1342 DIVES
960 1304 1075 1342 SINE
1107 1304 1460 1343 ELEEMOSYNA.

316 1401 346 1442 4
415 1408 579 1453 Quartus
601 1408 797 1446 abusionis
818 1409 959 1456 gradus
981 1410 1040 1446 est
1062 1408 1168 1447 diues
1190 1409 1272 1447 sine
1294 1409 1552 1458 eleemosyna,
1590 1408 1656 1457 qui
1685 1408 1875 1457 superflua
1890 1418 1921 1440 1⁵

358 1489 449 1516 usus
473 1478 531 1516 sui
554 1489 650 1526 quae
673 1478 922 1517 custodienda
953 1479 992 1516 in
1012 1481 1207 1527 posterum
1229 1479 1404 1518 recondit
1430 1479 1694 1527 indigentibus
1716 1480 1754 1517 et
1775 1478 1871 1516 nihil

358 1546 591 1586 habentibus
613 1559 688 1586 non
710 1547 928 1586 distribuit:
961 1559 1029 1596 per
1050 1549 1150 1596 quod
1171 1548 1355 1598 efficitur,
1388 1550 1432 1587 ut
1453 1549 1541 1587 dum
1572 1548 1611 1586 in
1632 1550 1736 1586 terra
1757 1559 1874 1596 quae-

358 1615 434 1654 sita
455 1615 633 1665 diligenti
665 1627 757 1655 cura
797 1617 985 1665 custodit,
1026 1617 1202 1656 caelestis
1247 1618 1395 1666 patriae
1424 1629 1629 1667 perennem
1649 1618 1871 1655 thesaurum

358 1685 522 1724 amittat.
546 1687 594 1724 ad
616 1697 727 1734 quem
748 1687 971 1725 thesaurum
992 1686 1177 1725 Dominus
1201 1688 1310 1726 Iesus
1332 1687 1613 1726 adulescentem
1630 1686 1790 1724 diuitem
1809 1686 1872 1733 qui

356 1765 442 1792 eum
463 1756 509 1794 de
530 1756 759 1803 perfectione
797 1757 1102 1806 interrogauerat
1131 1757 1187 1796 ita
1221 1759 1454 1806 respondens
1488 1758 1688 1796 inuitauit:
1721 1758 1763 1795 si
1794 1757 1919 1795 uis2·x

355 1825 614 1872 perfectus
645 1837 771 1874 esse,
804 1827 924 1865 uade
946 1827 1096 1865 uende
1129 1827 1286 1865 omnia
1307 1839 1427 1876 quae
1449 1826 1594 1866 h'abes
1616 1829 1661 1865 et
1683 1828 1738 1865 da
1758 1838 1870 1874 pau—

355 1893 580 1942 peribus,
613 1896 659 1932 et
689 1895 800 1934 ueni
832 1907 1037 1944 sequere
1069 1908 1155 1943 me,
1203 1898 1249 1935 et
1279 1896 1487 1935 habebis
1519 1897 1804 1934 thesaurum
1825 1895 1869 1933 in

359 1963 504 2001 caelo.
528 1974 639 2011 quem
659 1964 883 2003 thesaurum
903 1965 1035 2004 nullus
1056 1977 1235 2014 umquam
1256 1966 1450 2005 hominum
1471 1966 1611 2004 habere
1632 1967 1771 2013 potest,
1795 1965 1869 2003 nisi

356 2031 421 2079 qui
442 2032 674 2080 pauperibus
693 2033 835 2072 solacia
855 2035 1026 2082 praestat
1048 2037 1113 2073 aut
1135 2045 1202 2082 per
1224 2037 1342 2074 semet
1364 2035 1489 2083 ipsum
1510 2046 1654 2084 pauper
1676 2036 1748 2073 est.
1791 2046 1865 2073 non

445 2224 467 2257 2
493 2223 601 2258 Hebr.
631 2223 684 2266 12,
711 2225 765 2258 11.
906 2225 953 2260 20
978 2224 1111 2259 Matth.
1140 2226 1194 2267 19,
1219 2226 1274 2260 21.

444 2407 466 2441 2
491 2409 527 2442 et
555 2408 586 2442 G
610 2419 638 2443 s.
664 2409 686 2443 l.
712 2420 757 2443 m.
783 2411 809 2446 2
914 2410 936 2444 3
961 2420 1036 2444 esse
1060 2420 1125 2445 om.
1153 2410 1193 2444 X
1296 2411 1319 2445 4
1343 2411 1476 2455 autem]
1504 2421 1585 2445 uero
1610 2420 1630 2443 c
1740 2411 1866 2445 exerci-

351 2464 441 2499 tatis
469 2464 510 2499 X
638 2467 661 2501 5
684 2466 807 2501 reddet
837 2468 888 2502 Vv
1020 2478 1102 2513 ergo
1128 2479 1195 2503 om.
1220 2469 1269 2509 X,
1296 2468 1391 2503 enim
1421 2469 1454 2503 V
1584 2469 1605 2503 6
1630 2470 1666 2503 et
1692 2479 1757 2503 om.
1784 2470 1820 2502 X

352 2522 373 2555 7
392 2522 532 2566 assequi
549 2533 569 2557 v
661 2524 683 2558 8
700 2525 951 2560 exercitatione
968 2522 990 2560 23
1083 2525 1128 2560 10
1153 2525 1378 2561 oboedientia
1403 2526 1602 2561 aduliscens
1627 2526 1755 2571 (igitur
1778 2527 1865 2562 add.

357 2579 409 2624 V)
435 2590 462 2613 8.
489 2578 678 2625 disciplina
708 2582 788 2625 GV,
813 2583 1004 2628 disciplina
1029 2594 1058 2618 3.
1083 2595 1109 2618 8.
1136 2584 1361 2619 oboedientia
1386 2584 1446 2620 Xv
1587 2584 1630 2618 11
1656 2585 1710 2618 est
1740 2584 1773 2620 G
1796 2595 1822 2620 s.
1843 2586 1864 2619 l.

350 2647 394 2671 m.
420 2638 445 2671 2
553 2638 610 2682 ut]
636 2640 768 2674 etenim
793 2641 841 2683 X,
870 2651 960 2686 quae
983 2651 1004 2676 v
1115 2641 1158 2676 12
1182 2653 1203 2676 3
1227 2642 1362 2677 christo
1382 2642 1431 2684 X,
1458 2642 1495 2676 in
1520 2642 1654 2677 christo
1681 2653 1701 2676 v
1810 2653 1867 2677 ex·

352 2693 488 2739 hibeat]
516 2696 664 2741 suscipit
682 2697 733 2739 X,
758 2699 912 2743 sumpsit
928 2710 949 2734 v
1051 2700 1095 2733 16
1120 2710 1205 2734 118118
1231 2700 1287 2735 8111
1312 2712 1379 2735 om.
1405 2700 1446 2734 X
1537 2710 1698 2744 quaeque
1729 2700 1821 2735 G²X

349 2750 539 2786 recondens
566 2753 607 2787 X
757 2756 799 2789 17
825 2755 920 2802 dum]
949 2767 1028 2791 cum
1055 2757 1097 2792 X
1248 2759 1291 2792 19
1316 2757 1457 2792 amittit
1481 2757 1548 2799 X¹‚
1574 2757 1759 2792 ammittat
1788 2759 1818 2792 G

350 2809 412 2852 qui
437 2809 541 2844 illum
571 2811 612 2852 V,
638 2811 741 2846 illurn
768 2813 830 2857 qui
858 2815 890 2848 G
1052 2815 1099 2849 20
1123 2815 1292 2850 incitauit
1322 2815 1358 2850 V
1476 2819 1479 2821 '
1516 2815 1560 2849 21
1586 2814 1676 2850 uade
1701 2816 1736 2849 et
1767 2815 1818 2850 Vr

348 2865 394 2900 22
419 2868 455 2900 et
480 2877 624 2911 sequere
655 2870 689 2904 V
849 2871 894 2906 23
919 2872 1103 2906 hominum
1130 2883 1298 2916 umquam
1330 2873 1363 2907 V
1522 2873 1570 2909 24
1595 2884 1630 2907 86
1656 2873 1770 2917 ipsum
1798 2883 1819 2906 2·
