2032 3248
350 257 432 298 206
979 253 1223 299 Appendix.

349 361 517 400 tionibus
539 360 763 409 appetitur?
806 362 872 398 aut
907 360 1058 398 illorum
1094 361 1167 399 erit
1189 361 1339 399 sincera
1359 360 1585 399 fraternitas
1606 361 1857 408 aestimanda,

349 431 393 468 de
425 430 562 478 quibus
594 429 694 468 filiae
716 429 850 467 matris
892 429 1072 468 ecclesiae
1107 429 1368 477 perducuntur
1404 429 1443 466 in
1481 430 1658 478 culpam?
1701 430 1733 468 si
1768 430 1859 468 talis

348 500 559 539 christiana
580 499 720 538 caritas
741 499 959 546 adnotatur,
983 499 1245 537 indubitanter
1261 499 1347 537 odia
1367 498 1523 537 meliora
1544 501 1633 537 sunt
1653 510 1748 547 quae
1770 500 1859 537 dum

349 571 529 617 separant
549 569 738 607 neminem
758 567 963 607 maculant.
1006 569 1100 607 haec
1122 570 1249 606 autem
1270 567 1512 616 parricidalis
1543 567 1696 606 dilectio
1719 568 1859 606 fratres

347 640 608 687 persecutores
630 638 796 676 adunare
818 637 1034 684 consueuit,
1073 637 1138 685 qui
1174 637 1339 675 libenter
1374 637 1573 684 patiuntur
1611 637 1655 675 de
1679 648 1745 675 suo
1767 648 1856 676 con·
1871 651 1886 676 5

345 707 464 746 sortio
500 707 599 746 filias
638 707 820 746 ecclesiae
860 706 1085 745 fornicarias
1123 706 1313 745 diffamari
1351 708 1482 744 contra
1517 706 1712 744 caritatem
1745 718 1859 755 quam

345 777 490 815 Paulus
511 777 706 825 apostolus
729 776 858 815 docuit
879 776 1030 814 dicens:
1072 775 1279 814 dilectio
1317 775 1527 823 proximi
1563 776 1737 813 malum
1767 787 1858 814 non

346 847 593 894 operatur.
626 845 782 894 egregia
812 845 986 894 probatio
1008 844 1202 892 caritatis,
1243 856 1339 892 quae
1359 857 1434 883 non
1455 846 1605 882 tantum
1635 844 1746 883 noxia
1767 855 1856 892 ger-

346 914 530 955 manitate
553 914 673 953 officit
694 914 885 963 proximo,
925 914 992 953 sed
1014 914 1128 952 etiam
1149 913 1321 952 subiecta
1342 925 1417 952 non
1437 914 1521 952 uult
1543 924 1625 952 esse
1647 914 1856 962 praescrip-

344 983 512 1022 tionibus
545 983 775 1033 apostolicae
797 982 991 1021 iussionis.
1015 982 1292 1021 confundantur
1312 983 1526 1022 adsertores
1548 982 1762 1021 dilectionis
1783 983 1857 1021 hu·
1871 994 1904 1019 ιο

345 1052 563 1100 iuscemodi,
602 1064 695 1100 quos
730 1052 900 1091 iudicant
937 1052 997 1089 illi
1033 1051 1098 1100 qui
1134 1063 1201 1100 pro
1233 1051 1493 1091 communibus
1514 1052 1719 1091 commodis
1741 1052 1857 1090 etiam

345 1121 663 1170 consanguineam
687 1122 870 1160 deserunt
888 1121 1103 1159 caritatem.

274 1191 331 1230 30
402 1191 447 1228 In
468 1191 569 1230 omni
591 1191 729 1229 mundo
750 1201 870 1239 paene
891 1192 1015 1229 totum
1036 1190 1207 1229 iunctum
1228 1192 1287 1228 est
1303 1201 1424 1238 genus
1441 1190 1646 1229 humanum
1665 1191 1703 1229 et
1719 1190 1857 1238 ubique

344 1260 517 1308 cognatio
539 1259 728 1298 naturalis
752 1260 902 1299 alterna
922 1258 1229 1308 peregrinatione
1251 1260 1491 1298 discernitur.
1533 1261 1694 1308 possunt
1716 1270 1854 1308 paren-

343 1331 422 1377 tes,
454 1331 615 1378 possunt
635 1329 719 1377 filii,
743 1330 906 1377 possunt
926 1328 1087 1376 fratres,
1120 1330 1280 1377 possunt
1302 1330 1340 1367 et
1362 1327 1436 1376 ipsi
1458 1329 1557 1377 quod
1578 1329 1664 1376 plus
1687 1329 1746 1366 est
1765 1340 1853 1367 con·
1871 1342 1901 1366 15

343 1399 453 1447 iuges
475 1409 497 1436 a
517 1398 594 1437 Deo
628 1409 809 1437 concessa
840 1398 916 1436 sibi
937 1399 1098 1436 naturae
1119 1397 1274 1436 uincula
1296 1398 1542 1446 disrumpere,
1566 1399 1604 1435 et
1626 1397 1754 1436 clerici
1774 1397 1853 1436 Deo

340 1479 415 1506 non
433 1468 661 1507 concedente
684 1468 839 1516 insuper
860 1467 1082 1515 prohibente
1103 1467 1302 1505 mulierum
1325 1467 1483 1506 nexibus
1504 1466 1724 1505 ancillatam
1745 1477 1855 1505 recu-

341 1547 425 1574 sare
446 1547 521 1575 non
542 1537 672 1575 ualent
694 1535 891 1575 caritatem
908 1538 926 1574 ‘?
969 1536 1135 1584 optanda
1165 1548 1315 1584 semper
1345 1536 1517 1584 cognatis
1539 1537 1764 1574 absentatur
1786 1536 1854 1574 ad-

341 1604 472 1643 finitas
492 1606 761 1654 proximorum,
785 1607 822 1644 et
843 1605 1085 1653 peregrinari
1116 1605 1163 1644 ab
1194 1605 1384 1644 extraneis
1404 1604 1557 1643 feminis
1579 1605 1709 1644 clerici
1730 1605 1853 1644 reluc-

341 1675 500 1714 tantur?
539 1675 676 1724 quibus
710 1675 926 1713 faciendum
948 1675 1094 1722 fuerat,
1126 1675 1242 1713 etiam
1265 1675 1300 1712 si
1321 1674 1513 1723 peculiare
1544 1674 1689 1723 aliquid
1710 1675 1773 1713 uel
1794 1674 1853 1712 in-
1869 1689 1903 1715 20

339 1746 562 1783 consuetum
581 1744 766 1782 Dominus
788 1743 1034 1791 imperasset,
1057 1743 1122 1791 qui
1144 1745 1191 1782 ad
1213 1744 1438 1792 explicanda
1454 1743 1697 1791 inpossibilia
1713 1744 1856 1781 habent

338 1813 518 1862 spiritum
539 1815 725 1860 sanctum,
758 1824 869 1861 quern
889 1812 1073 1851 mundani
1093 1813 1264 1851 homines
1285 1824 1360 1852 non
1373 1813 1529 1851 habent.
1554 1814 1653 1851 unde
1666 1813 1854 1852 Iohannes

338 1883 536 1931 apostolus
558 1883 612 1922 sic
633 1883 810 1921 admonet
838 1882 990 1921 dicens:
1033 1882 1193 1921 filioli
1229 1882 1419 1921 uincite
1451 1883 1589 1929 illos,
1627 1882 1855 1931 quoniam

339 1951 488 1990 maior
528 1953 601 1990 est
642 1951 727 2000 qui
767 1951 815 1989 in
855 1951 996 1990 uobis
1037 1953 1113 1990 est
1150 1963 1287 2000 quam
1322 1952 1370 1989 in
1411 1952 1497 1990 hoc
1533 1952 1716 1990 mundo.
1753 1963 1854 1991 nunc

339 2032 427 2059 uero
468 2021 651 2069 possibile
688 2020 804 2059 etiam
835 2020 1014 2069 gentibus
1035 2032 1110 2059 non
1132 2021 1254 2060 dicam
1277 2020 1504 2059 Christianis
1535 2023 1574 2059 et
1595 2021 1679 2060 leue
1700 2021 1848 2069 prospi-
1867 2037 1898 2062 25

338 2089 439 2128 citur
459 2091 497 2128 et
518 2091 618 2138 apud
641 2089 795 2128 clericos
818 2090 899 2128 sine
921 2089 1011 2128 ullis
1034 2089 1232 2128 effectibus
1254 2092 1472 2137 euacuatur,
1505 2092 1548 2128 ut
1568 2101 1703 2139 parum
1725 2090 1776 2128 sit
1798 2089 1852 2128 eis

337 2158 408 2196 Dei
424 2159 604 2197 mandata
619 2158 823 2206 despicere,
845 2158 920 2196 nisi
942 2157 1046 2196 aliud
1067 2159 1228 2197 dedecus
1250 2159 1429 2206 habeant,
1453 2159 1553 2208 quod
1568 2170 1636 2197 nec
1657 2161 1852 2197 sectantur

338 2239 412 2265 non
434 2227 556 2266 dicam
577 2227 736 2266 uincunt
758 2227 925 2266 omnium
948 2226 1120 2276 gentium
1143 2229 1473 2267 consuetudinem:
1508 2228 1645 2277 quibus
1667 2227 1849 2266 Dominus

337 2307 404 2344 per
424 2296 602 2335 Ezechiel
624 2297 827 2344 exprobrat
848 2299 887 2334 et
908 2297 1021 2335 dicit:
1054 2296 1101 2334 in
1138 2297 1397 2346 legalibus
1435 2297 1552 2336 meis
1583 2309 1675 2335 non
1696 2297 1849 2335 ambu-

337 2365 489 2404 lastis
530 2368 575 2404 et
615 2366 1021 2405 iustificationes
1042 2378 1168 2405 meas
1190 2379 1281 2405 non
1322 2366 1539 2414 fecistis,
1582 2366 1665 2405 sed
1695 2378 1895 2415 nequeao

336 2436 600 2474 secundum
640 2435 1050 2475 iustificationes
1100 2437 1320 2485 gentium
1360 2448 1479 2484 quae
1525 2437 1638 2475 sunt
1679 2435 1726 2473 in
1758 2436 1848 2475 cir-

429 2574 448 2608 7
474 2574 573 2608 Rom.
602 2575 656 2619 13,
686 2575 738 2609 10.
880 2575 925 2609 23
950 2575 967 2608 Ι
992 2575 1044 2609 Io.
1070 2575 1103 2615 4,
1128 2574 1162 2609 4.
1301 2576 1346 2611 29
1371 2576 1429 2610 Ez.
1455 2577 1487 2617 5,
1513 2576 1543 2610 7.

428 2711 449 2746 9
475 2713 653 2756 proximos
681 2714 710 2749 G
734 2715 796 2757 (cf.
823 2716 934 2751 Lacr.
961 2718 995 2757 2,
1023 2718 1103 2759 155>
1294 2716 1337 2750 10
1362 2716 1564 2761 euangelice
1591 2716 1649 2750 uel
1674 2716 1844 2760 apostoli-

334 2779 394 2803 cae
426 2768 456 2803 G
709 2772 965 2818 huiuscemodi]
999 2774 1144 2808 huiusce
1169 2790 1274 2809 *me*
1307 2773 1335 2808 C
1598 2773 1640 2807 17
1666 2790 1744 2807 *Η
1769 2785 1845 2808 mu-

333 2826 463 2860 lierum
481 2843 526 2861 *³⁶
556 2828 585 2864 C
769 2830 976 2865 ancillatam
1002 2832 1060 2866 uel
1086 2831 1311 2876 conpeditam
1343 2832 1371 2867 C
1558 2832 1600 2866 18
1626 2843 1695 2866 non
1722 2832 1845 2866 ualent

334 2894 492 2918 recusare
517 2895 536 2918 v
675 2886 718 2920 27
746 2889 910 2922 secantur
940 2888 983 2923 0¹
1123 2889 1167 2923 29
1192 2889 1401 2923 ezechielem
1426 2899 1445 2923 v
