2032 3248
281 237 334 279 28
684 235 869 270 Arnobii
901 236 1118 271 aduersus
1152 237 1362 272 nationes

283 352 317 393 si
351 353 461 394 certa
492 353 553 394 est
598 351 721 405 ratio,
769 364 839 394 cur
867 351 911 393 id
941 352 1057 394 uobis
1098 352 1325 394 faciendum
1366 352 1538 405 putetis.
1585 354 1625 394 et
1655 353 1771 396 nobis

294 420 523 474 permittite
559 421 680 470 scire,
728 421 875 474 quibus
912 421 1021 464 istud
1060 421 1190 464 causis
1226 421 1532 475 rationibusque
1562 422 1770 465 faciamus.

221 496 276 535 42
291 492 433 532 natum
469 490 675 532 hominem
706 490 851 532 colitis.
897 490 1059 532 etiamsi
1090 491 1197 533 esset
1225 491 1266 533 id
1309 503 1476 541 uerum,
1522 491 1622 534 locis
1653 494 1699 534 ut
1729 493 1772 534 in

283 559 556 613 superioribus
588 559 743 601 dictum
776 560 857 610 est,
889 560 1028 602 tamen
1064 571 1134 614 pro
1173 559 1316 602 multis
1348 561 1389 601 et
1420 560 1505 602 tam
1535 560 1771 603 liberalibus

282 628 398 670 donis
428 641 531 682 quae
561 628 610 670 ab
644 640 687 670 eo
723 628 904 681 profecta
928 629 970 670 in
992 628 1108 670 nobis
1146 630 1240 671 sunt
1270 629 1367 671 deus
1389 628 1470 671 dici
1496 629 1772 684 appellarique
1803 646 1818 670 5

284 698 459 740 deberet.
511 710 603 739 cum
635 710 728 739 uero
759 698 856 740 deus
878 698 933 740 sit
953 710 994 739 re
1017 700 1125 739 certa
1146 699 1186 739 et
1207 698 1294 740 sine
1315 698 1440 740 ullius
1462 698 1588 740 seriae
1609 698 1770 741 dubita-

284 766 406 808 tionis
437 766 640 821 ambigue,
672 767 917 809 infitiaturos
949 767 1205 808 arbitramini
1227 780 1299 809 nos
1322 779 1420 818 esse,
1454 780 1575 820 quam
1597 767 1772 810 maxime

282 835 403 877 illum
433 835 483 878 ab
519 836 633 877 nobis
673 836 748 878 coli
779 837 820 877 et
859 836 1087 889 praesidem
1131 836 1259 878 nostri
1300 836 1474 889 corporis
1516 836 1772 890 nuncupari?

283 917 441 961 ergone,
488 904 646 958 inquiet
676 904 824 958 aliquis
863 904 1001 946 furens
1039 904 1168 947 iratus
1200 906 1240 947 et
1269 905 1459 958 percitus,
1492 907 1587 947 deus
1618 905 1688 947 ille
1710 907 1772 947 est

283 973 499 1016 Christus?
530 974 641 1024 deus,
673 972 1016 1027 respondebimus,
1050 974 1090 1015 et
1109 973 1349 1015 interiorum
1380 973 1654 1027 potentiarum
1674 976 1772 1016 deus
1787 991 1818 1016 ιο

283 1045 324 1085 et
368 1044 473 1096 quod
519 1043 652 1096 magis
698 1042 842 1084 infidos
893 1042 1164 1084 acerbissimis
1209 1042 1414 1084 doloribus
1459 1044 1667 1096 torqueat,
1713 1043 1771 1085 rei

284 1112 484 1154 maximae
522 1124 641 1153 causa
674 1124 696 1152 a
727 1123 886 1153 summo
918 1123 1011 1165 rege
1042 1111 1091 1153 ad
1121 1123 1192 1153 nos
1222 1111 1383 1153 missus.
1434 1112 1661 1164 postulabit
1691 1111 1770 1153 for-

282 1181 389 1223 sitan
421 1181 600 1223 insanior
631 1181 672 1222 et
702 1180 891 1222 furiosior
920 1179 1070 1230 factus,
1104 1193 1153 1222 an
1185 1192 1225 1222 se
1254 1180 1314 1222 ita
1344 1192 1406 1222 res
1432 1180 1597 1231 habeat,
1631 1193 1771 1234 quem-

286 1249 506 1292 admodum
537 1249 725 1300 dicimus,
759 1249 1022 1302 comprobari.
1078 1249 1191 1291 nulla
1221 1249 1349 1291 maior
1383 1250 1444 1290 est
1483 1250 1771 1304 comprobatiQ

283 1332 402 1372 quam
449 1319 656 1373 gestarum
688 1318 738 1360 ab
770 1329 813 1360 eo
845 1317 942 1359 fides
987 1331 1140 1368 rerum,
1188 1331 1309 1371 quam
1349 1318 1551 1360 uirtutum
1592 1319 1816 1370 nouitaS,15

284 1401 406 1441 quam
452 1387 588 1429 omnia
626 1386 737 1428 uicta
774 1387 935 1428 decreta
972 1387 1248 1440 dissolutaque
1288 1386 1449 1437 fatalia,
1491 1400 1593 1441 quae
1632 1388 1771 1442 populi

187 1467 267 1501 ωε,
283 1458 503 1511 gentesque
533 1469 604 1497 suo
635 1455 721 1510 geri
752 1456 828 1497 sub
859 1455 1014 1497 lumine
1061 1456 1172 1497 nullo
1210 1455 1474 1498 dissentiente
1519 1456 1722 1509 uiderunt,
1762 1456 1767 1512 Ι

284 1538 382 1579 quae
414 1537 487 1567 nec
526 1524 604 1578 ipsi
644 1525 797 1566 audent
835 1524 1031 1566 falsitatis
1070 1537 1257 1579 arguere,
1300 1537 1470 1578 quorum
1511 1526 1699 1579 antiquas
1731 1527 1771 1568 et

284 1595 436 1649 patrias
485 1594 594 1648 leges
645 1593 840 1635 uanitatis
890 1606 976 1635 esse
1025 1593 1283 1646 plenissimas
1334 1594 1455 1647 atque
1504 1594 1768 1636 inanissimae

218 1669 270 1709 43
286 1663 584 1717 superstitionis
614 1662 803 1704 ostendit.
856 1674 1092 1704 occursurus
1122 1662 1291 1704 forsitan
1322 1674 1459 1703 rursus
1482 1663 1543 1704 est
1564 1676 1656 1704 cum
1678 1663 1816 1704 aliisao

285 1732 428 1774 multis
468 1731 727 1774 calumniosis
770 1730 855 1772 illis
900 1732 940 1773 et
985 1731 1210 1784 puerilibus
1255 1730 1440 1773 uocibus:
1487 1744 1632 1786 magus
1677 1732 1769 1782 fuit,

285 1800 543 1843 clandestinis
574 1800 731 1843 artibus
762 1800 898 1842 omnia
927 1800 1001 1842 illa
1022 1799 1200 1853 perfecit,
1236 1800 1530 1855 Aegyptiorum
1562 1813 1606 1842 ex
1637 1800 1771 1855 adytis

284 1870 520 1924 angelorum
551 1869 780 1923 potentium
811 1869 973 1911 nomina
1004 1870 1044 1911 et
1065 1869 1241 1911 remotas
1263 1869 1420 1911 furatus
1438 1870 1500 1910 est
1521 1869 1768 1922 disciplinas.

285 1938 382 1991 quid
414 1938 570 1989 dicitis,
602 1950 623 1979 ο
655 1938 838 1992 paruuli,
870 1938 1120 1992 incomperta
1150 1938 1266 1980 uobis
1298 1938 1338 1979 et
1368 1938 1502 1979 nescia
1531 1938 1771 1980 temerariae

285 2007 395 2049 uocis
425 2007 670 2060 loquacitate
701 2007 954 2062 garrientes?
985 2019 1128 2062 ergone
1159 2007 1232 2048 illa
1263 2019 1363 2060 quae
1399 2007 1513 2062 gesta
1548 2008 1645 2048 sunt
1675 2007 1769 2048 dae·
1784 2018 1817 2045 2⁵

285 2088 451 2117 monum
482 2075 594 2117 fuere
624 2075 869 2130 praestigiae
900 2076 941 2117 et
970 2076 1222 2130 magicarum
1253 2076 1405 2118 artium
1436 2076 1550 2117 ludi?
1600 2076 1770 2129 potestis

285 2144 461 2198 aliquem
502 2144 617 2186 nobis
660 2144 892 2199 designare,
940 2145 1166 2186 monstrare
1198 2157 1242 2186 ex
1273 2144 1460 2186 omnibus
1499 2143 1585 2185 illis
1624 2145 1767 2198 magis,

286 2214 355 2266 qui
384 2226 576 2267 umquam
609 2213 720 2255 fuere
750 2226 820 2266 per
841 2212 1012 2258 saecula,
1045 2213 1255 2255 consimile
1276 2212 1432 2266 aliquid
1453 2212 1612 2254 Christo
1634 2212 1770 2254 mille-

286 2282 390 2324 sima
420 2294 467 2323 ex
496 2283 611 2336 parte
650 2282 720 2334 qui
759 2281 925 2323 fecerit?
975 2282 1044 2334 qui
1084 2282 1171 2323 sine
1202 2281 1297 2323 ulla‘
1317 2281 1359 2323 ui
1390 2281 1635 2330 carminum,
1683 2281 1768 2323 sine

286 2350 502 2392 herbarum
538 2351 579 2392 et
617 2350 850 2405 graminum
891 2350 1009 2393 sucis.
1054 2350 1139 2392 sine
1178 2350 1262 2391 ulla
1307 2349 1444 2402 aliqua
1488 2350 1816 2392 obseruationem

333 2578 351 2610 1
377 2576 486 2611 uobus
524 2578 554 2609 Ρ
575 2587 655 2611 corr
679 2587 699 2610 r
857 2577 878 2611 3
903 2588 975 2611 esse
1006 2578 1038 2610 Ρ
1172 2578 1193 2612 5
1224 2578 1484 2622 appellariquae
1521 2579 1554 2611 P
1576 2589 1656 2612 corr

287 2636 307 2668 6
333 2634 437 2668 seriae
461 2634 608 2677 scripsi:
649 2634 698 2668 rei
725 2635 760 2668 P
784 2635 842 2669 del
875 2635 943 2669 Urs
1123 2636 1144 2669 8
1170 2646 1190 2669 a
1216 2635 1287 2670 Sab
1470 2637 1511 2669 11
1536 2635 1768 2669 aceruissimis

287 2693 320 2724 P
343 2701 423 2725 corr
605 2691 647 2725 12
680 2691 827 2726 maxime
852 2693 886 2724 P
1064 2692 1259 2737 postulabit
1295 2693 1384 2727 Sab:
1424 2693 1625 2738 postulauit·
1649 2694 1682 2725 P

288 2749 328 2783 17
354 2751 542 2792 gentesque
570 2749 659 2782 Sab:
696 2751 817 2792 gentes
855 2760 942 2793 quae
966 2750 999 2782 P
1134 2750 1208 2794 geri
1245 2750 1308 2784 sub
1343 2750 1475 2784 lumine
1507 2750 1592 2784 Urs.-
1631 2751 1768 2794 generis

288 2805 476 2838 sublimine
494 2806 526 2837 P
659 2797 758 2840 uide}
778 2807 811 2840 P
836 2805 953 2840 uidere
972 2806 1041 2841 δατ)
1174 2807 1214 2841 18
1231 2809 1265 2841 et
1285 2807 1370 2841 Get:
1395 2806 1454 2840 sed
1474 2807 1507 2840 P
1531 2817 1588 2840 seu
1610 2807 1680 2841 θαι»

289 2863 329 2897 21
350 2864 385 2896 ct
399 2873 478 2905 sup.
495 2873 586 2896 uersu
606 2864 638 2895 P
773 2864 817 2897 24
834 2863 988 2897 *naescia
1006 2864 1038 2895 P
1174 2864 1215 2897 27
1242 2863 1331 2897 imis
1358 2865 1389 2895 P
