2032 3248
329 223 411 265 218
735 222 926 257 Arnobii
959 223 1174 257 aduersus
1207 223 1417 257 nationes

328 338 548 380 necessitas
570 338 749 392 rogitare
770 337 994 392 compellit,
1025 340 1192 392 poscant
1217 351 1316 392 *que
1338 339 1387 380 de
1408 339 1587 390 numine,
1624 339 1824 381 referendi

329 406 512 449 beneficii
554 419 752 460 quaenam
793 407 981 449 omnibus
1021 419 1111 460 spes
1153 406 1251 458 erit,
1298 407 1333 448 si
1372 419 1451 449 non
1491 407 1670 461 undique
1701 408 1752 450 ad
1783 420 1824 450 se

326 475 496 518 missam
537 487 678 517 uocem
721 476 819 518 deus
861 476 1050 518 exaudiet
1081 476 1122 518 et
1160 476 1238 518 erit
1278 476 1366 518 ulla
1405 475 1703 531 longinquitas,
1746 490 1823 531 quo

327 545 538 597 penetrare
568 556 647 585 non
668 545 799 598 possit
820 544 1020 586 auxilium
1041 545 1248 598 poscentis
1270 545 1399 587 oratio
1413 547 1433 587 ⁸?
1465 546 1538 587 aut
1566 546 1673 587 enim
1694 546 1822 588 nullis

326 613 403 655 erit
432 613 475 654 in
506 613 692 667 partibus
724 625 924 666 praesens,
957 614 991 655 si
1021 613 1182 667 uspiam
1211 614 1365 668 poterit
1385 613 1601 667 aliquando
1622 626 1701 656 non
1723 627 1820 665 esse,
1854 631 1867 656 ⁵

325 683 397 724 aut
428 682 561 724 aderit
591 682 682 723 unis
712 682 896 734 tantum,
937 682 1130 736 quoniam
1171 682 1363 737 praebere
1395 682 1671 725 communiter
1702 696 1822 725 suum

189 759 211 793 f.
229 758 309 793 123b
324 764 403 794 non
433 751 567 804 potest
597 751 718 804 atque
748 751 994 793 indiscretus
1017 751 1218 793 auditum.
1255 750 1260 807 Ι
1296 753 1418 805 atque
1440 751 1500 793 ita
1520 751 1744 805 perficitur,
1777 752 1823 793 ut

325 821 396 862 aut
426 820 553 861 nullis
584 820 683 861 deus
714 820 939 873 opituletur
977 820 1166 871 omnino,
1208 820 1243 862 si
1274 821 1495 875 occupatus
1527 833 1570 862 re
1601 820 1739 874 aliqua
1771 821 1822 863 ad

323 890 544 932 audiendas
575 902 692 932 uoces
723 901 803 931 non
842 890 1021 943 quiuerit
1060 890 1272 942 aduolare,
1314 892 1386 932 aut
1425 890 1606 932 exauditi
1637 890 1821 931 tantum-

283 960 440 1001 Gmodo
471 959 542 1000 uni
573 959 723 1001 abeant
754 958 850 1009 soli,
891 958 996 1000 nihil
1035 959 1191 1013 egerint
1229 958 1363 1000 ceteri.
1412 958 1510 1012 quid
1550 958 1657 1011 quod
1688 959 1867 1000 multam

323 1040 369 1070 ex
409 1027 471 1068 his
509 1028 687 1081 templa,
734 1039 835 1081 quae
879 1027 1005 1070 tholis
1051 1029 1147 1069 sunt
1191 1028 1323 1070 aureis
1356 1028 1396 1069 et
1426 1027 1673 1069 sublimibus
1713 1028 1821 1070 elata

324 1096 514 1152 fastigiis,
546 1098 760 1138 auctorum
791 1096 1157 1150 conscriptionibus
1187 1097 1460 1151 conprobatur
1481 1097 1691 1151 contegere
1713 1097 1821 1138 cine-

322 1179 384 1208 res
416 1167 539 1219 atque
571 1178 662 1207 ossa
693 1166 735 1207 et
765 1165 997 1207 functorum
1029 1177 1243 1220 corporum
1274 1165 1508 1219 sepulturas
1530 1167 1647 1207 esse?
1686 1177 1821 1208 nonne

321 1237 436 1288 patet
467 1236 507 1277 et
537 1236 775 1289 promptum
806 1238 867 1277 est
898 1236 970 1277 aut
1000 1247 1072 1290 pro
1095 1235 1158 1277 dis
1189 1235 1496 1278 immortalibus
1530 1236 1715 1277 mortuos
1745 1247 1817 1277 uos

322 1305 450 1346 colere
480 1306 553 1346 aut
584 1304 873 1357 inexpiabilem
903 1303 992 1346 fieri
1023 1304 1262 1346 numinibus
1294 1304 1610 1356 contumeliam,
1646 1316 1816 1358 quorum
1832 1321 1861 1345 15

320 1373 488 1415 delubra
519 1374 559 1415 et
589 1373 744 1426 templa
774 1373 1031 1414 mortuorum
1063 1373 1269 1426 superlata
1299 1374 1395 1415 sunt
1417 1373 1581 1415 bustis?
1610 1373 1655 1415 in
1685 1373 1816 1415 histo-

320 1442 475 1483 riarum
495 1442 724 1484 Antiochus
755 1454 860 1483 nono
882 1441 1058 1484 Athenis
1086 1442 1130 1483 in
1151 1442 1354 1484 Mineruio
1376 1442 1577 1484 memorat
1599 1442 1817 1495 Cecropem

320 1523 406 1552 esse
437 1510 679 1552 mandatum
710 1511 855 1561 terrae,
887 1511 931 1552 in
961 1511 1116 1564 templo
1138 1523 1277 1553 rursus
1308 1510 1501 1562 eiusdem,
1536 1511 1642 1564 quod
1663 1511 1706 1552 in
1728 1523 1815 1552 arce

320 1579 484 1621 Larisae
524 1581 609 1630 est,
656 1591 742 1621 esse
779 1579 964 1622 conditus
1004 1580 1197 1622 scribitur
1227 1582 1348 1633 atque
1379 1580 1586 1622 indicatur
1615 1579 1813 1630 Acrisius,

318 1647 606 1689 Erichthonius
636 1648 816 1690 Poliadis
846 1648 889 1689 in
922 1649 1026 1699 fano,
1060 1648 1204 1690 Dairas
1234 1649 1275 1691 et
1305 1649 1565 1691 Immaradus
1596 1649 1743 1690 fratres
1774 1648 1815 1690 in
1830 1664 1861 1689 20

319 1716 526 1758 Eleusinio
565 1719 802 1771 consaepto,
843 1718 949 1770 quod
988 1717 1152 1759 ciuitati
1189 1718 1422 1760 subiectum
1453 1720 1525 1760 est.
1574 1718 1673 1771 quid
1704 1716 1814 1759 Celei

319 1786 529 1840 uirgines?
561 1798 639 1827 non
671 1786 714 1826 in
740 1785 898 1828 Cereris
920 1786 1154 1828 Eleusiniae
1175 1786 1425 1829 humationis
1455 1786 1648 1828 habuisse
1678 1786 1814 1839 perhi-

318 1855 467 1896 bentur
498 1854 661 1897 officia?
706 1867 786 1897 non
817 1854 859 1895 in
885 1855 1039 1897 Dianae
1069 1856 1249 1906 delubro,
1282 1856 1388 1910 quod
1419 1857 1462 1897 in
1484 1856 1691 1910 Apollinis
1723 1867 1816 1896 con-

319 1923 515 1965 stitutum
547 1925 609 1965 est
638 1923 760 1975 Delii,
794 1924 1034 1978 Hyperoche
1061 1924 1327 1978 Laodiceque,
1360 1937 1459 1978 quas
1491 1925 1682 1966 aduectas
1713 1923 1814 1965 illuc

319 2005 403 2034 esse
442 1992 593 2034 finibus
634 2006 680 2034 ex
718 1993 992 2047 Hyperboreis
1030 1994 1265 2036 indicatur?
1310 1994 1352 2035 in
1394 1994 1617 2048 Didymaeo
1654 1992 1814 2035 Milesio
1830 2009 1861 2035 25

453 2084 496 2118 10
521 2094 595 2128 sqq.
624 2085 646 2118 1.
673 2095 701 2120 c.
727 2084 758 2127 3,
785 2084 830 2119 44
854 2095 904 2130 sq.

364 2165 381 2197 1
407 2164 565 2209 rogitare
597 2164 682 2199 Urs:
707 2157 880 2210 cogitaret
903 2167 943 2200 in
968 2177 1026 2212 my
1106 2166 1142 2201 P
1164 2165 1321 2210 cogitare
1347 2165 1419 2200 Sab
1555 2165 1727 2200 lacunam
1744 2165 1814 2210 siq-

318 2222 409 2256 naui
548 2232 613 2267 que
638 2233 693 2257 om
718 2222 792 2257 Sab
952 2223 970 2257 7
996 2225 1034 2258 at
1058 2223 1111 2258 ita
1136 2222 1208 2258 Sab
1358 2223 1379 2258 9
1404 2222 1558 2268 quiberit
1585 2223 1620 2257 P
1643 2233 1725 2257 corr

318 2279 359 2312 13
390 2289 574 2323 corporum
598 2281 744 2324 scripsi.-
780 2291 853 2315 esse
886 2291 1070 2325 corporum
1101 2281 1137 2315 P
1313 2280 1385 2315 esse
1418 2280 1475 2315 del
1501 2280 1638 2315 Sabin
1663 2290 1723 2314 err

317 2336 359 2370 14
383 2336 450 2370 diis
476 2339 505 2373 ε’
643 2338 685 2371 17
710 2338 840 2372 anchus
866 2338 902 2372 P
926 2348 1006 2373 corr
1030 2348 1049 2373 c
1186 2348 1378 2382 cecaopem
1403 2338 1438 2372 P
1577 2338 1619 2372 19
1643 2338 1712 2380 est,
1740 2348 1814 2372 esse

314 2394 463 2437 scripsi:
498 2405 572 2428 esse
596 2395 632 2429 P
661 2397 716 2429 est
741 2395 812 2430 Sab
836 2396 878 2430 in
903 2406 962 2430 err
1116 2395 1270 2430 conditis
1295 2396 1332 2430 P
1354 2406 1436 2430 corr
1588 2395 1633 2430 20
1661 2395 1811 2429 erictho-

314 2450 394 2484 nius
421 2451 456 2485 P
592 2451 813 2486 Immaradus
842 2452 991 2496 scripsi.-
1016 2452 1237 2487 inmarachus
1269 2453 1305 2487 P
1336 2452 1584 2487 inmarnachus
1610 2455 1638 2487 c¹
1665 2452 1812 2487 Immar-

313 2507 444 2542 nachus
469 2507 542 2543 Sab
566 2508 741 2543 Immarus
767 2509 868 2543 Salm
1051 2510 1096 2543 20
1118 2520 1168 2554 sq.
1194 2509 1232 2544 in
1257 2509 1425 2545 eleusinio
1451 2521 1490 2544 r:
1529 2509 1566 2544 in
1598 2510 1751 2544 eleusino
1777 2511 1812 2545 P

313 2563 452 2599 Ineleus
470 2565 508 2599 in
529 2565 600 2600 Sab
625 2566 662 2599 in
679 2565 857 2600 Eleusinis
879 2566 944 2601 Gel
1057 2566 1100 2601 21
1119 2566 1261 2601 ciuitati
1279 2567 1369 2602 Sab:
1394 2566 1553 2601 ciuitatis
1570 2567 1604 2599 P
1719 2566 1811 2601 Celei

318 2620 399 2663 Get,
426 2633 464 2656 r:
497 2622 561 2656 elei
587 2623 622 2657 P
780 2623 826 2657 22
850 2623 1036 2658 Eleusinae
1063 2623 1136 2659 Sao
1297 2624 1517 2658 humationis
1541 2623 1709 2658 habuisse
1734 2623 1810 2658 He-

313 2678 459 2713 raldus:
482 2679 750 2714 humationibus
767 2680 803 2714 P
819 2681 984 2715 humatae
1000 2680 1130 2716 habere
1154 2681 1220 2716 Gel
1244 2681 1463 2716 humationis
1481 2681 1628 2715 sortitae
1652 2680 1720 2715 Urs

311 2735 356 2770 23
389 2735 506 2770 officia
537 2736 622 2771 Gel:
654 2737 771 2772 officio
797 2739 833 2772 P
1003 2738 1160 2773 constitu
1185 2739 1220 2773 P
1243 2749 1325 2774 corr
1349 2749 1367 2773 e
1539 2738 1582 2771 24
1606 2737 1810 2782 Hyperoche

311 2793 624 2828 Hildebrandius:
649 2794 864 2839 hyperochae
889 2796 923 2828 P
944 2795 1151 2840 Hyperocha
1177 2796 1249 2830 Sab
1387 2794 1602 2838 Laodieeque
1622 2794 1707 2830 Gel:
1733 2796 1806 2829 lau-

311 2850 456 2894 diceque
480 2851 559 2894 (que
586 2862 631 2885 ex
655 2854 755 2895 quae)
781 2852 817 2886 P
839 2852 1076 2896 Elaudiceque
1101 2852 1171 2887 Sab
1309 2853 1353 2887 25
1378 2852 1550 2897 dydymeo
1575 2853 1609 2885 P
