2032 3248
1484 246 1663 274 LXXXIX

159 335 421 385 instituisset,
453 335 774 388 discrepantium
805 336 1101 388 scripturarum
1126 336 1380 377 existimatio
1403 349 1482 378 non
1507 337 1666 388 poterat

161 423 239 452 non
273 421 358 451 esse
390 409 587 463 ambigua
617 411 656 450 et
686 409 857 451 lubrica.
891 411 1080 463 equidem
1104 412 1150 450 ut
1178 423 1250 462 par
1280 412 1366 451 erat
1389 411 1428 451 in
1454 410 1666 463 impeditis

162 486 201 526 et
237 484 363 525 uariis
401 482 739 537 Cyprianicorum
780 484 966 525 codicum
1009 484 1315 526 condicionibus
1357 484 1667 538 diligentiorem

161 572 325 612 operam
355 558 396 599 in
426 558 501 599 hac
538 558 776 611 quaestione
813 558 1023 608 collocaui,
1063 571 1187 611 quam
1210 559 1245 599 si
1267 559 1369 599 uiris
1409 559 1539 600 doctis
1576 572 1669 612 pro-

161 633 324 682 bauerO,
366 634 561 685 quattuor
602 632 684 674 fere
721 644 917 673 annorum
951 632 1204 674 indefessum
1240 633 1422 674 laborem
1461 646 1538 686 quo
1576 634 1669 686 plus

162 707 437 761 quadraginta
467 707 594 748 libros
624 707 782 748 excussi
814 707 915 748 satis
938 707 1112 760 praemii
1134 709 1302 748 nactum
1325 719 1410 748 esse
1431 708 1596 760 putabo.
1629 709 1669 749 in

161 782 281 823 rebus
305 781 632 836 orthographicis
655 781 965 834 antiquissimos
988 782 1128 835 libros,
1153 781 1466 836 Seguierianum
1489 782 1530 823 in
1549 782 1670 824 libel-

161 856 226 905 lis,
250 856 292 896 in
311 856 500 908 epistulis
517 857 672 909 primae
690 855 875 897 familiae
893 856 1264 906 Vindobonensem,
1284 856 1671 910 Wirceburgensem

164 930 292 972 etiam
316 931 356 971 et
375 931 618 972 Trecensem
641 932 806 972 secutus
829 943 921 972 sum
943 931 1130 972 barbaris
1152 931 1193 972 et
1214 930 1369 984 plebeis
1392 931 1569 981 reiectiS‚
1592 931 1673 972 nisi

163 1005 268 1046 forte
306 1017 351 1046 ea
387 1005 436 1046 ab
474 1006 638 1046 auctore
679 1005 767 1058 ipso
807 1005 990 1059 profecta
1028 1018 1115 1047 esse
1151 1005 1353 1047 librorum
1394 1017 1589 1047 consensu
1626 1008 1673 1047 ut

162 1079 366 1120 crederem
397 1079 642 1121 adducebar.
674 1079 723 1120 ab
746 1079 798 1120 iis
821 1092 916 1121 uero
946 1079 1017 1120 ubi
1047 1080 1210 1130 recessi,
1241 1080 1434 1134 grauiora
1456 1081 1496 1121 et
1518 1079 1674 1121 rariora

161 1153 325 1195 enotaui
362 1154 594 1208 diligenter,
632 1154 790 1195 minora
826 1166 906 1195 non
942 1153 1057 1203 item,
1095 1154 1212 1196 uelut
1249 1154 1290 1196 in
1324 1154 1472 1207 quibus
1510 1167 1673 1196 summa

163 1228 547 1281 antiquissimorum
589 1228 735 1270 horum
777 1228 977 1270 librorum
1021 1228 1203 1270 cernitur
1243 1229 1533 1279 inconstantia,
1584 1229 1674 1271 dico

163 1302 529 1344 commutationem
560 1303 795 1344 litterarum
825 1316 873 1343 ac
896 1303 935 1344 et
957 1317 988 1357 c,
1017 1317 1036 1344 e
1057 1304 1097 1344 et
1122 1303 1147 1353 i,
1171 1316 1197 1355 y
1219 1305 1259 1344 et
1281 1304 1309 1354 ri,
1332 1318 1360 1344 u
1383 1305 1424 1345 et
1445 1303 1479 1354 b,
1496 1302 1559 1355 ph
1581 1305 1622 1344 et
1641 1303 1676 1356 f,

163 1376 206 1417 th
237 1378 276 1418 et
297 1380 323 1426 i,
356 1378 433 1418 tet
454 1377 494 1427 d,
527 1378 838 1419 consonantium
868 1378 1123 1430 liquidarum
1154 1378 1488 1432 geminationem,
1519 1378 1675 1431 aspira-

164 1451 322 1493 tionem
343 1452 463 1494 modo
486 1452 669 1494 additam
692 1454 811 1494 modo
833 1453 1076 1508 neglectam,
1099 1452 1450 1506 praepositionum
1468 1452 1675 1494 assimila—

166 1526 332 1568 tionem.
370 1527 468 1569 haec
509 1527 636 1568 semel
668 1527 734 1568 uel
768 1527 1011 1580 aliquotiens
1048 1528 1265 1569 adnotasse
1303 1528 1402 1568 satis
1437 1527 1564 1568 habui
1596 1527 1677 1568 nisi

169 1601 239 1642 ubi
272 1601 374 1642 talia
406 1602 456 1643 ad
488 1602 820 1656 inuestigandam
853 1602 1100 1655 scripturam
1135 1615 1276 1643 ueram
1307 1601 1465 1654 aliquid
1498 1601 1676 1643 conferre

167 1675 419 1717 uiderentur.
457 1676 554 1717 huic
588 1675 832 1729 praefationi
869 1676 992 1717 finem
1028 1676 1237 1728 imponere
1268 1687 1346 1716 non
1376 1687 1555 1728 possum,
1595 1675 1677 1716 nisi

166 1750 269 1791 uiris
307 1750 557 1792 doctissimis
594 1752 749 1805 gratias
785 1762 903 1805 egero
940 1750 1142 1792 maximas
1180 1751 1249 1803 qui
1284 1750 1380 1792 huic
1411 1763 1531 1792 curae
1564 1762 1678 1792 meae

167 1836 333 1878 operam
384 1838 501 1867 suam
548 1825 727 1867 humane
777 1838 926 1867 nauare
976 1825 1209 1874 uoluerunt,
1261 1824 1452 1877 inprimis
1500 1824 1678 1865 Ioanni

166 1898 367 1940 Vahlen
416 1900 481 1940 cui
525 1899 633 1954 grati
682 1900 809 1941 animi
857 1899 1108 1941 testificandi
1150 1911 1269 1940 causa
1309 1899 1413 1940 hanc
1454 1898 1677 1940 editionem

167 1973 319 2021 dicaui,
363 1974 508 2015 deinde
550 1973 727 2015 Carolo
769 1974 939 2023 Halm,
989 1974 1225 2028 Augusto
1265 1972 1675 2026 Reifferscheid,

169 2047 685 2097 GuilielmoduRieu,
705 2047 1190 2101 LeopoldoDelisle,
1210 2047 1433 2089 Antonio
1453 2047 1695 2101 Ruland„

170 2120 640 2171 W.N01te,Carolo
663 2122 1016 2172 Aldenhoven,
1040 2122 1273 2176 Augusto
1297 2121 1343 2163 O.
1367 2122 1440 2163 Fr.
1464 2122 1676 2171 LorenZ,

169 2197 237 2250 qui
274 2197 424 2251 partim
465 2198 663 2239 librorum
706 2211 829 2239 manu
871 2198 1115 2249 scriptorum
1153 2196 1256 2236 mihi
1292 2196 1450 2249 copiam
1494 2196 1679 2238 fecerunt

170 2272 319 2323 partim
349 2284 414 2313 eos
444 2272 620 2313 officiose
650 2272 912 2324 inspexerunt
941 2284 1158 2324 meumque
1187 2272 1229 2312 in
1251 2284 1371 2312 usum
1403 2271 1677 2312 contulerunt.

227 2345 379 2399 Scripsi
403 2345 668 2388 vindobonae
691 2359 828 2388 mense
851 2346 1042 2401 Augusto
1066 2360 1100 2387 a.
1127 2346 1250 2388 1870.

1130 2606 1401 2648 Guilelmus
1435 2606 1620 2646 Har-tel.
