2032 3248
754 198 881 233 Liber
910 199 957 232 11.
1543 198 1598 241 85

116 313 322 366 inpietatis
369 313 549 354 incurrat
594 313 777 365 quisquis
819 314 868 354 ab
907 326 950 354 eo
995 314 1220 366 conceperit
1264 313 1468 354 hominem
1514 325 1597 354 esse

115 383 369 436 prognatum,
402 395 487 423 rem
519 382 724 424 infelicem
756 383 795 424 et
825 383 1030 433 miseram,
1063 383 1131 436 qui
1163 395 1249 424 esse
1281 395 1321 424 se
1351 382 1496 432 doleat,
1529 382 1596 435 qui

114 450 387 492 condicionem
420 464 535 493 suam
567 451 791 492 detestetur
823 453 861 492 et
892 451 1043 505 lugeat,
1077 452 1145 504 qui
1168 451 1282 492 nulla
1308 451 1388 492 alia
1410 450 1457 491 de
1479 462 1598 491 causa

115 531 197 560 sese
237 519 450 573 intellegat
489 523 761 573 procreatum,
811 533 931 573 quam
962 533 1011 561 ne
1042 520 1258 561 materiam
1297 532 1373 561 non
1404 520 1599 561 haberent

87 601 182 642 5per
212 601 332 640 quam
366 588 637 629 diffunderent
669 601 710 629 se
740 588 848 629 mala
888 590 927 630 et
967 590 1099 630 essent
1136 588 1273 630 miseri
1315 602 1470 643 semper
1500 601 1598 641 qno-

115 670 203 698 111111
236 657 482 699 cruciatibus
513 658 742 709 pasceretur
774 657 906 698 nescio
940 670 1018 709 qua
1050 657 1113 698 uis
1136 657 1266 698 latens
1290 659 1330 698 et
1353 657 1598 698 humanitati

114 727 280 767 aduersa
311 726 540 768 crudelitas
589 726 657 767 sed
680 725 713 766 si
736 738 876 778 parens
899 726 940 766 et
960 725 1118 779 genitor
1140 726 1381 775 animarum,
1413 725 1595 778 inquitis,
1612 721 1662 762 47

114 794 211 835 deus
250 807 327 835 non
366 796 446 844 est,
494 808 571 847 quo
609 796 771 836 auctore
812 794 1045 848 progenitae
1081 793 1085 848 Ι
1123 794 1163 835 et
1200 807 1278 847 qua
1316 796 1412 836 sunt
1444 795 1599 836 ratione
1613 801 1635 832 f.
1649 801 1692 833 50

115 863 323 916 prolatae?
363 864 396 905 si
428 863 611 905 infucata
642 863 770 904 uultis
810 863 949 904 audire
980 875 1052 904 nec
1079 863 1128 904 ab
1160 863 1295 916 aliqua
1327 863 1436 905 uocis
1467 864 1600 904 osten-

71 931 266 973 1otatione
303 932 493 982 deducta,
543 932 642 973 item
674 931 913 973 confitemur
943 945 1014 974 nos
1054 932 1164 972 istud
1204 932 1409 985 ignorare,
1449 932 1602 973 nescire

116 1001 404 1053 scientiamque
436 1001 573 1041 tautae
605 1001 663 1041 rei
697 1013 774 1041 non
806 1002 969 1041 tantum
1001 1001 1180 1041 nostram
1212 1001 1399 1042 ducimus
1430 1000 1602 1041 infirmi-

116 1069 242 1109 tatem
281 1069 627 1122 fragilitatemque
659 1069 828 1110 transire
874 1082 1015 1110 nerum
1055 1069 1178 1111 etiam
1217 1071 1468 1123 potestatum
1501 1082 1601 1122 quae

117 1138 156 1178 in
188 1138 337 1179 mundo
377 1139 472 1179 sunt
510 1138 691 1179 omnium
725 1138 764 1179 et
795 1152 895 1191 quae
938 1139 1106 1179 numina
1146 1151 1187 1179 se
1230 1151 1313 1180 esse
1344 1139 1602 1192 opinionibus

117 1218 361 1259 usurpauere
392 1207 641 1248 mortalium.
690 1207 759 1248 sed
791 1220 888 1259 quas
919 1207 981 1248 dei
1003 1219 1210 1261 negamus,
1244 1207 1357 1249 cuius
1380 1207 1460 1248 sint
1482 1207 1603 1248 debe-

74 1287 207 1315 151nus
247 1275 482 1316 ostendere?
528 1275 696 1316 minime
734 1275 844 1316 istud
884 1275 1105 1316 necessario
1144 1275 1337 1328 sequitur.
1385 1287 1461 1316 non
1495 1277 1603 1317 enim

118 1343 150 1383 si
182 1356 372 1397 negemus
401 1356 559 1385 muscas
590 1344 798 1386 scarabeos
829 1345 869 1385 et
902 1345 1084 1396 cimices,
1117 1344 1322 1386 nitedulas
1354 1345 1604 1386 curculiones

118 1412 156 1452 et
186 1412 316 1453 tineas
347 1413 638 1466 omnipotentis
670 1425 755 1453 esse
788 1425 887 1465 opus
913 1413 1032 1466 regis,
1065 1414 1289 1465 sequaciter
1311 1413 1605 1466 postulandum

118 1494 139 1522 a
170 1481 284 1521 nobis
316 1483 389 1530 est,
421 1483 468 1522 ut
499 1481 588 1534 quis
621 1494 666 1522 ea
696 1481 838 1522 fecerit
869 1481 1175 1534 institueritque
1208 1482 1413 1523 dicamus:
1461 1494 1605 1535 possu-

119 1564 208 1591 mus
239 1550 344 1590 enim
376 1550 487 1591 nulla
518 1563 609 1591 cum
641 1550 942 1603 reprehensione
977 1551 1142 1601 nescire,
1176 1551 1263 1603 quis
1295 1552 1335 1592 et
1364 1550 1447 1591 illis
1478 1550 1605 1604 origi-

75 1630 212 1660 20nem
244 1618 411 1668 dederit,
444 1620 484 1659 et
514 1619 705 1672 optinere,
738 1632 812 1660 non
837 1631 920 1660 esse
945 1619 1016 1660 deo
1039 1619 1088 1660 ab
1114 1619 1318 1673 superiore
1341 1621 1499 1672 prolata
1521 1622 1605 1661 tam

122 1700 380 1740 superuacua,
412 1688 497 1728 tam
520 1700 636 1737 uana,
659 1689 744 1729 tam
767 1689 816 1729 ad
839 1688 974 1729 nullas
996 1688 1242 1740 pertinentia
1265 1689 1456 1737 rationes,
1487 1688 1606 1740 quin-

123 1757 246 1797 immo
292 1757 507 1808 aliquando
539 1760 577 1797 et
607 1756 723 1797 noxia
755 1757 794 1797 et
826 1757 1057 1798 necessariis
1103 1756 1351 1809 importantia
1396 1757 1604 1798 laesiones.

123 1825 179 1866 sic
210 1825 475 1865 consimiliter
514 1825 578 1865 hic
618 1837 795 1878 quoque,
840 1838 931 1866 cum
970 1826 1124 1866 animas
1162 1838 1379 1866 renuamus
1418 1827 1480 1866 dei
1521 1837 1606 1866 esse
1622 1822 1674 1861 48

123 1893 318 1946 principis
349 1893 515 1945 prolem,
548 1906 626 1933 non
650 1893 836 1934 continuo
860 1894 1058 1946 sequitur,
1091 1897 1135 1934 ut
1158 1894 1356 1946 explicare
1378 1893 1608 1943 debeamus,

79 1975 296 2014 2511uonam
342 1963 508 2014 parente
554 1961 635 2001 sint
681 1962 814 2003 editae
854 1963 894 2002 et
935 1962 1066 2003 causis
1106 1962 1333 2002 cuiusmodi
1364 1962 1606 2014 procreatae.

127 2031 214 2082 quis
260 2030 366 2070 enim
400 2042 469 2070 nos
500 2030 699 2082 prohibet,
747 2031 818 2071 aut
850 2030 953 2071 unde
1000 2031 1139 2071 enatae
1185 2030 1268 2070 sint
1310 2030 1610 2082 prodierintque

126 2099 277 2140 nescire
322 2100 392 2140 aut
430 2111 496 2140 eas
535 2110 610 2139 non
649 2111 733 2139 esse
772 2098 835 2139 dei
867 2098 1098 2152 progeniem
1136 2099 1273 2139 scire?
1320 2111 1512 2150 quanam,
1546 2098 1609 2138 in-

126 2167 263 2219 quitis,
296 2167 473 2217 ratione,
506 2180 582 2220 qua
614 2168 712 2209 uia?
750 2168 844 2220 quia
875 2168 983 2208 omni
1015 2179 1108 2208 uero
1140 2167 1401 2208 uerissimum
1433 2167 1494 2207 est
1525 2179 1610 2207 cer-

126 2237 243 2288 toque
275 2235 560 2284 certissimum,
594 2236 695 2276 nihil
720 2249 851 2277 rerum
875 2249 896 2277 a
918 2236 1111 2289 principe,
1145 2236 1251 2276 sicut
1274 2235 1431 2286 saepius
1454 2235 1610 2275 dictum

173 2419 194 2449 <5
219 2407 287 2460 qua
312 2421 340 2452 ε’
365 2428 450 2461 quac
477 2417 547 2451 Sctb
685 2418 738 2451 uis
763 2428 814 2450 om
843 2417 913 2450 Sub
1064 2417 1082 2449 7
1108 2418 1139 2450 si
1158 2427 1286 2459 parens
1304 2416 1337 2449 P
1473 2416 1520 2459 et]
1549 2415 1613 2449 cti·

130 2484 183 2507 am
210 2474 281 2508 &ab
465 2475 486 2508 9
512 2474 669 2508 infucata
698 2475 785 2507 Sub.-
811 2474 973 2514 infugata
1000 2474 1032 2506 P
1215 2474 1253 2506 11
1283 2472 1555 2515 scicntianiquae
1581 2472 1616 2506 P

129 2541 208 2565 corr
234 2543 251 2564 r
391 2533 432 2565 12
457 2534 666 2575 potestatem
694 2531 764 2565 Sub
900 2541 965 2574 que
992 2531 1026 2563 P
1164 2530 1205 2563 14
1230 2530 1326 2573 quas}
1353 2529 1433 2573 quia
1452 2528 1523 2562 Sal>

131 2588 184 2622 dei
210 2589 243 2622 P
383 2591 423 2623 15
456 2590 597 2622 11111111110
623 2589 912 2622 Jx'lussvnannus:
949 2588 1035 2620 mihi
1065 2588 1096 2620 P
1132 2587 1219 2620 nihil
1248 2587 1318 2620 Sao
1458 2587 1499 2619 163
1525 2585 1614 2618 nite-

132 2645 229 2679 dulas
255 2646 347 2680 sab:
386 2647 552 2680 nitelnlas
580 2647 613 2679 P
797 2646 838 2679 18
873 2645 1044 2688 possimus
1078 2644 1151 2678 Sab
1334 2643 1378 2677 20
1408 2655 1426 2677 a
1454 2643 1524 2677 Sab

132 2702 173 2735 2⁸2
199 2703 405 2736 necessarias
426 2704 496 2738 Sub
634 2704 677 2737 23
704 2703 751 2736 sic
774 2702 1080 2736 liudem-andins.-
1106 2702 1142 2734 in
1170 2702 1204 2734 P
1220 2712 1274 2735 om
1294 2701 1363 2735 &ab
1389 2701 1469 2734 inde
1487 2700 1615 2733 Klase-

132 2770 284 2793 mmzmes
420 2761 464 2793 25
489 2760 622 2794 aeditae
649 2761 683 2794 P
818 2760 862 2792 ‘213
891 2760 1032 2792 aenatae
1060 2758 1091 2791 1¹
1113 2767 1193 2791 corr
1332 2757 1615 2801 prodiere'ntquae

135 2816 168 2848 P
191 2827 269 2849 corr
