2032 3248
237 487 293 525 20

232 2022 283 2059 21

310 245 392 289 196
941 241 1190 287 Appendix.

306 361 430 399 quae
461 350 663 389 uidetur
693 351 819 399 apud
850 348 1070 388 homines
1101 352 1239 388 recta
1270 360 1400 389 esse:
1447 350 1716 389 nouissima
1746 363 1830 389 au-

305 421 400 458 tem
422 419 529 458 eius
560 419 774 458 ueniunt
805 418 852 457 in
882 418 1177 467 profundum
1208 419 1489 459 inferorum.

367 489 438 527 Sed
479 489 607 527 aiunt:
636 482 685 528 ‘si
713 489 760 527 de
797 489 869 528 hac
909 488 1172 527 coniunctione
1215 489 1345 528 clerici
1385 490 1628 538 denotantur,
1669 490 1830 528 notandi.

306 559 397 597 sunt
433 558 550 597 etiam
586 558 711 598 sancti
751 557 922 607 plerique
962 558 1159 597 nobiscum
1172 589 1181 606 ,
1233 558 1315 597 siue
1373 558 1506 597 Helias
1562 559 1627 608 qui
1682 558 1827 597 mansit

304 627 406 676 apud
435 627 603 675 uiduam,
636 627 718 666 siue
748 627 912 676 apostoli
933 627 999 676 qui
1029 626 1210 666 mulieres
1232 637 1360 666 secum
1388 627 1544 667 comites
1566 627 1854 666 circumduce-⁵

303 696 410 744 bant,
432 698 476 735 ut
497 697 687 736 Iohannes
709 696 775 746 qui
796 699 956 735 matrem
977 696 1130 735 Domini
1150 697 1363 745 adsumpsit
1383 699 1513 736 eodem
1535 697 1695 736 Domino
1717 696 1823 735 dele-

303 767 434 814 gante,
457 768 523 805 aut
538 766 621 815 ipse
638 766 836 814 Dominus,
859 766 920 805 cui
941 766 987 805 de
1005 766 1084 805 suis
1101 766 1353 805 facultatibus
1370 767 1553 805 alimenta
1573 766 1828 815 praestabant

304 836 457 885 aliquae
478 835 658 875 mulieres
680 835 898 884 religiosae,
920 835 981 874 cui
1003 836 1119 874 etiam
1140 836 1296 874 Martha
1317 835 1565 874 ministrabat
1586 837 1634 874 ad
1655 847 1825 875 mensam

303 907 343 944 et
364 905 429 955 qui
451 905 701 955 singulariter
720 905 871 945 locutus
892 907 952 944 est
972 906 1020 944 ad
1041 907 1199 954 puteum
1222 906 1357 944 sedens
1394 918 1478 944 cum
1500 905 1717 954 alienigena
1740 916 1824 943 mu-

302 975 397 1014 liere
420 975 658 1014 Samaritana
692 975 754 1014 uel
796 975 858 1014 cui
892 974 1129 1014 recumbenti
1163 975 1307 1014 femina
1327 975 1497 1014 lacrimis
1518 976 1634 1024 pedes
1666 975 1765 1014 lauit
1786 976 1825 1013 et
1839 987 1877 1012 10Ι

302 1044 456 1094 capillis
477 1040 664 1084 extersit’.
701 1044 832 1083 callidi
868 1046 1195 1093 argumentatores
1232 1046 1271 1083 et
1308 1045 1403 1083 iuris
1439 1044 1556 1093 periti
1577 1044 1736 1083 fallaces
1758 1043 1825 1093 qui

302 1113 392 1153 dum
414 1114 572 1162 cupiunt
591 1114 870 1163 praeuaricari,
902 1113 1183 1153 controuersias
1220 1114 1463 1163 actionesque
1485 1125 1683 1153 causarum
1706 1113 1824 1152 etiam

301 1184 386 1233 ipsa
406 1184 492 1222 iura
512 1185 794 1232 transuertunt,
816 1185 856 1222 et
878 1195 962 1222 cum
984 1183 1119 1222 nolunt
1142 1183 1433 1232 conpetentibus
1455 1183 1619 1223 coerceri
1640 1182 1822 1222 iussioni-

301 1255 373 1293 bus
408 1253 538 1302 legum
552 1283 561 1301 ,
598 1253 646 1292 ad
681 1252 908 1293 inludendos
940 1253 1085 1292 iudices
1118 1253 1476 1292 inconuenientibus
1513 1253 1695 1302 exemplis
1716 1253 1826 1291 uelut

302 1323 449 1362 similes
470 1322 706 1362 coniecturas
728 1322 825 1361 iuris
847 1323 1029 1362 obiciunt.
1063 1323 1128 1372 qui
1149 1335 1216 1372 per
1231 1322 1474 1363 'Salomonem
1495 1323 1616 1371 ipsius
1638 1322 1737 1371 legis
1760 1334 1823 1361 sa·
1838 1337 1874 1361 15

301 1393 468 1441 gacitate
504 1393 740 1441 produntur:
781 1393 1034 1441 peccator,
1081 1392 1230 1441 inquit,
1272 1393 1407 1432 homo
1439 1393 1599 1431 euitat
1630 1403 1822 1440 correp-

299 1462 480 1501 tionem
511 1463 560 1500 et
590 1461 645 1500 ad
675 1462 985 1501 uoluntatem
1021 1474 1152 1500 suam
1174 1461 1372 1501 inuenit
1393 1462 1820 1510 comparationem.

299 1531 397 1571 tales
418 1531 540 1580 igitur
559 1543 634 1570 non
655 1531 761 1579 prius
782 1543 850 1579 per
872 1531 1082 1570 orationem
1103 1532 1171 1570 sed
1192 1544 1259 1580 per
1275 1531 1550 1580 correptionem
1565 1531 1671 1580 prius
1692 1531 1821 1569 reuin-

302 1601 413 1640 cendi
433 1602 544 1648 sunt,
582 1602 625 1639 ut
645 1612 721 1639 non
742 1602 830 1639 ante
852 1601 1118 1648 interpretatis
1140 1601 1376 1640 orationibus
1404 1601 1669 1648 instruantur,
1708 1612 1822 1649 quam

304 1670 504 1709 amiserint
526 1670 626 1718 quod
649 1670 698 1708 ad
719 1670 952 1709 defensionis
974 1670 1156 1709 solacium
1178 1673 1448 1719 reppererunt:
1472 1671 1572 1709 sicut
1593 1682 1661 1709 nos
1683 1671 1821 1709 aduer-
1835 1686 1874 1712 ao

301 1751 367 1778 sus
403 1738 622 1778 huiusmodi
644 1739 816 1778 homines
839 1738 1014 1778 Salomon
1036 1741 1168 1778 edocet
1205 1741 1357 1779 dicens:
1391 1740 1518 1788 noli,
1561 1739 1708 1788 inquit,
1750 1750 1820 1778 re-

303 1810 547 1858 spondere
577 1809 849 1857 insipienti
871 1810 928 1848 ad
959 1810 1121 1859 ipsius
1142 1810 1513 1860 insipientiam,
1546 1821 1601 1848 ne
1634 1809 1822 1848 similis

303 1878 400 1917 fias
445 1877 552 1916 illi:
600 1879 680 1916 sed
712 1880 956 1927 responde
1001 1879 1273 1928 insipienti
1305 1882 1478 1920 6011116
1509 1880 1667 1929 ipsius
1699 1879 1820 1917 insi-

301 1947 562 1997 pientiam,
594 1949 766 1986 utnon
798 1949 1029 1987 uideatur
1061 1949 1158 1988 sibi
1182 1950 1381 1998 sapiens
1413 1961 1533 1988 esse.

359 2017 414 2056 Re
432 2029 523 2056 uera
543 2018 673 2066 magni
694 2018 867 2056 homines
888 2019 953 2067 qui
971 2029 1010 2056 se
1032 2021 1254 2067 comparant
1271 2020 1426 2067 sanctis,
1450 2022 1488 2058 et
1506 2019 1643 2057 eximia
1659 2029 1816 2057 conuer-
1831 2029 1869 2055 τε»

300 2087 398 2126 86110
419 2088 551 2125 1108116
572 2098 669 2135 quae
691 2087 889 2136 prophetis
912 2088 973 2126 uel
995 2088 1180 2136 apostolis
1201 2089 1376 2127 uideatur
1407 2089 1591 2137 aequalis.
1624 2089 1672 2127 ad
1708 2099 1818 2126 occa-

299 2156 444 2194 sionem
461 2156 634 2194 luxuriae
655 2158 809 2195 nostrae
831 2156 871 2194 in
891 2169 1113 2205 peruersum
1136 2160 1290 2197 sanctos
1306 2159 1480 2197 uolumus
1502 2159 1646 2197 imitari
1662 2160 1701 2196 et
1717 2158 1818 2196 inter

298 2228 443 2264 ceteros
465 2227 574 2265 actus
595 2226 761 2275 uestigia
782 2227 967 2265 iustorum
989 2228 1164 2266 nolumus
1188 2228 1308 2276 sequi.
1342 2229 1378 2266 in
1398 2229 1625 2277 quibusdam
1647 2227 1816 2266 infirmos

295 2306 365 2334 nos
405 2307 625 2334 excusamus
660 2296 708 2334 ad
747 2296 934 2335 imitanda
969 2296 1073 2336 facta
1093 2297 1278 2336 maiorum
1300 2300 1339 2336 et
1371 2298 1409 2335 in
1430 2298 1518 2336 aliis
1540 2298 1716 2346 aequales
1747 2308 1815 2335 nos

387 2453 431 2487 16
457 2453 524 2487 Sir.
549 2454 595 2488 32
622 2454 704 2497 (35),
733 2454 786 2489 17.
926 2455 969 2490 21
996 2455 1101 2489 Ρ1011.
1128 2455 1184 2497 26,
1209 2456 1241 2490 4.
1267 2456 1298 2490 5.

386 2591 408 2625 2
433 2590 655 2626 infernorum
680 2604 701 2628 v
847 2594 870 2628 4
897 2593 973 2628 81116
1004 2594 1042 2636 0,
1069 2594 1163 2628 816111
1187 2605 1207 2629 υ
1356 2596 1377 2630 9
1403 2595 1446 2630 6(1
1473 2598 1618 2639 puteum
1647 2608 1693 2632 eae
1717 2598 1813 2643 apud

294 2658 372 2682 eum
404 2648 434 2683 Ο
455 2660 498 2683 m.
518 2652 542 2684 2
680 2650 921 2696 alienigenam
946 2651 1134 2687 mulierem
1161 2653 1420 2687 samaritanam
1444 2653 1487 2689 0¹
1629 2655 1672 2689 18
1697 2655 1813 2700 igitur

299 2706 336 2747 Ο,
363 2716 444 2750 ergo
470 2717 491 2741 v
607 2707 707 2752 prius
731 2719 792 2753 per
823 2708 861 2750 C,
886 2720 947 2753 per
971 2720 993 2744 v
1115 2711 1372 2755 correptionem
1403 2711 1441 2753 O,
1469 2713 1718 2747 correctionem
1744 2724 1765 2748 v

292 2763 392 2808 prius
424 2763 478 2806 0¹,
505 2765 625 2809 potius
656 2766 724 2802 Οὐ
919 2769 962 2803 19
987 2768 1187 2803 rationibus
1219 2769 1249 2805 G
1437 2769 1483 2804 20
1508 2770 1720 2805 admiserint
1744 2783 1765 2806 v

294 2821 338 2856 22
363 2821 550 2866 insipienti
582 2823 612 2858 C
632 2824 673 2858 in
696 2835 769 2860 ras.
797 2835 842 2859 m.
867 2827 892 2861 2
1060 2826 1105 2861 27
1131 2826 1169 2861 in
1200 2827 1230 2862 Ο
1251 2837 1279 2861 s.
1306 2827 1328 2861 I.
1495 2828 1590 2863 inter
1620 2828 1656 2871 G,
1682 2828 1718 2863 in
1744 2839 1765 2863 v

293 2879 337 2913 29
363 2890 426 2912 nos
452 2880 615 2923 aequales
641 2893 662 2915 v
