2032 3248
355 227 410 268 64-
989 223 1235 268 Appendix.

291 330 344 368 14
416 329 446 368 Ο
475 331 513 368 16
542 329 699 378 impium
731 329 1013 378 scelestumque
1025 360 1034 377 ,
1071 330 1263 369 haeretice
1292 330 1510 369 Nouatiane
1519 361 1529 379 ,
1566 332 1630 380 qui
1651 334 1739 380 post
1758 333 1818 371 tot
1838 334 1876 371 61

356 400 467 438 tanta
496 399 537 437 in
565 398 726 438 ecclesia
754 410 777 437 a
806 400 1031 447 quibusdam
1067 402 1170 439 retro
1206 400 1426 439 uoluntarie
1464 402 1667 440 commissa
1702 402 1873 450 crimina,

357 480 453 518 quae
484 471 521 508 et
549 471 592 507 tu
621 469 703 518 ipse
733 468 773 506 in
803 470 911 508 domo
933 469 1005 508 Dei
1025 469 1248 518 priusquam
1285 472 1462 518 apostata
1493 482 1596 510 esses
1627 482 1874 520 cognoueras,

359 541 398 577 et
426 540 520 578 haec
548 550 659 588 posse
689 539 833 578 aboleri
863 539 908 578 de
938 540 1120 578 memoria
1151 542 1375 580 succedente
1405 541 1502 579 bono
1524 541 1655 589 utique
1677 542 1873 589 docueras,

356 610 561 647 secundnm
590 608 701 647 fidem
732 608 943 657 scripturae
966 609 1149 648 dicentis:
1187 621 1212 658 q
1221 623 1246 648 11
1255 610 1268 648 1
1278 622 1300 648 a
1335 610 1377 649 si
1413 622 1433 649 c
1442 622 1462 649 0
1472 622 1497 647 n
1508 623 1532 649 u
1543 621 1562 648 6
1572 622 1591 647 1
1602 622 1619 648 6
1630 623 1654 649 11
1665 622 1683 649 6
1719 610 1768 649 fu
1778 621 1798 648 e
1807 622 1826 648 r
1835 609 1875 648 it
1890 620 1905 645 5

356 677 669 718 facinorosus
709 678 765 716 ab
814 679 1035 718 omnibus
1085 679 1395 718 facinoribus
1445 680 1554 718 suis
1595 691 1716 727 quae
1758 691 1874 718 com-

356 748 495 787 misit
529 750 576 787 et
610 748 867 787 iustitiam
903 749 1061 788 fuerit
1096 752 1317 797 secutus,
1355 749 1460 788 uita
1495 751 1703 788 aeterna
1737 750 1876 788 uiuet

357 819 403 856 et
437 829 529 857 non
564 817 801 856 morietur
836 818 884 856 in
920 818 1142 858 facinore
1179 831 1261 858 suo
1284 841 1340 848 —
1361 819 1502 858 delicta
1530 818 1631 857 enim
1653 829 1750 867 quae
1772 803 1874 858 com-

354 887 474 935 misit,
511 887 767 927 abolebuntur
803 888 848 926 de
884 888 1065 927 memoria
1101 888 1392 928 succedentibus
1429 888 1539 927 bonis
1576 887 1692 927 factis
1725 912 1773 919 -
1787 902 1796 926 z
1833 889 1877 926 tu

357 957 467 996 hodie
504 958 691 996 retractas
721 969 770 996 an
798 957 961 996 debeant
994 957 1191 1006 lapsorum
1226 958 1352 997 curari
1387 958 1561 1006 uulnera,
1599 958 1663 1007 qui
1692 958 1827 996 nudati
1856 970 1879 996 a
1893 970 1927 995 10

356 1026 506 1066 diabolo
536 1027 767 1075 ceciderunt,
808 1027 1056 1066 uiolentia
1092 1040 1245 1076 aquae
1282 1040 1418 1076 quam
1448 1039 1531 1066 suo
1561 1039 1640 1066 ore
1673 1039 1783 1076 serp
1797 1038 1878 1065 ens

357 1096 524 1136 emisit
573 1098 686 1145 post
734 1097 1002 1136 mulierem.
1055 1099 1123 1136 sed
1164 1097 1281 1147 quid
1322 1097 1509 1137 dicam?
1561 1097 1616 1135 ait
1657 1097 1876 1146 apostolus:

355 1166 501 1205 laudo
538 1169 651 1205 uos?
689 1166 737 1205 in
772 1167 858 1205 hoc
895 1179 988 1206 non
1022 1167 1190 1206 laudo:
1229 1167 1343 1215 quia
1372 1179 1464 1206 non
1493 1167 1541 1205 in
1569 1167 1762 1214 melius,
1794 1166 1878 1204 sed

357 1237 405 1275 in
434 1236 577 1284 peius
607 1235 840 1274 uenistis.
876 1236 944 1275 ubi
972 1236 1073 1275 enim
1095 1238 1186 1275 sunt
1215 1237 1580 1276 aemulationes
1610 1238 1656 1275 et
1686 1237 1876 1275 dissen-

359 1307 526 1348 siones
555 1307 603 1344 in
632 1306 797 1354 uobis,
828 1318 983 1346 nonne
1014 1307 1243 1346 carnales
1273 1308 1399 1346 estis
1430 1309 1476 1346 et
1505 1307 1769 1346 secundum
1797 1306 1876 1344 ho-
1893 1318 1925 1342 15

357 1377 453 1416 min
464 1388 483 1415 e
492 1390 530 1415 m
566 1388 588 1414 a
598 1389 635 1414 m
645 1377 670 1414 b
682 1376 729 1414 ul
740 1376 811 1414 ati
822 1388 840 1415 6
851 1379 870 1415 ⁴?
907 1387 976 1414 nec
1015 1387 1085 1415 nos
1126 1377 1279 1425 quidem
1319 1377 1452 1416 mirari
1492 1378 1654 1426 oportet,
1697 1388 1764 1415 cur
1804 1376 1878 1414 iste

357 1446 600 1487 Nouatianus
628 1447 709 1484 tam
738 1445 903 1485 nefanda
930 1447 1011 1484 tam
1040 1446 1175 1495 grauia
1195 1447 1235 1484 in
1256 1457 1459 1495 personam
1487 1447 1684 1495 lapsorum
1705 1456 1879 1485 exercere

359 1528 459 1555 nunc
479 1516 617 1555 audeat
628 1546 637 1563 ,
669 1515 973 1564 quandoquidem
1002 1516 1187 1555 habemns
1209 1517 1381 1564 exempla
1402 1515 1743 1565 praeuaricationis
1764 1515 1879 1554 huius

358 1585 637 1636 praecedentia.
675 1585 764 1624 Saul
793 1585 860 1624 1116
889 1585 1010 1624 bonus
1039 1587 1194 1634 praeter
1223 1587 1350 1624 cetera
1377 1587 1512 1634 postea
1540 1586 1662 1625 liuore
1690 1585 1880 1624 euertitur

360 1657 397 1695 et
427 1657 559 1695 contra
587 1655 712 1694 Dauid
742 1655 868 1694 omnia
896 1656 1058 1694 aduersa
1086 1657 1125 1694 et
1153 1655 1306 1694 inimica
1327 1666 1440 1704 agere
1466 1655 1635 1694 molitur.
1673 1655 1789 1694 Iudas
1810 1654 1877 1693 ille
1894 1668 1928 1694 20

359 1726 460 1764 inter
489 1724 682 1773 apostolos
713 1725 855 1763 electus
886 1725 950 1773 qui
979 1736 1127 1773 semper
1156 1725 1197 1763 in
1227 1726 1336 1764 domo
1365 1725 1436 1764 Dei
1465 1725 1656 1764 unanimis
1686 1726 1724 1763 et
1751 1724 1877 1763 fidelis

362 1795 443 1843 ipse
478 1795 719 1844 postmodum
754 1795 876 1834 Deum
915 1795 1098 1843 prodidit
1139 1795 1383 1843 praedixerat
1418 1795 1572 1844 quidem
1615 1797 1654 1833 et
1694 1794 1878 1834 Dominus

361 1864 500 1903 multos
522 1875 605 1902 esse
627 1866 809 1904 uenturos
831 1865 902 1903 sub
923 1865 1091 1913 pellibus
1113 1864 1240 1904 ouium
1261 1877 1420 1914 rapaces
1440 1866 1564 1914 lupos.
1604 1865 1670 1913 qui
1700 1866 1790 1903 sunt
1811 1863 1878 1902 isti

361 1944 517 1981 rapaces
537 1933 632 1982 lupi,
664 1934 742 1972 nisi
764 1946 876 1973 sensu
906 1934 1064 1974 subdolo
1086 1935 1348 1983 conspirantes
1371 1935 1420 1973 ad
1440 1935 1700 1974 infestandum
1720 1944 1877 1982 gregem

363 2002 535 2042 Christi?
560 2003 659 2042 sicut
679 2003 843 2052 legimus
865 2004 965 2052 apud
986 2004 1209 2043 Zachariam
1229 2005 1414 2052 positum:
1446 2016 1466 2043 e
1477 2016 1496 2043 c
1506 2016 1526 2043 c
1536 2015 1555 2042 e
1577 2015 1596 2043 e
1605 2015 1631 2052 g
1641 2015 1661 2042 0
1683 2015 1701 2041 s
1711 2015 1736 2041 u
1747 2014 1765 2041 s
1776 2002 1876 2041 cito
1894 2016 1927 2042 25

361 2075 609 2122 pastorem
649 2074 698 2113 in
736 2076 893 2122 terra,
943 2075 1024 2123 qui
1065 2075 1189 2124 quod
1236 2086 1462 2114 auersum
1510 2076 1585 2113 est
1626 2085 1717 2113 non
1758 2071 1880 2112 11161-

361 2142 494 2182 tabit
534 2145 581 2182 et
622 2155 796 2182 carnes
837 2144 1107 2183 electorum
1147 2144 1466 2192 manducabit
1506 2145 1553 2182 et
1592 2143 1725 2182 talos
1767 2141 1880 2180 illo-

361 2224 380 2249 r
389 2225 414 2251 u
423 2225 461 2251 m
499 2214 515 2251 t
526 2225 546 2253 o
556 2226 576 2252 r
585 2226 611 2262 q
620 2226 645 2252 11
655 2225 675 2252 6
685 2214 709 2251 b
719 2214 732 2252 i
743 2215 771 2253 t.
813 2214 993 2253 similiter
1023 2216 1062 2252 et
1090 2225 1158 2262 per
1186 2214 1428 2252 Ezechielem
1457 2213 1630 2262 increpat
1657 2209 1877 2251 huiusmodi

458 2361 480 2396 5
503 2361 563 2396 Ez.
588 2361 644 2403 18,
669 2360 725 2395 21.
920 2361 962 2396 11
988 2361 1096 2406 Apoc.
1124 2361 1178 2402 12,
1204 2361 1258 2396 15.
1448 2360 1492 2394 12
1516 2360 1535 2394 Ι
1561 2359 1640 2395 Cor.
1666 2359 1721 2400 11,
1746 2358 1801 2392 22.
1828 2358 1885 2394 17.

365 2419 411 2454 14
434 2419 453 2454 Ι
479 2419 556 2455 Cor.
582 2419 613 2462 3,
641 2419 672 2454 3.
815 2419 860 2454 23
885 2419 929 2455 cf.
955 2419 1087 2454 Matth.
1115 2420 1146 2462 7,
1172 2419 1226 2454 15.
1373 2419 1420 2454 25
1444 2418 1549 2454 Zach.
1575 2418 1608 2459 9,
1633 2417 1688 2452 16.

459 2582 479 2616 1
505 2581 764 2627 scelestumque
789 2580 832 2615 K
853 2580 915 2616 sed
946 2590 1013 2624 que
1038 2590 1084 2615 eac
1116 2579 1210 2624 quod
1231 2591 1277 2615 m.
1301 2582 1325 2617 2
1555 2579 1704 2614 heretici
1736 2579 1794 2614 Κι

366 2639 389 2674 2
414 2639 585 2674 commisa
609 2639 652 2674 K
804 2639 827 2673 4
852 2649 923 2673 suc.
948 2638 1056 2683 bono]
1083 2637 1323 2672 succedentem
1348 2638 1558 2673 Memoriam
1584 2638 1628 2672 K
1785 2637 1807 2672 5
1832 2636 1885 2671 di-

369 2697 457 2733 cetis
482 2697 526 2732 K
532 2697 539 2715 ¹
756 2697 775 2731 7
802 2696 914 2731 fuerit
940 2697 1082 2730 secutus
1107 2695 1156 2737 K,
1182 2695 1308 2730 fecerit
1332 2707 1353 2732 v
1579 2695 1624 2731 10
1649 2696 1729 2740 qui,⁵
1754 2695 1797 2729 K

367 2756 412 2791 11
438 2755 508 2801 ore]
535 2766 636 2801 opere
660 2755 704 2790 K
821 2755 866 2790 13
889 2755 928 2789 in
951 2755 1019 2789 hoc
1044 2764 1109 2789 om.
1136 2754 1180 2788 K
1296 2754 1340 2788 17
1366 2764 1515 2798 persona
1539 2753 1581 2787 K
1699 2752 1743 2787 18
1767 2762 1886 2797 praeu.

368 2814 488 2860 11111116]
512 2813 772 2860 preuaricantis
796 2814 879 2848 istis
904 2813 948 2848 K
1117 2812 1165 2848 21
1189 2811 1246 2846 dei
1271 2822 1340 2847 om.
1366 2811 1410 2846 K
1579 2810 1776 2846 unianimis
1800 2809 1844 2844 K

372 2872 418 2907 22
443 2871 597 2907 tradidit
621 2882 643 2907 υ
736 2871 782 2907 24
800 2882 904 2906 6611611
924 2882 951 2906 6.
969 2869 1224 2915 conspirantes]
1244 2880 1366 2904 sensns
1384 2868 1613 2904 subdolorum
1631 2869 1782 2913 spiritus
1799 2867 1843 2901 K

2022 2734 2026 2738 =
2026 2717 2032 2727 c
2020 2705 2022 2710 ,
2020 2678 2032 2697 x
2019 2664 2023 2670 ·
2016 2362 2032 2656 mnam-emm&
2017 1409 2032 2354 mme:
