2032 3248
404 238 518 269 LXVI

405 330 532 372 etiam
559 330 627 372 hic
654 330 916 385 conspicitur.
953 330 1135 372 ceterum
1163 330 1359 372 nonnulla
1387 331 1540 374 rectius
1570 333 1682 386 apud
1703 334 1905 389 Hierony-

404 417 520 446 mum
538 403 600 459 (h)
621 405 828 460 leguntur,
860 406 976 448 cuius
1004 406 1113 448 inter
1142 417 1263 458 opera
1285 405 1365 462 (ed.
1389 406 1556 449 Martin.
1582 407 1618 448 V
1648 420 1688 462 p.
1710 408 1807 458 405,
1841 409 1901 451 ed.

405 478 582 521 Vallars.
605 479 666 520 XI
685 479 713 521 2
734 494 773 534 p.
794 480 895 534 357)
925 480 1102 535 epistula
1129 480 1214 522 iam
1234 480 1307 522 diu
1327 482 1422 523 ante
1441 481 1661 524 Baluzium
1682 482 1904 533 ferebatur,

403 553 513 606 quod
540 554 627 608 ipse
646 567 727 596 non
747 554 976 609 ignorabat.
1003 580 1058 586 —
1078 554 1201 596 XVII
1224 556 1497 599 Carmina
1517 556 1720 612 Cypriano
1739 557 1906 600 Tertul-

404 628 513 670 liano
530 629 623 671 aliis
639 629 847 683 adscripta
860 643 906 672 ex
918 630 994 672 hac
1007 631 1370 685 suppositiciorum
1387 645 1555 686 operum
1571 631 1778 686 farragine
1794 632 1908 673 nolui

404 703 599 758 relegare,
628 716 723 746 cum
750 716 856 746 noua
882 704 1083 758 quaedam
1110 705 1315 758 praesidia
1336 706 1388 748 ad
1409 718 1549 748 eorum
1578 707 1907 749 emendationem

405 777 612 830 haberem,
643 778 795 831 quibus
825 781 918 832 post
947 779 1148 822 editiones
1169 781 1373 836 principes
1395 780 1466 822 diu
1487 781 1675 836 neglecta
1696 781 1748 823 ad
1767 781 1911 834 pristi-

403 866 517 904 num,
555 853 865 907 qualiscumque
899 853 970 895 ille
1005 855 1078 906 est,
1114 854 1292 897 nitorem
1327 855 1494 897 restitui
1528 867 1646 909 posse
1681 855 1906 909 sperabam.

407 928 638 971 Genesis
666 941 831 970 carmen
860 941 942 970 una
975 941 1070 970 cum
1091 928 1269 971 Sodoma
1289 929 1487 971 Morelius
1516 942 1563 971 ex
1592 929 1729 972 codice
1759 930 1909 972 biblio-

404 1004 548 1047 thecae
578 1003 618 1046 S.
648 1003 828 1046 Victoris
858 1003 1019 1057 primus
1049 1004 1192 1045 edidit.
1226 1016 1300 1059 ego
1332 1004 1505 1047 eundem
1536 1004 1796 1047 Victorinum
1825 1004 1911 1048 380

404 1078 476 1135 (R)
502 1091 610 1121 nunc
628 1078 905 1120 Parisiensem
940 1090 1042 1120 saec.
1066 1078 1171 1120 XIII
1206 1079 1450 1135 diligentius
1482 1080 1640 1122 excussi
1669 1079 1798 1122 altero
1829 1092 1909 1122 non

403 1154 584 1208 inuento,
607 1153 724 1195 cuius
745 1152 898 1194 auxilio
920 1153 1031 1195 unici
1052 1154 1202 1196 codicis
1219 1155 1368 1197 menda
1383 1154 1633 1209 grauissima
1647 1155 1906 1197 tollerentur.

403 1230 584 1271 carmina
605 1229 843 1272 Sodoma
863 1230 904 1271 et
924 1228 1157 1282 proximum
1177 1227 1244 1270 De
1264 1229 1374 1271 Iona
1403 1228 1589 1271 eiusdem
1621 1229 1798 1272 auctoris
1820 1241 1906 1272 esse

402 1305 449 1347 L.
471 1304 648 1347 Mueller
669 1304 806 1359 (Mas.
837 1303 972 1346 Rhen.
1010 1305 1117 1347 1867
1149 1318 1187 1358 p.
1218 1304 1320 1359 329)
1352 1304 1512 1358 primus
1547 1304 1753 1346 intellexit
1787 1304 1909 1358 idque

404 1380 556 1423 codicis
590 1379 837 1422 Parisiensis
872 1379 985 1421 2772
1021 1392 1125 1422 saec.
1162 1379 1201 1420 X
1236 1379 1313 1434 (H)
1349 1379 1614 1433 inscriptione
1653 1377 1909 1431 Opusculum

406 1454 667 1497 Tertulliani
693 1454 742 1496 de
770 1453 930 1496 excidio
951 1453 1151 1497 Sodomae
1169 1456 1206 1494 et
1228 1453 1393 1496 Niniue
1421 1454 1698 1497 confirmatur.
1735 1454 1910 1496 duorum

405 1529 705 1572 Parisiensium
733 1529 774 1569 H
794 1528 831 1570 R
860 1528 1105 1570 lectionibus
1135 1528 1178 1570 in
1209 1528 1462 1570 emendando
1493 1540 1572 1570 non
1602 1529 1784 1570 multum
1815 1539 1909 1581 pro-

404 1604 631 1655 ficeremus,
667 1603 747 1646 nisi
778 1602 1013 1646 accessisset
1041 1603 1223 1656 optimus
1256 1602 1381 1644 codex
1400 1602 1622 1644 Vossianus
1650 1602 1678 1644 1.
1702 1602 1737 1655 Q
1758 1602 1813 1645 86
1835 1602 1912 1658 (A)

403 1673 584 1720 ‘ineunte
619 1678 757 1732 potius
793 1690 917 1731 quam
947 1678 1117 1719 exeunte
1152 1689 1254 1719 saec.
1287 1669 1361 1718 IX'
1397 1677 1532 1719 iudice
1554 1676 1695 1719 Geelio
1732 1677 1911 1730 scriptus

405 1754 475 1810 (cf.
505 1753 786 1796 Schneidewin
808 1751 1008 1794 Martial.
1045 1765 1085 1806 p.
1115 1752 1198 1794 680
1231 1753 1272 1793 et
1300 1752 1417 1794 Alex.
1439 1751 1560 1794 Riese
1589 1751 1761 1793 Anthol.
1793 1751 1865 1793 lat.
1890 1752 1910 1792 I

404 1842 443 1882 p.
456 1828 711 1883 XXXVIII),
733 1827 848 1870 cuius
870 1827 1093 1881 scripturas
1107 1827 1151 1869 L.
1166 1826 1342 1868 Mueller
1360 1827 1405 1869 in
1420 1827 1562 1869 Museo
1574 1827 1702 1868 Rhen.
1725 1826 1912 1879 publica-

403 1904 481 1946 uit.
517 1904 640 1946 codex
674 1903 746 1957 qui
781 1902 883 1944 olim
915 1903 958 1944 111
991 1902 1242 1944 bibliotheca
1277 1901 1518 1944 monasterii
1548 1901 1909 1943 Laureshamensis

405 1979 608 2029 exstabat,
630 1991 677 2020 ex
694 1989 771 2031 quo
787 1978 863 2019 hoc
880 1990 1044 2019 carmen
1055 1978 1111 2018 Io.
1129 1976 1395 2020 Sicchardum
1417 1977 1627 2019 editurum
1644 1988 1731 2018 esse
1743 1976 1908 2017 Rhena-

404 2066 481 2096 nus
497 2054 541 2096 in
561 2053 812 2107 praefatione
828 2052 879 2094 ad
897 2052 1145 2094 Tertulliani
1166 2064 1287 2106 opera
1307 2052 1386 2106 (ed.
1409 2051 1534 2103 1528)
1557 2051 1732 2104 dicebat,
1754 2052 1908 2103 perisse

405 2128 585 2170 uidetur.
616 2128 692 2170 hoc
723 2127 900 2169 carmine
932 2128 1094 2179 recepto
1125 2139 1205 2168 non
1233 2128 1418 2179 poteram
1446 2137 1526 2168 non
1555 2125 1702 2167 addere
1731 2125 1909 2166 alterum

406 2203 591 2245 eiusdem
611 2204 754 2256 poetae
775 2205 863 2246 De
879 2204 1029 2245 Iona
1048 2202 1307 2256 inscriptum,
1330 2201 1438 2255 quod
1459 2214 1506 2242 ex
1527 2200 1662 2242 codice
1683 2199 1908 2241 Pithoeano

406 2278 571 2320 Iuretus
594 2277 726 2332 (Bibl.
741 2281 858 2331 patr.
880 2280 979 2320 tom.
1004 2277 1123 2330 VIII)
1155 2276 1359 2331 uulgauit.
1395 2276 1537 2317 aderat
1558 2275 1720 2329 praeter
1740 2274 1908 2316 Vossia-

405 2365 506 2394 num
529 2352 599 2408 (A)
620 2352 945 2395 Vindobonensis
969 2353 1022 2394 16
1043 2364 1145 2394 saec.
1168 2351 1230 2391 IX
1253 2350 1327 2405 (Δ)
1352 2350 1462 2392 lectu
1485 2348 1769 2398 difficillimus,
1792 2348 1907 2389 cuius

407 2427 626 2468 collatione
654 2426 792 2468 minus
821 2426 1012 2468 accurata
1033 2426 1182 2467 Oehler
1205 2423 1395 2479 (Tertull.
1418 2424 1517 2465 tom.
1549 2422 1591 2463 Π
1617 2436 1656 2476 p.
1681 2423 1703 2463 7
1708 2422 1777 2475 69)
1809 2435 1906 2463 usus

410 2502 485 2543 est.
523 2501 596 2542 hos
632 2502 732 2543 duos
767 2501 894 2543 libros
924 2514 970 2542 ex
1001 2500 1142 2542 eodem
1179 2499 1335 2553 optimo
1366 2498 1472 2539 libro
1503 2496 1666 2539 fluxisse
1702 2499 1905 2540 constanti

408 2575 635 2616 lectionum
656 2587 852 2617 consensu
873 2577 1053 2630 apparet.
1084 2588 1247 2617 carmen
1269 2576 1462 2628 quartum
1485 2573 1572 2615 Ad
1592 2580 1907 2616 senatorem

409 2661 433 2689 a
448 2648 619 2691 Morelio
640 2650 822 2703 primum
843 2650 1003 2692 editum
1017 2649 1068 2690 ad
1085 2649 1329 2691 uetustiores
1350 2660 1449 2701 quos
1471 2648 1610 2690 inueni
1632 2649 1905 2690 Parisiensem

408 2721 520 2764 2832
557 2736 660 2766 saec.
684 2724 745 2765 IX
775 2724 838 2778 (F)
873 2725 914 2766 et
944 2724 1056 2766 2772
1088 2724 1175 2779 (Η),
1208 2724 1399 2777 quintum
1421 2725 1508 2766 De
1531 2726 1769 2776 Pascha,
1790 2724 1905 2765 cuius

409 2796 534 2838 editio
569 2798 755 2851 princeps
784 2798 890 2840 Aldo
923 2798 1050 2853 (Poet.
1074 2797 1228 2839 Christ.
1260 2811 1384 2850 opera
1413 2812 1447 2840 a.
1483 2800 1606 2852 1501)
1638 2800 1820 2851 debetur,
1855 2799 1905 2839 ad

410 2871 567 2913 codices
582 2872 676 2924 EM,
699 2885 871 2925 quorum
893 2874 942 2916 de
964 2873 1204 2927 cognatione
1226 2885 1348 2926 supra
1369 2873 1526 2915 dictum
1550 2876 1611 2915 est
1632 2887 1668 2926 p.
1687 2873 1843 2914 XXXV
1865 2875 1906 2914 et
