2032 3248
383 169 438 212 48
789 169 983 204 Arnobii
1016 170 1233 205 aduersus
1263 170 1470 206 nationes

383 286 522 327 culum
551 283 819 340 ignorationis
850 283 1032 326 amouit‘?
1070 284 1139 337 qui
1170 284 1204 326 si
1235 285 1382 339 dignus
1422 298 1501 327 non
1532 287 1654 336 esset,
1687 286 1752 328 cui
1783 299 1878 329 aus-

382 354 536 396 cultare
558 352 758 396 deberetis
780 353 820 393 et
841 353 1013 404 credere,
1046 354 1114 395 uel
1135 353 1210 395 hoc
1238 354 1324 407 ipso
1346 353 1482 396 fuerat
1502 367 1580 396 non
1601 356 1877 408 aspernandus

381 435 405 465 a
434 423 573 473 uobis,
615 422 721 475 quod
758 421 954 463 salutaria
984 422 1101 464 uobis
1132 422 1381 474 ostenderet,
1421 423 1528 476 quod
1561 424 1649 466 uias
1680 424 1796 466 uobis
1826 424 1878 465 ad

381 479 539 534 caelum
570 491 610 532 et
640 493 737 532 uota
767 490 1094 532 immortalitatis
1126 491 1344 544 apertaret.
1395 492 1437 533 at
1467 492 1576 533 enim
1607 493 1698 535 odio
1729 493 1877 547 dignus

381 561 465 611 est,
505 559 611 613 quod
641 572 688 601 ex
719 559 814 601 orbe
844 559 1062 613 religiones
1093 560 1269 613 expulit,
1302 560 1409 614 quod
1439 561 1490 602 ad
1521 561 1687 603 deorum
1718 562 1877 603 cultum
1907 579 1923 604 5

379 628 589 683 prohibuit
620 628 768 670 accedi.
819 640 965 683 ergone
1003 629 1075 670 ille
1105 629 1314 683 religionis
1346 629 1548 671 extinctor
1578 633 1618 672 et
1647 631 1876 685 impietatis

379 699 520 740 auctor
556 697 764 752 arguitur,
812 697 881 750 qui
920 710 1062 739 ueram
1098 698 1140 739 in
1178 699 1271 740 orbe
1307 699 1548 754 religionem
1578 699 1760 750 induxit,
1806 700 1875 753 qui

378 892 450 927 tior
481 893 521 927 in
554 902 628 937 my:
669 890 923 935 Transpositio.
965 891 1013 925 ad
1053 891 1165 926 uerba
1198 891 1349 936 quadam
1390 892 1573 927 dulcedine
1606 895 1712 938 atque
1747 904 1876 928 manus

378 950 454 984 alia
478 949 676 991 recentior,
714 959 803 992 quae
828 959 848 982 r
873 958 946 982 esse
969 948 1134 988 uidetur,
1171 949 1318 993 scripsit
1348 949 1442 984 Haec
1477 949 1604 984 desunt
1634 950 1671 984 in
1696 950 1874 995 impressis

376 1008 548 1042 hactenus
580 1006 765 1041 codicibus.
801 1005 924 1040 eadem
949 1009 1086 1040 rectum
1110 1006 1189 1049 fere
1213 1006 1377 1041 ordinem
1404 1006 1604 1042 indicauit:
1642 1008 1729 1042 uide
1759 1008 1874 1052 infra.

368 1068 550 1110 postremo
575 1065 683 1099 tertia
707 1074 835 1098 manus
859 1064 1038 1098 recentior
1054 1063 1199 1098 addidit
1217 1063 1252 1108 ss
1270 1074 1310 1098 ex
1326 1064 1390 1099 lib..
1407 1074 1421 1098 1
1445 1065 1738 1109 transpositionis
1762 1077 1785 1100 a
1806 1065 1874 1100 Ge-

373 1122 468 1157 lenio
484 1125 518 1156 et
543 1121 673 1156 Ursino
688 1121 808 1164 factae
825 1121 967 1155 ratione
990 1121 1121 1155 habita.
1148 1121 1209 1155 ille
1233 1121 1325 1156 enim
1349 1122 1463 1156 uerba
1478 1123 1516 1156 at
1534 1122 1626 1156 enim
1647 1122 1725 1156 odio
1742 1122 1874 1167 dignus

373 1182 428 1215 est
451 1196 501 1220 «Μ
526 1180 667 1224 (deletis
690 1179 811 1214 uerbis
835 1179 871 1213 in
897 1180 1040 1214 cunctos
1070 1179 1187 1214 lumen
1217 1179 1456 1224 praetenderit
1479 1200 1523 1205 —
1547 1182 1633 1215 uota
1663 1181 1874 1216 immortali-

372 1238 460 1273 tatis
508 1239 662 1283 optaret)
703 1258 746 1262 —
786 1238 934 1282 quadam
976 1237 1159 1272 dulcedine
1198 1239 1304 1282 atque
1346 1254 1394 1276 sne
1434 1238 1570 1272 nectare
1611 1237 1702 1272 ebrii
1748 1239 1873 1273 cuncta

372 1297 600 1330 contemnant
646 1298 819 1340 quattuor
863 1295 998 1330 ultimis
1044 1295 1165 1329 uerbis
1205 1298 1355 1339 praeter
1394 1306 1437 1329 ne
1485 1295 1627 1330 litteras
1666 1297 1874 1331 coniectura

372 1352 523 1395 additis,
554 1353 613 1387 hic
644 1352 827 1387 asteriscis
850 1354 890 1387 in
914 1363 973 1397 ‘my
992 1352 1123 1397 positis
1157 1352 1269 1387 uerba
1302 1352 1338 1388 in
1377 1353 1520 1387 cunctos
1551 1354 1587 1387 et
1618 1353 1734 1387 lumen
1776 1363 1872 1397 prae-

371 1410 527 1444 tenderit
560 1430 603 1435 -
636 1410 786 1454 quadam
827 1409 1010 1444 dulcedine
1050 1412 1155 1454 atque
1194 1410 1235 1443 in
1274 1410 1405 1444 librum
1436 1410 1598 1453 primum
1637 1414 1724 1445 ante
1764 1413 1873 1454 caput

371 1469 416 1502 65
447 1468 580 1502 reiecit.
627 1468 668 1502 in
699 1466 854 1502 secundo
888 1467 979 1502 libro
1013 1467 1101 1501 haec
1129 1467 1259 1501 habent
1282 1468 1324 1504 ut
1349 1468 1434 1511 (pro
1458 1468 1508 1512 et>
1533 1478 1602 1501 non
1627 1481 1691 1504 «ιω
1716 1467 1871 1502 omnium

371 1525 547 1559 uirtutum
573 1541 622 1562 sno
647 1544 689 1550 —
715 1525 888 1559 malorum
924 1525 1026 1558 tanta
1066 1524 1264 1569 experiatur
1300 1525 1486 1559 examina?
1533 1526 1699 1559 utrumne
1736 1526 1869 1566 (utrum

377 1582 456 1626 Gel)
482 1582 584 1616 illum
608 1582 714 1616 tellus
739 1596 802 1619 mo
826 1592 854 1615 e.
880 1591 912 1625 q.
938 1592 965 1615 s.
997 1581 1130 1625 reliqui
1161 1581 1314 1616 editores
1337 1581 1486 1617 secundi
1516 1582 1601 1616 libri
1623 1582 1715 1625 fines
1739 1583 1872 1627 eyressi

370 1651 446 1674 non
484 1643 579 1675 sunt.
631 1639 810 1675 Canterus
840 1639 954 1673 uerba
985 1639 1036 1673 sic
1069 1639 1295 1682 transposuit
1326 1640 1368 1672 ut
1396 1650 1466 1673 non
1500 1639 1657 1673 omnium
1691 1639 1869 1673 uirtutum

371 1707 485 1731 amore
523 1697 560 1731 in
598 1697 740 1731 cunctos
777 1698 813 1730 et
848 1696 966 1730 lumen
1002 1696 1239 1741 praetenderit
1276 1716 1319 1721 —-
1356 1696 1507 1741 quadam
1548 1695 1729 1731 dulcedine
1764 1698 1870 1741 atque

370 1764 486 1788 amore
524 1755 654 1798 (amore
692 1753 851 1796 addidit)
887 1753 1038 1797 correpti
1077 1753 1237 1798 cognitas
1261 1773 1305 1779 —-
1336 1754 1509 1788 malorum
1541 1755 1645 1788 tanta
1674 1754 1873 1799 experiatur

370 1811 554 1846 examina?
594 1813 714 1846 utrum
756 1811 858 1845 illum
898 1810 1005 1844 tellus
1039 1821 1065 1844 e.
1091 1822 1123 1855 q.
1148 1821 1175 1845 s.
1202 1821 1351 1855 eumque
1387 1815 1528 1846 secutus
1565 1815 1616 1845 est
1651 1811 1869 1846 Elmenhor·

369 1869 471 1904 stius.
513 1869 588 1903 alia
619 1868 898 1912 transpositione
929 1878 1016 1902 usus
1048 1871 1097 1902 est
1123 1867 1344 1902 Salmasius.-
1383 1869 1444 1913 qui
1469 1868 1499 1902 si
1531 1868 1660 1912 dignus
1684 1879 1754 1902 non
1779 1870 1871 1902 esset

369 1942 416 1964 ιω
442 1946 485 1950 -
510 1926 594 1959 uota
618 1925 901 1959 immortalitatis
927 1926 1082 1969 optaret,
1106 1940 1156 1962 4⁸³
1180 1926 1221 1959 ut
1245 1935 1315 1959 non
1339 1926 1376 1959 in
1402 1926 1544 1960 cunctos
1569 1926 1687 1959 lumen
1714 1927 1748 1959 et
1772 1936 1868 1970 prae-

369 1983 525 2017 tenderit
549 1997 612 2019 ηις)
637 2003 680 2008 —
713 1982 885 2017 amouerit
908 1982 987 2019 42³?
1028 1984 1065 2016 at
1106 1982 1200 2016 enim
1241 1981 1319 2016 odio
1359 1982 1491 2027 dignus
1532 1984 1585 2017 est
1609 1998 1659 2020 48,⁴
1682 2003 1726 2007 —
1758 1982 1868 2016 veluti

370 2041 519 2085 quadam
569 2040 749 2075 dulcedine
797 2041 904 2084 atque
952 2039 1109 2074 omnium
1157 2039 1334 2074 uirtutum
1376 2060 1418 2065 —-
1458 2041 1630 2075 malorum
1671 2041 1772 2075 tanta
1812 2050 1868 2074 ex-

368 2099 524 2143 periatur
559 2097 742 2132 examina‘?
782 2099 950 2131 utrumne
986 2097 1091 2131 illum
1122 2097 1230 2131 tellus
1256 2108 1282 2131 e.
1310 2108 1340 2141 q.
1367 2108 1395 2132 s.
1434 2097 1590 2132 Orellius
1626 2102 1657 2132 et
1698 2098 1868 2133 Oehlerus

370 2156 540 2191 Salmasii
564 2156 764 2200 exemplum
787 2155 919 2189 imitati
942 2158 1043 2198 sunt,
1082 2155 1155 2189 nisi
1178 2155 1274 2199 quod
1298 2155 1354 2189 hic
1377 2166 1507 2189 manus
1530 2155 1629 2190 illius
1660 2156 1868 2190 recentioris

368 2214 521 2259 vestiyiis
544 2214 713 2248 insistens
731 2223 856 2256 pauca
879 2212 1106 2246 immutauit:
1131 2214 1251 2247 utrum
1276 2212 1312 2246 in
1338 2214 1481 2247 cunctos
1507 2214 1543 2246 et
1567 2213 1683 2247 lumen
1708 2215 1865 2257 praeten-

369 2271 461 2305 derit
485 2291 528 2296 —
553 2270 703 2315 quadam
736 2269 918 2304 dulcedine
951 2271 986 2303 et
1017 2279 1110 2303 nouo
1144 2272 1229 2312 (pro
1261 2271 1343 2312 non)
1377 2270 1536 2303 omnium
1567 2270 1703 2304 uirtute
1727 2290 1770 2295 ——
1794 2281 1865 2304 ma-

368 2329 482 2363 lorum
515 2330 618 2362 tanta
651 2327 847 2372 experiatur
878 2327 1039 2361 examina
1070 2328 1175 2371 atque
1207 2337 1249 2360 ne
1281 2326 1386 2360 illum
1418 2327 1524 2361 tellus
1549 2338 1576 2361 e.
1611 2338 1642 2371 q.
1675 2338 1702 2361 s.
1736 2331 1769 2362 et
1802 2338 1865 2372 eyo

369 2385 636 2420 Salmasianam
676 2384 891 2419 emendandi
928 2384 1105 2418 rationem
1132 2387 1284 2428 praeter
1315 2384 1441 2418 turbas
1472 2384 1513 2418 in
1545 2385 1662 2428 capite
1693 2386 1719 2418 2
1741 2384 1865 2426 factas

367 2443 486 2487 recepi
523 2443 643 2477 uerbis
683 2442 841 2476 omnium
882 2441 1059 2476 uirtutum
1099 2451 1215 2475 amore
1242 2461 1288 2465 —
1310 2441 1486 2476 malorum
1525 2442 1628 2476 tanta
1667 2441 1864 2485 experiatur

369 2501 526 2535 examina
560 2502 681 2535 utrum
715 2500 812 2535 inter
842 2500 953 2534 uerba
977 2500 1128 2544 quadam
1161 2499 1342 2534 dulcedine
1367 2501 1472 2544 atque
1498 2503 1530 2534 et
1554 2500 1666 2534 uerba
1690 2510 1734 2533 ne
1758 2499 1863 2534 illum

368 2557 476 2591 tellus
501 2558 688 2593 collocatis.
721 2568 845 2601 nempe
867 2558 958 2600 folia
980 2558 1020 2591 in
1037 2556 1156 2591 codice
1181 2557 1385 2601 antiquiore
1396 2560 1608 2601 permutata
1624 2560 1747 2591 erant:
1772 2567 1862 2591 caue

369 2614 462 2648 enim
500 2614 646 2650 Oehlero
679 2614 819 2656 credas,
856 2615 920 2658 qui
950 2614 991 2648 in
1024 2614 1196 2648 Parisino
1227 2613 1318 2648 libro
1349 2613 1520 2655 soliorum
1545 2614 1860 2657 transpositionem

366 2671 504 2713 factam
529 2682 602 2706 esse
625 2672 793 2706 somniat,

415 2739 435 2773 1
459 2740 593 2774 amouit
616 2741 764 2785 scripsi.-
795 2739 969 2774 amouerit
993 2739 1030 2774 P
1166 2739 1339 2774 ascultare
1358 2739 1394 2774 P
1531 2739 1552 2773 3
1577 2738 1668 2783 quod
1693 2739 1862 2774 salutaria

367 2796 469 2831 uobis
493 2796 569 2831 add
592 2807 611 2831 c
747 2797 770 2832 4
793 2798 970 2841 apertaret
993 2796 1202 2831 Heraldus:
1243 2797 1381 2841 optaret
1405 2796 1441 2831 P
1464 2798 1603 2840 aptaret
1627 2796 1815 2832 Meursius
