2032 3248
332 187 388 228 46
736 184 933 221 Arnobii
965 187 1180 221 aduersus
1208 186 1418 220 nationes

334 300 477 343 teretis
508 313 580 343 uos
601 301 741 343 tamen
771 314 845 344 nec
864 302 1071 355 potionem
1106 302 1356 356 incognitam
1387 301 1632 343 dubitaretis
1667 301 1827 343 haurire

335 382 403 422 spe
434 370 578 412 salutis
608 370 817 424 proposita
846 372 967 425 atque
998 382 1135 413 amore
1160 371 1458 413 incolumitatis
1480 370 1647 412 incensi.
1700 369 1828 412 eluxit

335 439 457 492 atque
513 439 702 493 apparuit
748 438 936 482 Christus
981 440 1040 481 rei
1089 440 1290 482 maximae
1340 439 1551 481 nuntiator
1600 439 1828 492 auspicium

335 508 516 550 faustum
546 511 712 562 portans
744 509 785 551 et
814 509 1075 563 praeconium
1107 509 1286 550 salutare
1317 507 1588 550 credentibus.
1628 520 1829 562 quaenam

336 578 396 619 est
432 577 513 618 ista
559 577 799 629 crudelitaS,
843 578 1128 620 inhumanitas
1168 590 1269 631 quae
1299 579 1438 628 tanta,
1487 578 1736 631 quinimmo,
1782 580 1830 619 ut
1861 593 1874 617 5

335 646 469 688 uerius
511 646 687 700 eloquar,
734 647 961 702 fastidium,
1009 646 1286 700 supercilium,
1334 646 1610 688 nuntiatorem
1648 647 1829 688 muneris

337 717 376 756 et
419 715 661 769 portitorem
708 716 816 758 tanti
863 728 942 758 non
987 716 1151 758 tantum
1200 715 1421 757 uerborum
1470 715 1829 757 maledictionibus

337 784 516 826 scindere
560 798 704 826 uerum
755 785 881 826 etiam
926 785 1032 827 bello
1084 785 1204 839 graui
1249 786 1370 838 atque
1409 784 1597 826 omnibus
1642 784 1831 838 persequi

336 854 512 895 telorum
543 854 807 897 effusionibus
839 856 880 896 et
911 855 1071 897 ruinis‘?
1118 866 1198 897 non
1237 855 1401 909 placent
1432 866 1478 896 ea
1514 865 1616 907 quae
1655 853 1755 895 dicit
1793 854 1833 895 et

243 932 325 965 f.27
339 935 431 965 cum
467 922 471 979 Ι
507 923 796 966 offensionibus
827 924 1048 966 audiuntur
1078 937 1101 966 a
1130 923 1265 965 uobis:
1305 936 1377 977 pro
1408 923 1577 964 ludicris
1609 935 1657 965 ea
1684 923 1879 965 uatici-10

336 992 567 1034 nationibus
599 994 844 1046 computate.
898 992 1189 1034 stolidissimas
1219 1005 1282 1034 res
1313 992 1494 1046 loquitur
1528 993 1569 1033 et
1591 991 1707 1034 fatua
1728 991 1834 1033 dona

336 1061 564 1114 promittit:
616 1062 745 1104 ridete
782 1062 829 1103 ut
867 1062 1069 1115 sapientes
1109 1074 1181 1104 uos
1220 1062 1300 1103 uiri
1339 1062 1380 1104 et
1416 1062 1459 1103 in
1502 1061 1587 1104 suis
1628 1061 1832 1103 erroribus

337 1130 572 1172 fatuitatem
612 1131 831 1185 relinquite
876 1131 1068 1173 uolutari.
1119 1143 1319 1185 quaenam
1366 1131 1428 1173 est
1465 1131 1565 1173 haec
1594 1130 1754 1184 feritas,
1787 1130 1835 1171 ut

338 1201 568 1253 repetamus
600 1213 714 1254 quae·
733 1201 842 1243 dicta
873 1202 968 1242 sunt
999 1201 1178 1254 saepius,
1220 1213 1323 1254 quae
1363 1200 1491 1241 libido
1522 1202 1610 1241 tam
1641 1198 1832 1250 carnifex,

338 1269 582 1322 inexpiabile
619 1269 777 1311 bellum
815 1269 994 1311 indicere
1031 1269 1136 1310 nihil
1177 1269 1226 1311 de
1256 1270 1298 1310 te
1329 1269 1498 1321 merito,
1539 1268 1762 1311 dilacerare
1799 1269 1881 1309 3115

338 1338 458 1379 detur
494 1350 587 1379 eum
628 1338 733 1380 uelle
770 1351 842 1391 per
873 1338 1049 1389 uiscera,
1090 1338 1159 1391 qui
1190 1350 1271 1380 non
1302 1336 1421 1379 modo
1452 1337 1616 1379 nullum
1645 1337 1835 1379 intulerit

340 1407 497 1449 malum
527 1407 605 1449 ulli
635 1408 705 1449 sed
736 1408 963 1461 aequaliter
992 1408 1197 1462 benignus
1231 1407 1420 1449 hostibus
1443 1406 1607 1458 diceret,
1640 1407 1835 1460 quidnam

340 1476 488 1517 animis
510 1475 657 1518 salutis
679 1475 751 1518 deo
772 1477 1002 1530 portaretur
1023 1489 1046 1518 a
1066 1477 1259 1529 principe,
1289 1476 1386 1529 quid
1409 1478 1515 1517 esset
1538 1476 1644 1518 facto
1667 1488 1766 1528 opus
1788 1478 1835 1517 111

341 1544 555 1586 interitum
585 1545 775 1599 fugerent
806 1545 847 1586 et
876 1545 1236 1586 immortalitatem
1257 1545 1599 1597 consequerentur
1619 1545 1835 1599 ignotam?

341 1626 513 1667 cumque
545 1614 707 1656 nouitas
746 1627 882 1656 rerum
914 1617 954 1656 et
984 1613 1175 1656 inaudita
1204 1613 1419 1667 promissio
1458 1614 1716 1655 audientium
1747 1615 1836 1655 tur·
1850 1627 1883 1653 20

340 1682 457 1724 baret
486 1684 644 1725 mentes
676 1684 716 1725 et
746 1683 1031 1725 credulitatem
1063 1682 1214 1725 faceret
1252 1682 1471 1733 haesitare,
1511 1682 1716 1723 uirtutum
1747 1694 1835 1724 om-

340 1751 455 1793 nium
500 1752 686 1793 dominus
724 1752 845 1805 atque
882 1752 1011 1806 ipsius
1050 1752 1195 1793 mortis
1233 1751 1439 1793 extinctor
1481 1751 1686 1793 hominem
1717 1764 1837 1793 suum

342 1821 529 1874 permisit
568 1821 760 1873 interfici,
803 1823 850 1863 ut
881 1833 927 1863 ex
958 1821 1078 1863 rebus
1109 1819 1450 1874 consequentibus
1490 1820 1642 1861 scirent
1672 1820 1715 1862 in
1746 1821 1836 1862 tuto

344 1901 429 1931 esse
461 1902 550 1944 spes
582 1902 675 1933 suas
707 1902 807 1943 quas
842 1890 1084 1933 iamdudum
1119 1890 1359 1943 acceperant
1380 1888 1428 1930 de
1449 1889 1681 1931 animarum
1703 1889 1835 1932 salute

345 1970 418 2000 nec
447 1958 674 2011 periculum
705 1959 849 2001 mortis
880 1959 961 2001 alia
991 1972 1033 2002 se
1062 1971 1179 2012 posse
1209 1958 1367 2000 ratione
1399 1956 1544 2001 uitare.
1850 1968 1883 1993 ²⁵

390 2163 411 2197 5
435 2162 749 2208 inhumanitasque
776 2164 850 2199 Sab
1005 2165 1026 2199 6
1050 2164 1174 2209 loquar
1200 2164 1270 2199 Sab
1423 2163 1649 2199 fastidiosum
1675 2164 1748 2199 Sab

345 2221 366 2254 9
392 2231 434 2254 ea
457 2230 545 2266 quae
561 2222 597 2256 P
748 2222 791 2255 11
816 2219 1012 2266 compotate
1038 2222 1074 2256 P
1097 2222 1312 2266 comportate
1331 2220 1403 2256 Sab
1566 2221 1608 2256 13
1633 2221 1839 2256 fatuitatem

348 2279 438 2314 Sab:
463 2279 692 2315 fatuitantem
718 2280 754 2314 P
904 2281 947 2315 15
971 2280 1160 2315 dilacerare
1186 2280 1278 2314 Sab:
1304 2274 1496 2314 delacerare
1520 2280 1555 2314 P
1705 2280 1748 2314 17
1774 2279 1840 2314 ulli

348 2338 553 2372 Meursz'us:
592 2337 685 2372 nulli
710 2338 745 2372 P
881 2337 1043 2372 omnibus
1075 2337 1140 2372 Gel
1289 2337 1421 2372 diceret
1446 2337 1517 2372 Sab
1541 2337 1583 2371 in
1607 2348 1686 2372 err:
1726 2336 1839 2371 dicere

349 2395 384 2429 P
407 2395 564 2430 docuerit
594 2395 658 2430 Gez
774 2396 816 2430 18
841 2396 968 2429 animis
992 2395 1143 2439 scripsi.-
1169 2394 1225 2429 his
1251 2395 1287 2429 P
1401 2396 1484 2428 esset
1508 2395 1544 2428 P
1658 2395 1700 2429 19
1725 2404 1841 2429 conse-

346 2454 529 2496 querentur
546 2453 582 2488 P
686 2452 731 2487 20
746 2453 933 2487 turbarent
951 2452 1022 2488 Sab
1131 2453 1175 2486 21
1193 2451 1349 2486 facerent
1366 2450 1438 2486 Sab
1548 2450 1701 2486 hesitare
1718 2451 1754 2485 P

347 2521 392 2555 25
416 2531 572 2557 Armomr
596 2512 659 2558 1,ῑέ
684 2531 718 2556 ·1·
743 2512 824 2556 Exin
851 2512 915 2557 1Νέ
938 2512 1000 2556 nn}
1026 2531 1074 2556 ·11·
1100 2511 1254 2556 Emori.
1280 2520 1316 2555 P
