2032 3248
385 240 470 282 274
1018 238 1259 283 Appendix.

384 347 517 392 nolo,
560 345 704 393 inquit,
753 346 805 384 de
846 345 1070 384 manibus
1103 346 1291 383 uestris
1332 345 1611 392 sacrificia,
1660 346 1771 393 quia
1801 357 1891 384 non

383 415 605 453 uenistis
637 416 693 452 ad
724 426 790 453 me
822 427 922 453 cum
943 416 1109 454 hostia
1135 415 1322 454 munda.
1356 414 1421 462 qui
1442 415 1572 462 utique
1594 415 1759 453 hostiam
1783 427 1892 453 mun—

383 484 469 522 dam
490 495 565 521 non
588 484 715 530 offert,
737 484 867 522 hostia
888 484 933 522 de
955 485 1129 522 manibus
1152 484 1234 522 eius
1255 495 1330 521 non
1351 484 1534 522 ascendit.
1566 496 1653 522 nam
1674 484 1812 522 iterum
1833 485 1890 523 lc-

383 552 527 600 gimus:
571 553 617 590 in
663 553 912 601 principio
944 555 1049 591 erat
1080 554 1282 591 uerbum
1320 554 1367 591 et
1397 553 1594 591 uerbum
1633 556 1739 592 erat
1769 556 1892 602 apud

320 675 325 678 ,
381 622 526 660 Deum
558 624 602 660 et
627 623 752 660 Deus
781 624 885 661 erat
915 623 1125 661 uerbum.
1150 622 1215 670 qui
1231 634 1298 670 per
1314 622 1471 660 uerbum
1487 622 1701 661 finctionem
1715 623 1919 662 finxerints

380 692 469 730 dare
490 703 551 729 res
573 692 846 730 inhabitabiles
866 693 966 740 apud
984 692 1073 730 illos
1090 703 1156 730 seu
1178 703 1290 729 ueras
1313 692 1524 739 scripturas
1546 694 1696 731 sanctas
1736 704 1802 731 seu
1817 693 1889 730 fiu-

378 762 461 799 ctas
484 761 549 808 qui
570 761 636 799 dat
652 773 781 799 uocem
795 762 833 799 et
854 761 919 809 qui
941 762 1006 799 dat
1028 762 1218 799 desideria
1238 762 1420 809 proxima,
1443 762 1508 809 qui
1526 761 1658 809 utique
1674 762 1793 810 finget
1808 763 1888 800 tra-

377 832 463 869 dere
486 831 680 878 supplebit
701 830 958 868 traditionem.
982 831 1117 869 merito
1140 823 1325 878 negantes
1356 831 1530 869 uolumus
1561 831 1717 869 interim
1738 831 1885 869 ueniam

376 899 515 937 habere
548 900 770 938 confitentes
793 901 934 947 patres.
968 912 1056 937 nam
1093 900 1158 947 qui
1201 900 1293 938 dicit
1332 912 1371 938 se
1394 901 1604 948 scripturas
1626 913 1702 939 non
1732 902 1886 941 habere.

374 969 507 1017 utique
527 970 684 1016 paratus
706 968 780 1006 fuit
803 970 842 1006 et
862 970 1045 1017 torqueri,
1070 981 1228 1017 quorum
1251 971 1428 1018 exempla
1451 970 1648 1008 habemus.
1682 971 1796 1009 tertio
1818 983 1885 1008 nc·
1902 984 1934 1007 10

375 1041 576 1087 gauerunt,
612 1041 650 1077 et
673 1041 954 1077 sacramentum
994 1052 1070 1078 non
1091 1040 1345 1078 tradiderunt.
1379 1040 1419 1078 hi
1441 1042 1567 1079 autem
1589 1040 1655 1088 qui
1675 1052 1745 1079 nec
1766 1040 1885 1078 inter-

375 1108 501 1156 rogati
519 1109 740 1147 obtulerunt
760 1109 914 1147 interim
946 1121 1067 1157 usque
1105 1110 1153 1147 ad
1177 1112 1319 1148 statum
1353 1110 1502 1148 consilii
1522 1110 1611 1148 laici
1634 1110 1884 1148 communica-

375 1178 482 1215 bunt.
507 1180 768 1216 uerumtamen
789 1179 829 1216 in
853 1182 996 1218 statum
1014 1179 1163 1218 consilii
1181 1181 1282 1227 quod
1299 1180 1489 1226 scriptura
1506 1181 1638 1217 sancta
1654 1179 1885 1227 promouerit

375 1247 581 1285 secundum
603 1248 833 1286 sententiam
854 1249 968 1286 fixam
990 1249 1133 1287 sanctis
1172 1250 1210 1286 et
1246 1248 1380 1286 amicis
1402 1248 1472 1286 Dei
1505 1248 1674 1295 suppleri
1695 1248 1882 1293 uolumus.

375 1328 461 1354 cum
481 1318 556 1355 iam
578 1319 697 1356 testes
718 1319 756 1356 et
778 1318 941 1366 proximi
964 1318 1109 1366 aliquid
1130 1318 1206 1356 iam
1229 1319 1370 1356 dudum
1391 1319 1606 1356 statuerant
1629 1317 1750 1355 nostri
1771 1318 1879 1355 ante·
1897 1332 1927 1356 15

375 1398 557 1425 cessores.
591 1387 638 1426 ob
660 1399 773 1435 quam
794 1399 874 1426 rem
895 1399 1048 1426 necesse
1080 1389 1137 1426 est
1168 1399 1236 1425 nos
1256 1387 1422 1425 testibus
1444 1387 1656 1425 consentire
1686 1386 1883 1434 complecti

373 1458 413 1494 et
434 1457 624 1505 supplere.
668 1459 756 1505 opto
788 1469 856 1496 uos
886 1457 925 1495 in
959 1457 1119 1495 Domino
1152 1468 1301 1504 semper
1330 1458 1426 1495 bene
1456 1456 1596 1494 ualere.
1640 1468 1760 1494 amen.
1804 1456 1882 1494 Deo

373 1526 532 1574 gratias.

370 1682 465 1720 IIII.
510 1682 794 1721 CYPRIANVS
835 1682 1123 1721 BENEDICTO
1164 1682 1227 1720 ET
1266 1681 1615 1720 DILECTISSIMO
1657 1681 1882 1720 PARENTI

564 1758 780 1796 TVRASIO
810 1758 868 1795 IN
898 1758 1095 1795 DOMINO
1126 1757 1411 1796 AETERNAM
1442 1757 1686 1795 SALVTEM.
1895 1773 1928 1798 20
2011 1734 2021 1843 Ξ

428 1884 609 1922 Caritatis
630 1886 719 1922 tuae
742 1884 885 1932 scripta
905 1884 1077 1932 percepi,
1115 1885 1252 1933 quibus
1282 1884 1448 1921 animum
1478 1885 1584 1921 tuum
1615 1884 1742 1921 dolore
1777 1895 1879 1921 com-
2010 1869 2019 1908 4

368 1954 512 1991 motum
534 1953 578 1990 de
598 1953 699 1991 filiae
722 1953 947 1992 dormitione
969 1954 1142 2002 cognoui.
1174 1965 1249 1992 non
1270 1954 1374 1991 aliud
1391 1953 1654 2000 principaliter
1671 1952 1878 1990 admiratus

368 2034 452 2060 sum
474 2034 586 2071 quam
608 2023 810 2061 christiani
831 2024 995 2071 pectoris
1031 2024 1071 2061 in
1107 2025 1146 2061 te
1169 2023 1350 2061 iactatam
1381 2022 1498 2061 fuisse
1532 2022 1712 2060 uirtutem
1734 2023 1777 2059 ut
1799 2022 1877 2059 ani-

367 2103 472 2129 mum
491 2092 641 2130 flexeris
663 2093 712 2130 ad
735 2092 912 2131 dolorem.
956 2095 1090 2140 stupeo
1112 2104 1261 2130 murum
1282 2092 1370 2130 fidei
1391 2092 1633 2140 penetratum
1654 2090 1875 2129 uulneribus

460 2227 480 2260 1
504 2226 550 2261 cf.
575 2226 633 2260 Es.
660 2227 690 2268 1,
719 2226 776 2263 13.
916 2227 939 2261 4
963 2227 1014 2261 Io.
1042 2227 1073 2268 1,
1101 2228 1130 2261 1.

457 2352 513 2386 Ad
537 2353 678 2397 plebem
703 2353 907 2398 Cartaginis
932 2353 1078 2398 explicit
1103 2354 1147 2387 Ζ.
1172 2373 1217 2379 —
2004 2359 2010 2390 ἑ

458 2410 594 2454 Incipit
619 2410 663 2445 ad
696 2411 884 2445 Turasium
915 2411 1160 2456 presbyterum
1186 2411 1229 2454 Z,
1255 2410 1311 2445 Ad
1336 2410 1543 2444 'l'urassium
1576 2408 1809 2443 consolatoria
1836 2421 1871 2451 μ.

365 2476 430 2500 om.
458 2478 487 2508 r,
514 2467 569 2501 Ad
594 2467 783 2502 Turasium
821 2479 923 2512 super
948 2470 1060 2502 morte
1091 2468 1187 2503 filiae
1213 2479 1297 2502 suae
1322 2468 1559 2502 consolatoria
1584 2467 1608 2501 h
1625 2481 1669 2495 ε
1686 2466 1871 2509 Hierony-

363 2533 443 2557 mus
468 2527 548 2558 tom.
582 2525 617 2559 V
631 2537 673 2569 p.
699 2527 767 2560 405
793 2525 846 2559 ed.
873 2526 992 2560 Mart.
1018 2546 1061 2550 —
1087 2526 1284 2570 Cyprianus
1310 2537 1377 2561 om.
1401 2526 1425 2559 Ιι
1616 2524 1659 2557 19
1684 2522 1870 2557 benedicto

364 2581 400 2614 et
425 2591 490 2614 om.
517 2582 551 2615 Z
689 2584 724 2617 et
749 2593 812 2617 om.
841 2594 889 2627 μν
1038 2583 1287 2628 dilectissimo]
1316 2582 1520 2617 dulcissimo
1545 2593 1565 2615 r
1705 2581 1750 2615 20
1775 2582 1870 2624 tyra-

365 2637 417 2671 sio
441 2638 475 2679 Ῐι,
500 2640 656 2674 turassio
683 2654 707 2684 μ
848 2641 885 2674 111
909 2640 942 2675 (1.
968 2652 1018 2675 ae.
1046 2641 1211 2685 salutem]
1237 2641 1474 2684 Hieronymus
1499 2640 1523 2673 h
1661 2639 1704 2673 21
1730 2638 1768 2672 111
1793 2638 1869 2681 qui-

363 2695 429 2730 bus
454 2697 477 2730 h
645 2698 690 2732 22
714 2698 968 2733 dormitatione
993 2712 1017 2744 μ
1158 2698 1256 2733 aliud
1280 2699 1350 2739 Zh,
1375 2697 1482 2731 aliter
1506 2708 1552 2741 νμ
1723 2696 1768 2730 23
1793 2705 1869 2729 sum

363 2764 429 2788 om.
456 2765 503 2799 γμ
669 2756 870 2801 christiani]
896 2757 1015 2790 tristis
1041 2757 1074 2791 Z
1234 2755 1418 2800 iactatam]
1445 2754 1603 2789 ablatam
1629 2755 1653 2789 h
1798 2754 1868 2787 uir-

361 2812 502 2855 tutem]
505 2811 614 2846 fuisse
639 2813 663 2847 h
777 2814 823 2848 24
847 2814 1017 2848 afflixeris
1034 2814 1076 2856 Z,
1102 2814 1259 2848 flecteres
1283 2814 1306 2848 h
1324 2817 1357 2848 et
1382 2812 1566 2847 Bafluzius
1590 2812 1654 2856 qui
1679 2822 1725 2845 ecc
1749 2810 1868 2845 codice

361 2869 535 2904 Fuoeensi
566 2874 599 2904 et
631 2871 801 2906 Rememz·
825 2872 1017 2916 epistulam
1042 2871 1158 2907 edidit
1183 2873 1241 2915 (=
1258 2872 1293 2915 v)
1518 2871 1641 2913 stupeo
1658 2896 1664 2902 .
1681 2895 1687 2902 .
1704 2894 1710 2900 .
1723 2879 1761 2912 p.
1787 2869 1866 2908 275,
1992 2869 2001 2929 Ξ

361 2930 384 2962 3
408 2927 582 2962 iacturam
607 2939 673 2963 om.
701 2930 735 2963 Z
