2032 3248
787 259 831 292 Li
846 259 864 292 b
875 270 890 292 e
904 272 918 292 1·
955 261 988 293 V,
1548 266 1627 306 207

146 375 274 428 possit
314 374 636 427 simpliciterque
678 376 899 427 dictorum,
943 379 1029 417 tam
1066 379 1198 430 potest
1230 377 1335 430 quod
1366 378 1537 431 simplex
1570 379 1631 418 est

144 442 440 485 ambiformiter
471 443 626 484 dictum
660 444 885 485 existimari
923 457 1044 496 quam
1077 445 1181 496 quod
1213 445 1402 498 ambigue
1433 446 1630 500 scriptum

143 512 205 553 est
234 511 402 552 reclusis
435 523 521 552 esse
553 511 856 553 obtentionibus
888 513 1007 554 credi.
1054 514 1161 565 quod
1193 514 1357 566 quidem
1388 526 1465 566 quo
1488 527 1632 568 genere

144 581 216 622 aut
246 580 316 621 fiat
347 583 417 620 aut
448 580 535 621 fieri
567 592 682 633 posse
703 580 901 631 credatur,
935 581 1175 635 intellegere
1204 582 1442 623 confitemur
1463 583 1632 624 minime

118 668 127 685 z
145 661 215 690 nos
243 661 371 703 posse.
405 649 672 702 inspiciamus
700 650 809 690 enim
832 650 939 702 quod
961 651 1112 691 dicitur
1133 651 1206 691 hoc
1229 652 1360 692 modo.
1394 651 1435 691 in
1457 664 1630 701 nemore,
1647 655 1695 693 37

144 718 293 770 inquit,
340 718 547 759 Hennensi
579 719 782 770 quondam
814 718 929 760 flores
961 719 1201 772 Proserpina
1232 720 1446 761 lectitabat
1478 721 1630 774 uiragO.

146 787 355 840 integrum
397 786 527 827 adhuc
568 787 677 827 istud
719 788 780 828 est
815 790 854 828 et
886 788 996 828 recta
1036 788 1365 840 pronuntiatione
1406 789 1631 840 prolatum:

144 868 236 896 nam
268 855 310 896 et
340 867 480 896 nemus
503 857 542 896 et
563 855 682 896 fiores
705 855 802 908 quid
824 856 920 906 sint,
953 856 1049 909 quid
1072 856 1326 909 Proserpina,
1360 856 1455 909 quid
1478 857 1632 910 uirags),

146 923 301 966 cunctis
332 923 664 964 indubitabiliter
696 926 838 965 notum
869 926 943 965 est.
992 925 1162 966 emicuit
1185 925 1431 967 Summanus
1463 939 1482 966 e
1513 927 1634 967 terris

103 1005 263 1034 wcurru
304 992 546 1046 quadriiugo
583 993 816 1034 uectitatus.
865 993 1038 1046 simplex
1069 994 1109 1034 et
1141 993 1215 1035 hoc
1258 1006 1382 1046 aeque
1414 995 1494 1037 est:
1542 1007 1635 1035 nam

146 1061 379 1115 quadrigae,
413 1073 552 1102 currus
584 1062 707 1114 atque
731 1061 976 1103 Summanus
1000 1062 1380 1115 interpretationem
1403 1063 1636 1104 desiderant

152 1130 322 1171 nullam.
373 1130 604 1182 inprouisus
646 1129 931 1183 Proserpinam
974 1131 1109 1183 rapuit
1146 1133 1186 1172 et
1217 1131 1290 1172 sub
1332 1132 1458 1171 terras
1500 1144 1635 1172 secum

147 1198 294 1239 auexit.
337 1198 517 1249 seminis,
552 1198 701 1251 inquit,
735 1198 938 1239 abstrusio
969 1199 1152 1251 raptione
1184 1199 1223 1239 in
1246 1199 1511 1251 Proserpinae
1533 1212 1636 1240 nun-

146 1267 329 1319 cupatur.
375 1266 473 1320 quid
507 1266 512 1321 1
538 1266 698 1315 accidit,
732 1279 890 1319 quaeso,
922 1269 969 1308 ut
1000 1267 1042 1308 in
1074 1267 1187 1308 aliud
1218 1267 1352 1308 subito
1385 1268 1632 1309 conuertere·
1651 1276 1671 1307 s.
1692 1275 1771 1305 117v

102 1348 130 1370 1⁵
148 1340 214 1377 tur
243 1336 431 1384 historia,
466 1348 605 1378 semen
627 1336 871 1389 Proserpina
902 1335 1125 1384 diceretur,
1157 1336 1204 1376 ut
1233 1349 1332 1388 quae
1359 1335 1500 1389 uirago
1533 1336 1635 1376 iam-

149 1404 302 1445 dudum
340 1404 487 1446 florum
518 1406 559 1446 in
590 1404 834 1446 lectionibus
865 1404 1111 1454 habebatur,
1151 1406 1365 1457 postquam
1405 1405 1566 1446 sublata
1598 1407 1637 1446 et

147 1475 263 1527 rapta
294 1475 368 1524 est,
401 1473 742 1526 significationem
778 1473 951 1526 coeperit
992 1473 1137 1514 habere
1173 1474 1393 1514 sementis?
1439 1474 1636 1526 Iuppiter,

146 1542 293 1594 inquit,
327 1542 369 1582 in
401 1542 565 1583 taurum
597 1555 740 1583 uersus
772 1542 1032 1583 concubitum
1059 1542 1203 1582 matris
1225 1555 1319 1583 suae
1341 1541 1497 1583 Cereris
1519 1554 1637 1595 appe-

147 1611 263 1651 tiuit:
306 1611 351 1651 ut
382 1611 610 1663 expositum
641 1623 762 1663 supra
793 1612 874 1661 est,
911 1611 1144 1651 nominibus
1176 1611 1239 1652 his
1270 1611 1394 1652 tellus
1427 1612 1466 1651 et
1497 1611 1638 1650 labens

101 1692 133 1715 ‘20
147 1679 290 1732 pluuia
320 1680 588 1732 nuncupatur.
638 1679 772 1733 legem
804 1679 1065 1733 allegoricam
1098 1679 1215 1720 uideo
1248 1679 1471 1720 tenebrosis
1508 1678 1638 1719 ambi-

148 1748 377 1801 guitatibus
425 1748 680 1800 explicatam.
741 1748 846 1789 irata
885 1749 1003 1788 Ceres
1044 1748 1104 1788 est
1145 1748 1186 1788 et
1227 1748 1376 1789 exarsit
1417 1747 1457 1788 et
1500 1746 1638 1788 arietis

149 1816 280 1868 proles
321 1828 391 1868 pro
432 1827 560 1869 poena
601 1820 723 1868 atque
767 1816 922 1856 ultione
963 1815 1153 1868 suscepit.
1204 1816 1278 1856 hoc
1324 1815 1474 1856 iterum
1522 1815 1638 1855 uideo

150 1885 433 1926 communibus
465 1885 506 1925 111
538 1885 762 1938 proloquiis
803 1886 1058 1937 promptum:
1106 1898 1199 1925 nam
1232 1886 1272 1925 et
1310 1885 1370 1925 ira
1409 1886 1449 1925 et
1483 1883 1636 1939 [testes]

151 1953 378 1994 satisfactio
428 1953 512 1994 suis
563 1953 744 1993 moribus
790 1955 830 1994 et
877 1953 1178 1994 condicionibus
1223 1953 1333 1994 dicta
1384 1955 1491 1993 sunt.
1542 1952 1636 2004 quid

103 2037 134 2059 κε»
151 2033 243 2075 ergo
276 2022 341 2062 hic
372 2021 540 2070 accidit,
582 2023 629 2062 ut
661 2022 710 2062 ab
743 2022 856 2070 Ioue,
901 2022 967 2073 qui
1000 2021 1159 2073 pluuia,
1193 2023 1232 2062 et
1264 2021 1312 2061 ab
1345 2020 1503 2069 Cerere,
1537 2033 1638 2072 quae

151 2090 356 2143 appellata
396 2091 456 2130 est
497 2091 626 2139 terra,
673 2102 734 2131 res
775 2090 967 2131 transiret
999 2090 1050 2130 ad
1082 2102 1224 2130 uerum
1255 2090 1390 2130 Iouem
1436 2096 1556 2141 atque
1588 2088 1637 2129 ad

197 2308 212 2339 1
240 2306 518 2349 simpliciterque
545 2306 576 2338 P
716 2304 809 2348 quod
835 2304 926 2338 Sub.-
952 2314 1056 2347 quani
1081 2304 1116 2337 P
1252 2303 1273 2335 ἵ)
1298 2313 1358 2336 nos
1378 2302 1494 2335 Sulm:
1520 2312 1587 2335 11011
1607 2302 1641 2335 P

150 2373 204 2396 om
230 2362 300 2395 Sub
438 2362 458 2392 ⁴3
484 2360 636 2393 Enuensi
654 2359 725 2393 Sub
865 2358 1051 2392 lectitabat
1077 2358 1199 2401 uirago
1225 2358 1310 2391 lsrs:
1335 2356 1521 2390 lectitabat
1539 2357 1572 2390 P
1597 2357 1636 2390 ad

150 2419 215 2452 11110
242 2418 362 2462 uirago
390 2416 575 2450 lectitabat
592 2416 778 2449 Meursius
915 2417 935 2449 9
962 2416 1173 2448 Summanus
1193 2415 1282 2448 Sub:
1308 2414 1497 2447 submanus
1517 2414 1551 2448 P

152 2477 191 2509 11
219 2486 419 2508 summanus
439 2476 528 2517 (sum
552 2474 592 2506 in
618 2473 681 2506 sub
707 2474 802 2515 corr)
830 2473 864 2506 P
1012 2471 1341 2515 intcrprqtationem
1369 2472 1403 2504 P
1552 2470 1639 2504 desi-

151 2532 275 2566 derant
302 2532 385 2569 Sul),
411 2543 449 2565 r:
482 2531 655 2564 desiderat
683 2530 717 2563 P
876 2530 918 2562 12
944 2532 1058 2562 terras
1086 2529 1175 2562 Sub:
1202 2530 1294 2561 terra.
1320 2528 1355 2562 P
1514 2529 1557 2560 13
1582 2527 1639 2560 ab·

151 2589 280 2622 strusio
307 2588 390 2630 Sub,
416 2599 454 2621 r:
487 2587 681 2621 abstrusior
706 2587 740 2619 P
890 2587 931 2619 14
956 2586 1022 2619 alit
1049 2587 1083 2619 P
1106 2596 1186 2619 corr
1341 2586 1382 2618 1⁴3
1407 2583 1587 2618 sublatam
1615 2584 1645 2617 1*

152 2657 230 2680 corr
255 2650 282 2680 c‘
469 2647 511 2678 18
543 2643 767 2678 concubitum
800 2644 893 2677 Sub:
930 2642 1167 2677 coincubitum
1195 2642 1229 2676 P
1263 2639 1509 2686 ‹soincubitum
1535 2653 1551 2675 c

153 2702 298 2736 caereris
317 2704 351 2736 P
467 2701 641 2745 app‹·tibit
668 2702 703 2734 P
719 2711 800 2734 corr
817 2703 845 2734 θ’
960 2701 1004 2733 20
1030 2698 1150 2742 plubia
1175 2699 1209 2731 P
1323 2698 1509 2732 lectionem
1535 2698 1552 2731 :²

154 2761 193 2792 21
214 2770 324 2793 caeres
345 2761 378 2793 P
514 2759 641 2792 arictes
663 2758 694 2791 P
711 2768 789 2791 corr
806 2762 833 2790 ς’
971 2757 1015 2789 23
1033 2758 1139 2789 testes
1156 2756 1295 2789 seclusit
1313 2755 1466 2788 Zinlcius
1490 2754 1640 2787 testibus

160 2816 339 2850 Vahlenus
484 2816 526 2848 24
554 2815 624 2849 suis
650 2815 795 2857 scripsi:
829 2814 900 2847 suis
926 2813 955 2846 is
983 2814 1017 2846 P
1049 2813 1120 2845 suis
1146 2812 1203 2846 hic
1230 2812 1302 2846 Sub
1442 2810 1639 2844 nominibu>

162 2873 228 2906 Urs
351 2872 564 2907 dictionibus
589 2872 656 2906 L'rs
778 2871 822 2904 25
840 2869 959 2914 plubia
979 2871 1013 2903 P
1028 2880 1107 2903 corr
1230 2869 1273 2902 ⁴26
1292 2868 1435 2902 uerbum
1454 2868 1640 2903 Meursias
