2032 3248
348 224 433 267 448

395 326 592 373 colligenda
629 328 712 361 sunt
747 327 787 360 ut
824 336 912 370 quae
951 326 1113 372 integra:

395 377 430 410 et
454 385 538 409 sana
563 374 645 407 sunt
668 373 895 406 uulnerentur
919 372 996 414 684,
1022 374 1066 407 22

348 420 546 502 putgedinis
583 418 760 453 morbidae
785 418 988 463 contagium
1012 419 1091 462 305,

346 639 422 692 Qua
447 651 503 694 (=
529 650 566 684 in
590 650 772 693 quantum,
798 650 982 693 quatenus,
1007 645 1091 693 ὡς),

391 696 453 730 (160
479 707 548 740 (1113
583 695 675 740 patri
701 697 736 729 et
776 694 991 729 misericordi
1015 696 1092 736 518,

390 742 452 830 ὲὸἑ
476 741 743 829 5Assli410136678,
761 741 824 783 15,
848 741 925 783 746,
951 741 989 783 7,
1014 742 1091 782 806,

389 880 433 915 (10
457 880 554 921 uiris,
579 879 706 913 tulerit
730 889 799 923 qua
823 880 941 913 uestra
966 879 1090 913 uolun-

389 928 444 961 tas
469 929 499 960 A
523 926 601 967 291,
626 925 670 959 54

344 971 559 1017 quadrifidos
584 973 677 1005 secat
700 972 837 1005 meatus
861 971 893 1005 A
917 970 995 1012 285,
1020 970 1065 1005 56

344 1029 507 1063 quaerere
533 1020 589 1059 (=
615 1016 767 1061 studere)
793 1016 870 1058 555,
895 1017 934 1058 2,
960 1019 1017 1059 (z
1035 1027 1090 1051 ex-

389 1064 575 1107 aminare):
603 1063 840 1108 spectaculum
866 1063 897 1096 si
924 1073 1002 1096 cum
1028 1073 1111 1103 363,

388 1110 524 1154 origine
560 1111 596 1143 et
635 1108 864 1143 institutione
901 1104 1111 1153 quaeratur*

1109 1153 1211 1198 'quia
1236 1156 1293 1198 (z
1319 1155 1411 1199 quod
1447 1159 1529 1199 post
1554 1155 1666 1190 uerba
1695 1155 1879 1191 sentiendi

387 1156 420 1190 A
444 1157 475 1197 7,
498 1156 520 1190 5

343 1202 603 1247 quaestionare:
643 1202 701 1235 tot
739 1199 949 1234 confessores
986 1210 1090 1245 quae-

389 1248 538 1282 stionati
563 1250 600 1282 et
624 1246 712 1281 torti
735 1246 813 1287 732,
838 1246 860 1280 2

343 1294 498 1339 qualiter
524 1314 563 1319 —
589 1293 638 1327 316
662 1293 739 1334 558,
765 1292 810 1326 14

343 1350 448 1385 quam
496 1351 570 1374 non
613 1338 855 1383 praecedente
909 1338 984 1371 tam
1031 1337 1090 1371 uel

386 1386 521 1431 potius:
558 1386 600 1419 ut
631 1395 751 1430 pacem
775 1394 844 1418 non
883 1382 1090 1428 adpeterent

388 1442 494 1476 quam
532 1431 754 1465 uindicarent
790 1430 867 1470 573,
893 1430 931 1471 6,
956 1430 987 1463 Α
1013 1430 1089 1469 115,

386 1478 426 1520 2,
450 1478 481 1511 Α
507 1478 583 1519 175,
608 1478 653 1512 25
689 1476 748 1520 (cf.
779 1475 917 1518 Salpia.
945 1475 1027 1510 Sea.
1053 1475 1091 1509 D
1129 1474 1132 1477 ’

386 1527 418 1568 1,
444 1526 503 1565 27,
529 1526 572 1566 4,·
598 1522 742 1557 Fronto
766 1533 801 1565 p.
820 1523 875 1563 75,
894 1522 936 1555 15
961 1521 1089 1564 Nab.);

386 1590 432 1595 —
470 1570 567 1603 intra
607 1567 796 1603 secundum
836 1567 895 1600 uel
939 1566 1088 1600 tertium

387 1616 480 1650 diem
517 1625 622 1659 quam
657 1614 735 1648 nati
767 1613 841 1647 sint
875 1613 1088 1646 constitutos

386 1661 464 1702 718,
488 1661 527 1702 2,
553 1672 657 1705 (163111
681 1670 760 1694 mox
779 1659 835 1703 (z
857 1658 1086 1702 simulatque)

340 1753 508 1798 quamdiu
547 1754 605 1796 (-:
638 1751 743 1786 (101166
773 1747 866 1795 ‘bis')
904 1750 981 1792 496,
1024 1751 1086 1790 15,

386 1799 463 1840 679,
488 1800 526 1842 3,
552 1799 629 1839 649,
654 1798 698 1831 21

340 1855 555 1889 quamquam
592 1845 721 1888 abique
757 1844 836 1887 fere
872 1854 952 1877 eum
1000 1853 1085 1877 con-

384 1892 566 1925 z’unctz’uo:
592 1891 668 1931 503,
689 1890 747 1932 16,
773 1889 850 1930 553,
867 1889 907 1931 4,
932 1888 1008 1931 600,
1027 1889 1085 1932 15,

385 1937 462 1978 734,
487 1938 526 1979 8,
550 1936 626 1978 767,
652 1937 691 1978 2,
717 1936 793 1975 799,
819 1936 837 1969 7

338 1983 500 2027 quamuis
526 1989 583 2026 (z
602 1979 810 2024 ‘indessen')
846 1981 924 2022 565,
957 1980 1017 2023 14,
1054 1980 1104 2014 V=

384 2040 411 2063 c.
437 2030 458 2063 5

337 2075 475 2119 quando
515 2086 595 2110 eum
634 2074 865 2109 coniunctiuo
905 2073 982 2114 188,
1022 2072 1083 2115 15,

383 2121 461 2162 203,
485 2121 546 2164 27,
572 2121 648 2162 213,
675 2121 734 2163 10,
758 2120 912 2162 219,18;
937 2119 1014 2161 229,
1040 2120 1081 2152 21

384 2171 418 2201 et
438 2167 523 2211 plns
558 2167 826 2211 quinquaqinta
861 2166 966 2208 locis,·
1003 2176 1083 2199 cam

381 2213 602 2247 indicatinos
638 2213 696 2246 uel
732 2223 772 2246 ex
807 2211 907 2246 uobis
944 2211 1082 2245 discant

383 2259 521 2302 quando
557 2258 677 2293 docere
714 2258 905 2292 debuerant
929 2257 1006 2298 514,
1035 2257 1082 2292 22

382 2309 414 2339 et
434 2315 590 2348 perraro

338 2350 618 2394 quandoquidem
641 2350 784 2384 licuerit
808 2348 885 2390 564,
911 2349 954 2383 15

337 2397 520 2440 quantitas
546 2398 602 2440 (Ξ
628 2396 787 2440 pecunia>
812 2395 890 2435 393,
916 2386 978 2434 13;
1004 2394 1081 2435 465,

382 2443 443 2483 11,
479 2442 555 2483 585,
588 2442 627 2483 2,
663 2442 740 2482 701,
772 2442 810 2483 5,

381 2488 578 2522 nummaria
602 2487 679 2527 699,
705 2487 748 2522 15

337 2534 657 2577 quantulacumque
696 2532 788 2567 ratio
830 2532 906 2574 540,
949 2532 1010 2574 12,
1037 2552 1082 2557 -

381 2579 603 2613 mediocritas
627 2579 704 2620 656,
729 2579 750 2613 9

337 2626 507 2668 quantum
544 2625 588 2659 ad
625 2636 745 2659 causas
781 2623 973 2658 infantium
1005 2634 1081 2668 per-

382 2670 475 2704 tinet
500 2671 576 2713 718,
602 2671 638 2706 1:
675 2672 846 2715 quantum
883 2670 963 2703 uult
999 2669 1101 2703 inde*

383 2718 528 2760 quaerat
564 2716 679 2760 qualis
720 2718 884 2760 quaestus
924 2717 979 2749 est
1002 2715 1100 2756 468,1

382 2762 511 2841 dgfitas
531 2834 537 2840 .
554 2834 560 2840 .
577 2834 583 2840 .
603 2809 734 2846 teneat,
755 2835 761 2841 .
777 2835 784 2842 .
801 2834 807 2841 .
828 2807 872 2842 ad
908 2807 1080 2842 caelorum

381 2863 490 2896 regna
515 2853 665 2887 uenietis
691 2854 767 2894 829,
785 2854 846 2896 23,
871 2852 966 2887 hand
983 2863 1080 2886 man-

480 2764 649 2805 quantum
673 2762 753 2796 uult
777 2762 834 2796 hic
859 2761 981 2795 inuida
1006 2772 1081 2795 cru-

708 797 776 831 qua
800 797 857 821 ore
882 797 951 830 qua
975 785 1112 821 mente*

388 836 486 869 totus
511 833 651 868 auditor
676 844 711 867 es
735 833 767 873 4,
791 834 832 873 4,
861 832 970 878 digna
994 833 1111 877 cupi-¹

846 2441 923 2481 838,
950 2440 1010 2483 12,
1037 2434 1101 2465 -’

1044 224 1179 260 Index

1177 339 1258 362 sura
1294 329 1356 363 diu
1391 330 1562 373 quantum
1602 330 1717 365 radice
1752 331 1878 366 licebit

1177 374 1323 409 crinitas
1360 375 1483 409 durare
1515 386 1630 410 moras
1656 377 1686 410 A
1711 377 1787 419 292,
1813 377 1875 420 65,

1176 423 1348 464 quantum
1385 421 1586 465 gratulatus
1620 423 1687 456 sim
1713 423 1790 463 567,
1815 424 1877 465 20,

1175 466 1253 508 200,
1272 467 1315 501 20
1325 479 1332 506 ;
1346 469 1516 511 quantum
1533 488 1577 492 —
1591 468 1627 502 in
1641 470 1781 502 tantum
1799 469 1878 511 489,

1175 512 1307 592 8564.
1345 513 1391 555 cf.
1416 513 1493 554 584,
1520 513 1595 557 10);
1631 514 1669 548 in
1694 516 1877 558 quantum,

1175 569 1215 592 m
1245 587 1251 593 .
1277 570 1314 592 1n

1130 605 1242 647 quasi,
1268 604 1314 647 cf.
1337 615 1405 649 qua
1430 609 1462 640 et
1485 605 1640 639 blandiri

1130 651 1302 694 quatenus
1329 652 1387 695 (z
1412 653 1453 685 ut
1478 653 1637 695 eatenus)
1663 651 1694 685 A
1718 651 1795 693 170,
1812 651 1833 685 3

1111 696 1230 739 *quati
1256 697 1313 740 (z
1339 697 1495 738 cruciari,
1532 697 1685 740 concuti)
1711 697 1788 737 256,
1815 697 1874 740 163

1175 742 1252 822 298,
1274 743 1312 785 2,
1338 743 1415 784 405,
1440 743 1503 785 22,
1527 743 1604 784 409,
1632 743 1694 782 16,
1719 744 1796 785 668,
1814 744 1877 783 233

1198 789 1251 830 65,
1284 790 1326 823 11

1130 835 1276 878 querula
1301 834 1484 868 festinatio
1508 834 1586 875 412,
1611 833 1673 873 20,
1696 854 1741 858 -
1758 835 1877 869 conui-

1175 880 1229 914 cia
1254 880 1330 922 564,
1357 880 1420 922 14;
1458 880 1598 924 queruli
1634 879 1675 914 de
1709 880 1782 914 illis
1807 892 1877 915 non

1174 926 1325 970 potestis
1363 937 1437 960 esse
1476 926 1507 961 A
1533 927 1586 969 18,
1612 926 1633 959 6
1659 926 1747 970 (nisi
1780 926 1876 969 forte

1174 972 1334 1015 quaeruli
1357 972 1584 1007 scribendum
1609 975 1673 1013 est)

1130 1019 1190 1061 qui
1216 1019 1273 1061 (--.-
1299 1018 1483 1062 quomodo)
1521 1019 1552 1061 5,
1579 1018 1601 1052 8
1638 1022 1671 1052 et
1702 1018 1754 1053 sie
1789 1018 1878 1053 scri-

1174 1063 1327 1098 bendum
1366 1064 1515 1098 uidetur
1552 1064 1629 1107 770,
1657 1065 1695 1099 1:
1734 1065 1795 1109 qui
1819 1075 1878 1109 po-

1172 1110 1246 1143 test
1270 1111 1388 1144 ratum
1413 1121 1487 1144 esse

1173 1205 1208 1235 et
1251 1201 1502 1245 declaranda:
1553 1202 1640 1243 198,
1689 1201 1750 1244 13,
1798 1202 1878 1243 272,

1171 1248 1211 1288 4,
1260 1247 1337 1289 274,
1379 1248 1439 1289 11,
1486 1247 1571 1288 276,
1614 1247 1673 1286 16,
1721 1248 1798 1289 374,
1839 1248 1879 1290 8,

1172 1293 1251 1334 381,
1272 1294 1335 1335 15,
1360 1294 1437 1335 382,
1455 1293 1517 1335 20,
1542 1294 1620 1334 385,
1639 1294 1699 1335 17,
1722 1294 1801 1335 400,
1816 1294 1880 1333 113

1172 1339 1250 1380 414,
1275 1339 1338 1380 27,
1361 1339 1440 1382 449,
1466 1341 1505 1378 1,
1529 1339 1607 1381 453,
1633 1339 1695 1379 17,
1719 1340 1796 1381 456,
1817 1340 1879 1379 15,

1143 1400 1147 1403 -
1172 1385 1249 1426 562,
1277 1385 1337 1427 17,
1363 1386 1441 1427 688,
1459 1385 1518 1427 10,
1546 1385 1621 1425 703,
1638 1386 1693 1420 22.
1713 1385 1774 1428 24,
1800 1385 1878 1427 707,

1172 1431 1213 1471 3,
1239 1432 1315 1473 733,
1342 1432 1380 1472 1,
1405 1431 1482 1474 764,
1507 1431 1570 1471 20,
1594 1431 1671 1477 807,
1698 1432 1735 1473 1,
1768 1432 1799 1465 Α
1823 1431 1878 1473 80,

1173 1474 1283 1517 193‘A
1302 1477 1377 1519 101,
1395 1478 1432 1519 3,
1452 1479 1508 1520 (z
1530 1478 1631 1521 qua):
1650 1477 1876 1512 consiliorum
2030 1504 2032 1512 ⁴,

1173 1523 1355 1557 coheredes
1381 1523 1465 1567 quia
1484 1524 1519 1557 et
1537 1522 1777 1557 adfirmatores
1794 1523 1878 1565 549,
2030 1514 2032 1546 ¹

1174 1568 1234 1608 14;
1259 1569 1336 1610 814,
1363 1569 1406 1603 22

1126 1614 1334 1659 quicumque
1360 1616 1417 1658 (z
1443 1614 1571 1659 quiuis,
1612 1615 1758 1655 omnis):
1792 1614 1875 1649 sub-

1171 1661 1419 1694 ministrentur
1456 1671 1691 1705 quaecumque
1717 1671 1876 1694 necessa—

1170 1706 1225 1740 ria
1264 1707 1341 1748 510,
1382 1707 1444 1747 25,
1493 1707 1584 1750 apud
1628 1706 1874 1751 presbyterum

1170 1762 1421 1796 quemcumque
1456 1752 1532 1794 524,
1558 1753 1596 1793 4,
1631 1753 1710 1793 488,
1735 1753 1772 1795 6,
1799 1753 1875 1794 799,

1172 1798 1233 1838 19,
1270 1799 1307 1832 16
1331 1799 1470 1833 nomine
1488 1799 1568 1832 Iesu
1593 1798 1730 1833 Christi
1755 1799 1872 1833 cuius-

1170 1854 1317 1888 cumque
1355 1845 1530 1889 baptizati
1556 1845 1632 1886 791,
1658 1845 1719 1884 20,
1760 1844 1873 1888 expel-

1169 1889 1293 1924 lendus
1318 1891 1379 1934 qui
1406 1891 1609 1934 cuicumque
1635 1891 1794 1934 episcopo
1813 1890 1873 1924 ad-

1168 1935 1307 1970 haerere
1332 1937 1486 1971 noluerit
1511 1938 1541 1970 A
1568 1938 1643 1972 169.
1667 1936 1710 1976 4,
1738 1937 1768 1970 Α
1795 1936 1872 1975 183,

1168 1983 1230 2022 24,
1256 1982 1287 2016 V
1305 1993 1330 2017 6.
1350 1983 1381 2016 3.
1408 1983 1453 2025 ef.
1479 1983 1689 2026 ubicumque
1722 1983 1799 2023 659,
1825 1982 1872 2017 26

1121 2027 1200 2070 (11113
1228 2030 1283 2070 (z
1314 2030 1424 2067 utem:
1462 2029 1518 2063 6111
1557 2029 1598 2063 de
1636 2028 1769 2062 duobus
1810 2027 1872 2062 ad-

1165 2074 1324 2108 sistimus
1357 2074 1434 2115 638,
1461 2076 1480 2109 1

1120 2120 1268 2163 quisque
1295 2123 1350 2163 (z
1377 2121 1602 2164 quicumque)
1630 2121 1681 2160 10,
1706 2121 1766 2161 11,
1793 2119 1873 2161 214,

1164 2166 1217 2200 20.
1245 2166 1307 2205 24,
1332 2166 1411 2206 223,
1439 2168 1498 2206 19,
1535 2167 1612 2202 225,
1637 2166 1702 2205 20,
1726 2165 1804 2206 228,
1831 2166 1873 2207 6,

1165 2212 1242 2251 238,
1275 2213 1336 2251 25,
1373 2212 1450 2254 244,
1484 2213 1544 2251 13,
1580 2212 1657 2247 308.
1691 2212 1751 2250 10,
1792 2212 1869 2252 367,

1166 2259 1219 2294 10.
1247 2259 1305 2300 19,
1341 2258 1418 2300 375,
1446 2259 1496 2292 12.
1526 2258 1587 2298 19,
1625 2258 1701 2298 384,
1729 2258 1767 2297 1,
1791 2258 1870 2299 385,

1166 2303 1226 2344 14,
1251 2304 1329 2345 400,
1355 2305 1415 2345 11,
1450 2305 1528 2346 425,
1553 2303 1592 2342 4,
1623 2303 1701 2346 426,
1726 2304 1766 2341 9;
1790 2303 1870 2343 427,

1099 2361 1101 2370 ’
1163 2350 1227 2389 26,
1252 2350 1328 2392 507,
1357 2350 1417 2390 17,
1440 2350 1516 2391 584,
1542 2349 1583 2390 5,
1608 2348 1765 2389 589,10;
1790 2349 1869 2390 594,

1165 2396 1204 2434 3;
1229 2395 1306 2437 617,
1333 2396 1392 2436 15;
1419 2396 1495 2436 634,
1513 2396 1543 2429 6.
1562 2396 1602 2433 3;
1628 2395 1705 2435 646,
1724 2396 1760 2437 6,
1790 2395 1871 2435 645,

1165 2441 1186 2476 9
1196 2455 1204 2482 ;
1229 2442 1305 2484 703,
1332 2442 1394 2481 17,
1431 2441 1506 2481 753,
1532 2441 1572 2482 6,
1605 2441 1679 2482 756,
1707 2441 1767 2482 11,
1794 2441 1870 2481 753,

1165 2488 1204 2527 9;
1238 2488 1311 2528 762,
1341 2488 1403 2527 19;
1439 2486 1470 2521 A
1495 2486 1550 2527 53,
1575 2487 1635 2528 253
1669 2486 1700 2520 A
1728 2487 1802 2527 100,
1829 2487 1869 2527 23

1165 2533 1196 2567 A
1222 2533 1298 2574 153,
1324 2534 1363 2575 6,
1400 2534 1432 2567 Α
1457 2533 1532 2574 163,
1570 2533 1630 2574 16,
1666 2532 1696 2565 A
1722 2532 1799 2573 300,
1826 2532 1869 2566 61

1099 2598 1101 2613 .
1165 2579 1339 2623 (quisquis
1372 2579 1449 2619 693,
1475 2579 1536 2617 13;
1568 2578 1644 2619 746,
1672 2578 1732 2619 13,
1757 2579 1788 2611 A
1814 2578 1868 2620 12,

1164 2625 1204 2667 6,
1231 2626 1258 2658 A
1285 2625 1362 2666 277,
1390 2625 1464 2668 12);

1166 2672 1245 2714 que)
1271 2671 1348 2711 737,
1375 2670 1434 2712 123
1460 2670 1490 2704 A
1516 2670 1570 2711 30,
1596 2669 1657 2710 15,
1682 2669 1713 2703 Α
1733 2670 1866 2710 55,10,

1163 2717 1194 2750 Α
1233 2716 1310 2758 307,
1351 2716 1412 2758 61;
1466 2726 1620 2759 quaeque
1662 2716 1720 2758 (z
1762 2725 1866 2758 quae-

1164 2764 1323 2806 cumque)
1385 2762 1416 2796 A
1465 2762 1529 2802 14,
1580 2762 1625 2802 7,
1697 2760 1864 2804 cuiusque

1163 2809 1220 2850 (z
1261 2807 1449 2850 cuiusuis):
1514 2807 1543 2840 si
1593 2806 1760 2850 cuiusque
1810 2806 1862 2839 fa-

1163 2863 1253 2887 mem
1294 2853 1472 2887 satiarunt
1511 2853 1646 2887 uiscera
1685 2851 1792 2896 piscis
1831 2852 1863 2886 A

1490 2624 1618 2668 quique
1638 2629 1693 2665 (z
1712 2623 1868 2667 quicum-
