2032 3248
357 237 441 278 392
1056 231 1189 266 Index

402 336 507 370 hodie
543 347 578 370 se
616 335 874 370 circumcidunt
907 335 938 369 A
963 335 1045 377 209,
1073 335 1110 376 7,

402 382 557 416 Paschae
598 381 786 416 celebratio
823 381 854 415 A
880 382 957 423 250,
989 381 1033 415 10
1058 392 1107 425 sq.

402 428 432 461 A
458 428 535 468 254,
560 429 599 468 2;
637 438 811 461 annorum
837 428 1053 472 computatio
1078 428 1109 460 A

401 475 478 514 252,
506 474 548 508 13
573 485 622 518 sq.
649 475 679 507 A
704 474 782 514 253,
809 473 828 507 7
854 484 904 517 sq.

356 520 461 554 ludas
502 519 681 554 dominum
729 518 887 564 prodidit
927 519 1005 559 229,
1046 519 1107 560 37,

401 566 477 606 668,
516 566 547 599 3.
576 566 636 607 11,
673 565 704 599 Α
730 565 784 606 64,
810 565 872 606 20,
911 564 1062 599 dilectus
1087 576 1107 599 a

400 611 540 646 Iudaeis
577 611 608 645 A
633 611 708 653 135,
737 611 797 652 19,
835 610 961 645 Ι11(13111
999 611 1106 645 susti-

399 658 480 692 nuit
520 658 684 692 dominus
723 657 904 701 patienter
938 657 1016 698 401,
1043 657 1105 699 26;

399 703 509 738 Iudae
533 703 732 738 benedictio
760 703 836 744 705,
864 703 885 736 2

354 749 456 783 iudex
482 750 699 783 sententiam
724 748 849 782 uendit
868 749 921 790 11,
941 749 1002 790 26,
1027 749 1106 790 359,

398 795 437 836 4,
462 794 583 830 fideles
609 795 703 829 inter
721 805 757 828 se
774 794 1013 838 disceptantes
1038 805 1107 829 non

400 841 524 875 debere
561 841 735 885 gentilem
774 840 925 874 iudicem
957 841 1107 884 experiri

401 888 477 927 151,
503 889 525 922 8
550 898 600 932 sq.

362 933 591 967 iudicandum
632 943 701 967 non
740 934 872 966 temere
912 931 954 966 de
994 933 1104 967 altero

404 979 480 1019 139,
509 980 527 1013 1
553 989 604 1023 sq.

353 1024 476 1058 iudicii
503 1024 578 1059 dies
603 1024 678 1065 178,
704 1024 742 1063 8,
767 1023 846 1065 413,
874 1024 934 1065 16,
964 1024 1041 1066 665,
1067 1025 1106 1065 5,

398 1070 429 1105 A
446 1070 524 1112 314,
545 1070 608 1105 141
627 1081 677 1114 sq.
697 1069 733 1103 in
752 1079 820 1113 quo
838 1071 1010 1114 martyres
1028 1081 1106 1104 cum

399 1115 540 1151 Christo
580 1115 789 1150 iudicabunt
825 1116 904 1156 481,
941 1116 1003 1157 21,
1028 1117 1106 1158 515,

399 1162 459 1202 11,
484 1163 561 1204 559,
581 1163 641 1201 12,
665 1161 811 1206 grauius
831 1160 1046 1196 iudicabitur
1064 1162 1105 1197 de
1123 1184 1126 1203 Ι

398 1208 454 1242 his
480 1208 541 1252 qui
565 1208 602 1241 111
637 1207 774 1242 53001110
805 1208 885 1251 plus
914 1205 1125 1243 habuerint}

398 1254 587 1298 potestatis
602 1254 679 1293 181,
691 1254 751 1294 14,
765 1253 936 1287 iudicium
951 1254 1105 1299 episcopi

396 1300 510 1344 plebis
528 1304 591 1334 ete.
610 1299 686 1334 uid.
713 1299 895 1343 episcopus
923 1299 1023 1343 plebs
1041 1305 1103 1335 ete.

352 1346 479 1426 {up-um
506 1348 610 1425 11οξ115
631 1346 845 1426 ἓέἒουὲἑξωῃ
870 1345 926 1386 48,
955 1347 973 1380 1
999 1357 1049 1391 sq.
1122 1337 1124 1346 ¹

372 1403 394 1426 u
411 1402 446 1426 13
471 1402 547 1426 mar
590 1403 606 1425 r
700 1418 707 1427 ,

353 1437 515 1472 Iulianus
541 1403 758 1480 ayThelepte
781 1437 860 1477 455,
880 1438 916 1479 1,
942 1437 1123 1484 Iulianus,

399 1494 420 1517 a
444 1483 673 1518 Marcelliana
695 1483 775 1523 456,
801 1483 843 1516 11
918 1514 923 1519 .

352 1529 478 1564 Iunius
495 1530 679 1573 episcopus
697 1530 774 1568 650,
794 1529 832 1570 7,
857 1529 932 1571 766,
950 1530 989 1571 5,
1007 1530 1104 1564 Iuni-
1120 1570 1122 1576 .

397 1586 438 1609 us
464 1586 484 1608 a
509 1575 661 1619 Neapoli
685 1575 834 1616 460,18

350 1622 439 1656 Iuno
475 1621 613 1665 Argiua
650 1602 770 1655 Samia
810 1620 926 1654 Poena
962 1621 1087 1662 21,12
1120 1648 1122 1663 ,

350 1667 513 1712 Iuppiter
536 1667 640 1700 uitiis
665 1667 827 1711 princeps
853 1667 1122 1712 10,18;01ι15ξ

397 1713 696 1757 metamorphoses
716 1713 769 1754 10,
788 1711 847 1755 20,
866 1712 941 1746 01115
959 1714 1101 1747 antrum
1120 1719 1121 1756 1

397 1761 432 1793 et
469 1759 665 1803 sepulcrum
706 1759 761 1800 20,
800 1759 831 1792 3.
857 1759 897 1801 43
939 1759 1101 1803 Iuppiter

397 1806 555 1840 Creticus
580 1805 635 1846 21,
662 1805 706 1840 12

352 1851 540 1885 iurandum
566 1862 634 1884 non
660 1862 733 1885 esse
759 1851 835 1892 125,
864 1851 907 1884 18

350 2025 543 2069 Lamasba:
561 2034 721 2069 Pusillus
739 2046 759 2069 a
775 2035 950 2070 Lamasba
965 2036 1104 2076 458,10
1121 2049 1122 2065 1

350 2080 539 2115 Lambese:
572 2080 758 2115 Ianuarius
784 2092 804 2114 a
829 2081 998 2116 Lambese
1022 2063 1122 2123 440

397 2128 433 2167 6,
473 2126 743 2161 Lambesitanus
774 2127 952 2168 575,18;
977 2128 1054 2169 677,
1081 2127 1122 2174 5}

351 2173 494 2206 laniena
517 2172 595 2212 491,
621 2173 643 2206 8

350 2218 483 2252 lanista
508 2218 538 2251 A
566 2219 641 2260 195,
668 2219 710 2252 11

350 2263 550 2298 Laomedon
575 2264 628 2305 20,
655 2265 676 2298 2
1120 2264 1121 2295 1

350 2310 485 2353 lapides
503 2310 668 2344 coluntur
686 2310 762 2352 360,
781 2311 820 2351 6;
849 2310 986 2350 lapides
1003 2320 1100 2354 pere·
1120 2299 1121 2334 1

397 2355 492 2399 grini
517 2356 548 2390 A
573 2356 627 2398 24,
653 2356 675 2389 2
1119 2363 1121 2400 1

350 2402 469 2446 lapsus
506 2402 639 2436 crimen
677 2401 836 2435 excusari
872 2401 997 2446 nequit
1021 2402 1121 2443 243,'

396 2448 455 2488 19,
481 2449 536 2481 est
562 2458 735 2481 summum
760 2447 838 2488 249,
865 2448 926 2490 17,
959 2448 1037 2489 518,
1062 2449 1100 2490 2,

396 2503 454 2536 per
470 2495 585 2527 totum
620 2503 729 2537 paene
770 2493 890 2527 orbem
915 2496 1101 2537 grassatur

395 2538 473 2579 562,
498 2540 536 2580 9·
561 2539 639 2579 557,
665 2538 704 2579 6,
729 2538 766 2573 in
785 2538 1005 2591 Cappadocia
1022 2540 1100 2581 81³,

395 2584 456 2624 243
498 2585 535 2618 in
574 2565 704 2619 Sicilia
720 2586 798 2626 553,
824 2586 863 2621 3·
906 2586 943 2618 in
981 2585 1120 2631 Gallia]

398 2610 473 2669 744,
502 2631 562 2670 213
590 2631 770 2674 lapsorum
801 2630 996 2665 multitudo
1022 2632 1100 2672 239,
1118 2636 1120 2666 l

398 2675 458 2716 11,
501 2656 667 2717 244,16,
707 2676 881 2719 553,13;
922 2673 1120 2721 lapsorum

396 2731 522 2764 genera
547 2722 625 2765 550,
650 2703 695 2755 24
720 2733 771 2763 sq.
797 2722 873 2756 uid.
899 2723 1119 2764 libellatici,

397 2767 597 2801 sacrificati.
634 2767 725 2811 lapsi
752 2768 813 2811 qui
839 2770 983 2812 accepta
1008 2769 1119 2808 fece-{

396 2814 480 2846 runt
505 2814 565 2856 qui
591 2813 692 2856 quasi
718 2817 921 2856 praesentes
946 2815 1119 2858 fuissent}

399 2862 438 2891 ut
464 2859 512 2892 sic
538 2859 775 2893 scriberentur
791 2860 990 2894 mandando
1009 2861 1098 2895 fece·
1117 2872 1119 2891 1

1193 335 1278 367 runt
1303 335 1381 377 551,
1406 335 1446 376 3,
1483 335 1590 368 multi
1615 333 1659 368 ad
1683 334 1798 378 prima
1823 336 1895 369 sta-

1192 379 1260 413 tim
1286 380 1392 414 uerba
1428 380 1565 414 inimici
1591 379 1791 414 ceciderunt
1815 381 1893 421 241,

1194 426 1253 467 17;
1291 427 1386 460 ultro
1413 426 1456 460 ad
1480 426 1594 460 forum
1619 428 1792 460 uenerunt
1817 427 1892 467 242,

1192 472 1233 505 11
1261 482 1311 515 sq.
1337 472 1492 506 hostiam
1517 483 1632 506 secum
1656 474 1692 506 et
1710 472 1893 506 uictimam

1191 517 1234 551 ad
1260 528 1339 551 aras
1364 519 1510 562 portant
1535 518 1613 559 243,
1639 518 1680 559 3,·
1705 518 1894 552 Fortunati

1190 563 1297 597 factio
1335 575 1413 598 cum
1450 564 1561 609 lapsis
1598 564 1835 598 communicat
1860 567 1895 598 et

1188 610 1428 653 paenitentiae
1442 609 1599 654 agendae
1613 610 1800 644 intercedit
1817 610 1894 652 679,

1189 655 1249 696 20,
1268 656 1345 693 680,
1365 656 1426 695 14,
1451 655 1669 690 Felicissimi
1686 656 1797 690 factio
1815 667 1891 690 cum

1188 701 1298 745 lapsis
1323 701 1411 736 facit
1435 703 1512 745 591,
1538 703 1599 741 25,
1639 702 1793 746 quinque
1818 713 1893 746 pre—

1190 747 1326 791 sbyteri
1350 748 1539 800 prolapsis
1567 747 1689 781 offerre
1714 749 1749 782 et
1773 759 1893 792 pacem

1187 793 1270 827 dare
1312 793 1389 827 ausi
1432 796 1515 828 sunt
1556 793 1633 836 514,
1667 794 1704 834 1;
1746 795 1823 835 522,
1851 795 1894 830 3:

1188 839 1265 880 562,
1290 840 1330 879 8,
1354 840 1512 881 569,11,
1538 840 1614 880 570,
1641 840 1701 882 11,
1728 840 1893 881 592,14,

1188 885 1269 926 677,
1296 865 1338 919 14
1364 867 1602 930 5301151310
1638 896 1759 930 pacem
1784 885 1894 929 lapsis

1188 931 1376 965 uenditant
1412 932 1529 966 uerbis
1566 931 1777 966 fallentibus
1816 932 1893 973 248,

1187 977 1248 1018 26,
1273 977 1360 1012 haec
1385 977 1713 1012 communicationis
1733 978 1893 1012 facilitas

1188 1022 1414 1068 uituperatur
1454 1024 1531 1065 249,
1568 1023 1589 1057 3
1614 1034 1665 1067 sq.
1705 1024 1792 1057 talis
1826 1034 1894 1068 pax

1186 1068 1280 1103 nihil
1319 1070 1463 1113 prodest
1502 1070 1632 1114 lapsis,
1674 1070 1745 1103 imo
1792 1070 1893 1103 obest

1188 1115 1274 1149 ibid.
1314 1115 1392 1157 249,
1416 1116 1438 1150 4
1464 1127 1514 1159 sq.
1540 1115 1617 1156 250,
1643 1115 1665 1149 3
1690 1126 1741 1159 sq.
1767 1116 1844 1157 518,
1873 1117 1891 1149 1

1190 1171 1239 1204 sq.
1259 1161 1335 1202 514,
1355 1163 1417 1203 21,
1443 1162 1501 1196 1111
1519 1161 1777 1195 satisfactionis
1795 1162 1891 1196 uiam

1189 1207 1336 1241 cludunt
1361 1209 1437 1248 262,
1465 1208 1501 1249 7,
1542 1207 1603 1252 qui
1629 1209 1758 1241 temere
1783 1208 1892 1252 lapsis

1189 1254 1452 1287 communicant
1478 1252 1678 1287 abstinendi
1704 1255 1788 1287 sunt
1813 1254 1891 1293 626,

1189 1300 1250 1340 15;
1278 1299 1320 1334 de
1344 1299 1561 1344 martyribus
1588 1300 1649 1343 qui
1675 1298 1807 1333 libellis
1831 1311 1891 1344 pa-

1188 1355 1262 1379 cem
1301 1345 1473 1380 dederunt
1513 1346 1589 1380 uid.
1631 1345 1755 1379 libelli.
1798 1346 1890 1380 solus

1188 1391 1350 1426 dominus
1366 1410 1369 1411 ν
1387 1391 1529 1426 1101113111
1562 1392 1644 1426 dare
1668 1393 1787 1435 potest
1812 1403 1890 1436 pec-

1187 1438 1277 1471 catis
1302 1448 1390 1481 quae
1415 1437 1452 1472 in
1470 1438 1587 1482 ipsum
1606 1437 1791 1471 commissa
1809 1440 1891 1472 sunt

1186 1483 1263 1526 249,
1291 1484 1351 1524 17,
1389 1484 1481 1527 lapsi
1521 1484 1724 1518 detractant
1749 1484 1891 1518 satisfa-

1187 1540 1261 1563 cere
1298 1531 1333 1563 et
1368 1530 1502 1574 precari
1528 1531 1605 1571 261,
1633 1530 1652 1563 1
1679 1539 1728 1572 sq.
1771 1540 1890 1564 eorum

1187 1575 1363 1609 dementia
1400 1577 1477 1612 253.
1504 1576 1564 1616 19,
1601 1575 1718 1608 11111130
1749 1576 1827 1617 254,
1854 1577 1892 1617 1,

1185 1621 1412 1664 impatientia
1452 1622 1530 1663 562,
1568 1622 1603 1662 7,
1643 1621 1893 1656 inuerecundia

1185 1667 1350 1710 515,16;
1388 1668 1466 1708 571,
1500 1667 1560 1710 14,
1602 1667 1680 1701 uita
1722 1668 1892 1702 scelerata

1185 1713 1263 1753 259,
1288 1714 1327 1754 5,
1354 1713 1530 1758 lapsorum
1555 1713 1699 1748 litterae
1725 1713 1892 1748 ecclesiae

1184 1759 1326 1793 nomine
1366 1759 1483 1794 factae
1521 1761 1599 1801 566,
1626 1759 1685 1802 14;
1726 1760 1804 1801 571,
1831 1759 1892 1800 14,

1185 1805 1263 1845 572,
1289 1805 1349 1844 14;
1390 1806 1570 1850 lapsorum
1605 1806 1748 1840 litterae
1774 1805 1892 1840 mode-

1120 1884 1121 1891 ,
1186 1853 1260 1885 stae
1285 1852 1360 1893 567,
1388 1852 1426 1888 9.,
1452 1851 1494 1886 de
1518 1851 1629 1896 lapsis
1656 1851 1805 1886 concilia
1822 1851 1891 1885 fre·

1186 1899 1334 1941 quenter
1374 1900 1454 1932 aeta
1491 1897 1571 1938 680,
1599 1898 1660 1938 11,
1702 1898 1890 1932 concilium

1120 1971 1122 1986 ,
1186 1943 1403 1988 Carthagine
1444 1943 1608 1977 habitum
1648 1944 1890 1987 persecutione

1120 1990 1122 2006 ³
1185 1988 1289 2023 finita
1325 1990 1403 2030 627,
1429 1991 1490 2030 25,
1519 2010 1556 2014 »-
1585 1990 1718 2023 Romae
1750 1991 1827 2025 628.
1851 1989 1890 2030 4,

1185 2055 1229 2059 -
1254 2035 1291 2068 111
1317 2035 1537 2080 Cappadocia
1562 2036 1640 2077 812,
1666 2036 1726 2077 24,
1763 2035 1891 2069 Roma-

1185 2091 1311 2115 norum
1353 2081 1524 2125 rescripta
1549 2082 1626 2122 627,
1655 2082 1692 2123 1,
1735 2081 1890 2116 Cornelii

1186 2128 1221 2160 et
1260 2126 1361 2161 Lucii
1404 2127 1580 2161 sententia
1606 2127 1683 2169 748,
1711 2128 1771 2168 12,
1813 2137 1890 2171 pre-

1120 2164 1122 2204 ἓ
1186 2172 1407 2217 sbyterorum
1432 2175 1467 2207 et
1504 2173 1731 2207 diaconorum
1756 2173 1890 2206 Romae

1120 2219 1122 2245 ἶ
1185 2219 1455 2252 consistentium
1500 2219 1642 2253 litterae
1682 2219 1759 2255 549.
1793 2220 1814 2252 2
1839 2229 1890 2261 sq.

1184 2265 1261 2306 572,
1288 2266 1308 2298 9
1333 2275 1384 2308 sq.
1413 2265 1581 2309 Cypriani
1606 2264 1750 2298 libellus
1772 2264 1813 2298 de
1838 2264 1891 2298 13-

1183 2310 1256 2354 psis
1293 2311 1491 2351 237-264,
1532 2311 1609 2346 623.
1641 2311 1701 2349 18,
1743 2310 1773 2343 V
1798 2321 1826 2344 c.
1854 2310 1889 2350 7,

1183 2356 1318 2400 placuit
1343 2356 1452 2400 lapsis
1478 2367 1596 2401 pacem
1621 2366 1688 2389 non
1714 2355 1890 2390 festinan-

1183 2405 1238 2436 ter
1262 2402 1412 2436 dandam
1445 2403 1523 2443 521,
1550 2403 1608 2442 15,
1642 2402 1718 2443 525,
1744 2403 1784 2442 5,
1810 2402 1888 2442 651,

1186 2450 1228 2482 12
1252 2459 1302 2492 sq.
1330 2449 1406 2484 655
1425 2448 1445 2482 9
1464 2459 1514 2491 sq.
1541 2448 1617 2487 680,
1645 2449 1703 2486 11,
1732 2447 1807 2483 744.
1827 2447 1887 2486 16;

1185 2494 1260 2537 725,
1288 2495 1329 2528 11
1339 2510 1346 2536 ,
1375 2495 1452 2535 812,
1478 2494 1540 2534 25,
1566 2494 1648 2526 ante
1674 2494 1788 2527 actam
1806 2503 1888 2537 pae-

1183 2540 1374 2574 nitentiam
1411 2541 1492 2573 ante
1530 2539 1801 2582 exomologesim
1827 2539 1886 2572 de-

1183 2586 1263 2620 licti
1299 2586 1432 2620 factam
1467 2586 1548 2619 ante
1573 2595 1716 2618 manum
1742 2585 1786 2618 ab
1812 2585 1886 2629 epi-

1184 2642 1283 2675 scopo
1310 2633 1345 2665 et
1369 2631 1460 2665 clero
1485 2631 1522 2664 in
1548 2631 1807 2674 paenitentiam
1832 2631 1886 2664 in-

1182 2678 1336 2722 positam
1361 2688 1429 2711 non
1454 2687 1528 2710 esse
1565 2676 1782 2720 recipiendos
1808 2677 1886 2718 514,

1183 2724 1219 2763 9,
1246 2723 1323 2758 248.
1349 2722 1412 2761 20,
1452 2722 1528 2756 519.
1554 2722 1593 2762 4,
1620 2722 1696 2757 514.
1723 2723 1784 2762 11,
1809 2723 1886 2763 522,

1184 2770 1248 2812 11,
1277 2769 1351 2810 717,
1379 2769 1421 2802 13
1446 2778 1495 2811 sq.
1535 2768 1644 2811 lapsis
1677 2768 1714 2801 in
1739 2768 1886 2801 infirmi-

1182 2815 1271 2848 tatis
1312 2814 1466 2858 periculo
1504 2814 1686 2847 subueniri
1713 2814 1742 2846 si
1767 2813 1885 2857 paeni—

1181 2861 1331 2894 tentiam
1364 2860 1520 2903 egissent
1552 2859 1628 2894 649.
1663 2860 1705 2892 15
1730 2870 1780 2902 sq.
1807 2858 1884 2898 650,
