2032 3248
315 167 402 211 144
950 165 1196 209 Appendix.

314 273 600 323 praecipiebant
637 274 675 311 et
710 272 953 319 intinguntur
981 272 1046 319 qui
1081 271 1331 319 baptizabant
1359 274 1397 310 et
1422 271 1747 311 circumciduntur
1770 274 1836 321 qui

313 342 658 382 circumcidebant:
691 340 745 379 sic
779 340 965 378 Dominus
1001 341 1134 379 florere
1165 340 1288 379 uoluit
1311 342 1455 388 gentes.
1488 341 1628 379 uidetis
1652 343 1835 390 quemad-

312 413 464 450 modum
486 422 553 448 uos
577 410 752 447 Christus
774 408 920 447 dilexit.

784 931 851 994 X.
912 930 1256 995 ORATIO
1312 932 1352 994 1.

283 1234 302 1269 1
373 1217 537 1279 Hagios,
575 1231 723 1278 hagios,
760 1230 908 1278 hagios,
946 1231 1077 1269 sancte
1109 1232 1338 1277 sanctorum,
1369 1233 1482 1279 pater
1509 1233 1661 1279 patrum
1682 1233 1867 1272 nostro-5

315 1314 411 1347 rum,
448 1301 550 1339 Deus
578 1301 787 1347 Abraham,
824 1300 926 1338 Deus
955 1300 1076 1347 Isaac,
1114 1300 1215 1338 Deus
1244 1301 1370 1347 Iacob,
1408 1301 1512 1339 Deus
1549 1301 1834 1349 prophetarum,

318 1371 418 1409 Deus
448 1370 718 1417 apostolorum,
755 1369 859 1407 Deus
891 1369 1098 1418 uirginum,
1136 1370 1239 1408 Deus
1260 1370 1356 1408 bene
1378 1370 1604 1418 uiuentium,
1627 1371 1730 1409 Deus
1752 1382 1835 1410 cre-

317 1441 498 1487 dentium,
534 1440 636 1478 Deus
669 1440 707 1478 et
739 1440 848 1487 pater
868 1439 1022 1478 Domini
1043 1439 1165 1478 nostri
1185 1440 1273 1477 Iesu
1296 1439 1441 1478 Christi
1463 1440 1533 1477 filii
1554 1440 1631 1478 tui:
1664 1442 1703 1478 te
1724 1441 1834 1479 inuo-

313 1521 440 1548 camus
478 1508 668 1556 supplices
703 1508 847 1556 pariter
876 1509 913 1546 et
951 1508 1196 1556 deprecamur
1233 1507 1300 1557 [fili
1329 1509 1552 1558 unigenite],
1592 1509 1656 1558 qui
1686 1522 1731 1548 ex
1770 1522 1832 1549 ore

312 1577 491 1616 altissimi
512 1578 732 1626 procreatus
754 1588 793 1615 es
814 1578 902 1615 ante
924 1577 1054 1615 mundi
1076 1577 1363 1626 dispositionem
1385 1579 1422 1616 et
1442 1590 1487 1616 ex
1508 1578 1651 1616 Mariae
1675 1581 1828 1617 sanctae
1847 1593 1883 1616 n>

311 1647 474 1696 uirginis
495 1649 601 1685 utero
622 1659 690 1695 per
710 1646 935 1695 mysterium
957 1647 1102 1685 editus:
1141 1647 1340 1685 orantibus
1361 1647 1471 1686 nobis
1494 1647 1723 1686 desiderium
1745 1649 1829 1686 ani-

310 1729 405 1763 mae,
437 1716 551 1754 etiam
573 1717 837 1764 integritatem
857 1716 983 1754 cordis
1012 1716 1207 1763 praestare
1229 1716 1402 1764 dignare,
1433 1718 1476 1755 ut
1496 1716 1649 1755 lauacro
1671 1716 1831 1755 salutari

311 1787 504 1834 expiatum
535 1788 669 1833 pectus
699 1785 849 1824 delictis
881 1785 1099 1823 carnalibus
1120 1785 1306 1824 incolume
1328 1787 1525 1834 persistat.
1567 1787 1732 1834 petimus
1754 1786 1827 1824 fide

311 1857 486 1904 inlibata,
525 1858 651 1894 mente
687 1856 919 1904 incorrupta,
957 1855 1158 1894 deuotione
1180 1857 1349 1903 robusta,
1381 1857 1599 1904 operatione
1621 1869 1687 1895 seu
1709 1856 1827 1894 dilec-

309 1926 411 1964 tione
435 1925 626 1972 continua,
662 1924 702 1962 in
722 1927 789 1963 tua
827 1924 987 1964 ecclesia
1022 1926 1155 1963 sancta
1191 1936 1340 1973 semper
1360 1938 1429 1964 nos
1450 1926 1582 1964 florere
1603 1926 1825 1974 permittas:
1847 1942 1881 1966 ιε,

403 2119 422 2152 1
448 2117 676 2162 praeciebant
705 2118 738 2152 Τ
890 2117 913 2151 2
938 2116 1246 2152 circumcedebant
1274 2117 1304 2162 Q
1460 2116 1595 2151 uidetis
1620 2126 1687 2151 om.
1715 2115 1759 2149 B.
1790 2135 1827 2140 ——-

308 2175 442 2210 Caecili
481 2175 650 2220 Cypriani
687 2175 854 2210 aduersus
891 2174 1019 2210 Iudeos
1052 2175 1114 2219 qui
1147 2175 1301 2209 insecuti
1335 2176 1419 2208 sunt
1451 2174 1635 2209 dominum
1668 2174 1827 2207 nostrum

309 2234 427 2267 Iesum
453 2234 639 2269 Christum
664 2233 810 2277 explicit
838 2233 914 2279 ΩΤ,
939 2232 1119 2267 Aduersus
1144 2232 1272 2266 Iudeos
1298 2233 1445 2277 explicit
1470 2232 1515 2266 B.
1543 2253 1586 2257 ›—

399 2290 524 2325 Oratio
557 2290 585 2324 I.
627 2310 667 2316 —
704 2290 841 2335 Incipit
872 2290 987 2324 oratio
1022 2289 1191 2334 Cypriani
1228 2291 1274 2331 T,
1313 2290 1436 2325 Oratio
1471 2289 1640 2334 Cypriani
1671 2285 1741 2322 EI.
1784 2307 1828 2312 -

308 2349 330 2382 5
355 2348 456 2393 agios
482 2349 564 2390 ET,
590 2349 728 2394 hagyos
755 2349 782 2383 Ι
979 2349 1082 2393 pater
1107 2359 1173 2382 om.
1202 2349 1236 2382 T
1443 2349 1464 2383 6
1491 2348 1661 2382 abraham
1687 2349 1723 2381 et
1753 2349 1786 2383 T

310 2406 329 2439 7
356 2407 594 2450 apostolorum
620 2406 705 2441 deus
730 2407 986 2452 prophetarum
1010 2406 1096 2441 ΕΙυ
1230 2406 1314 2441 deus
1340 2406 1374 2441 b.
1400 2406 1604 2440 uiuentium
1629 2415 1695 2439 om.
1722 2405 1788 2439 EI

309 2463 330 2497 9
354 2464 408 2497 fili
433 2464 619 2508 unigenite
643 2475 708 2498 om.
736 2465 833 2499 ΕΙΤ
1031 2464 1076 2499 10
1100 2474 1139 2498 ex
1164 2474 1230 2498 om.
1260 2465 1293 2499 T
1477 2463 1519 2497 11
1545 2464 1685 2496 uterum
1711 2462 1787 2497 ΕΤ

309 2520 521 2555 desiderium
559 2522 700 2556 animae
738 2522 850 2563 ΕΙΤ,
890 2522 1004 2556 sancti
1051 2521 1217 2556 desiderii
1264 2521 1429 2566 spiritale
1465 2521 1724 2555 incrementum
1762 2531 1784 2555 v

310 2578 354 2612 12
379 2578 487 2612 etiam
514 2579 554 2619 Τ,
581 2581 617 2613 et
642 2580 723 2614 EIv
862 2581 1044 2625 praestare
1070 2578 1217 2624 dignare
1243 2590 1308 2613 om.
1329 2579 1362 2613 T
1502 2577 1544 2612 13
1568 2578 1749 2622 expiatum
1781 2577 1815 2610 Τ

308 2637 505 2669 recreatum
531 2636 616 2670 EIv
767 2648 787 2671 a
812 2637 954 2672 delictis
979 2648 1000 2671 v
1152 2638 1351 2671 incolumen
1382 2637 1415 2671 Τ
1549 2636 1719 2680 persistet
1743 2634 1784 2668 E

312 2693 356 2727 14
382 2693 586 2737 operatione
613 2704 648 2727 se
672 2694 888 2728 udilcctione
919 2697 952 2729 T
972 2695 1027 2739 (in
1052 2696 1234 2740 maryine:
1260 2695 1318 2729 uel
1344 2693 1498 2737 assidua)
1640 2693 1685 2727 15
1710 2692 1759 2736 in]
1786 2692 1830 2725 ut

308 2751 346 2784 in
371 2750 473 2785 E²1v
628 2752 692 2785 tua
718 2753 841 2786 sancta
867 2752 1015 2787 ecclesia
1040 2753 1070 2794 I,
1099 2752 1246 2787 ecclesia
1272 2753 1395 2786 saneta
1420 2753 1484 2784 tua
1510 2761 1528 2784 v
1693 2759 1828 2793 semper

310 2817 377 2842 om.
403 2818 424 2842 v
563 2819 627 2842 nos
653 2819 718 2843 om.
749 2810 781 2844 T
