2032 3248
351 203 433 246 184
753 199 946 234 Arnobii
984 200 1199 234 aduersus
1231 199 1439 234 nationes

230 329 253 362 f.
269 330 333 362 104
345 317 450 359 fiant
480 314 751 370 languidioris
783 314 995 365 audaciae,
1028 314 1069 356 et
1099 326 1181 355 non
1212 314 1361 356 cotidie
1392 314 1605 356 uideamus
1636 326 1701 356 eos
1735 314 1742 371 Ι
1777 315 1848 368 qui

347 385 426 428 sibi
471 383 769 426 demessuerint
813 383 886 424 has
928 384 1065 436 partes
1103 382 1272 424 maioris
1309 382 1563 436 petulantiae
1601 382 1689 425 fieri
1727 384 1848 437 atque

347 454 535 497 omnibus
566 451 806 506 postpositis
838 452 1004 506 pudoris
1036 453 1077 493 et
1107 451 1375 494 uerecundiae
1407 451 1532 494 frenis
1563 452 1606 494 in
1632 452 1848 494 obscenam

346 535 606 578 prorumpere
643 521 853 563 uilitatem
894 520 1147 574 flagitiorum
1187 521 1436 563 confessione
1467 521 1650 576 uulgata.
1697 522 1847 563 uellem

346 594 485 634 tamen
507 591 658 642 uidere,
692 590 727 632 si
749 590 854 631 esset
875 590 979 632 mihi
1000 590 1065 632 his
1086 590 1198 632 nasci
1220 590 1474 644 temporibus
1497 590 1653 641 datum,
1686 592 1846 643 patrem
1878 607 1892 630 s

346 661 468 703 illum
488 660 683 702 Liberum
715 658 1009 701 debellatorem
1041 658 1267 701 ferocitatis
1288 659 1526 714 Agdestiae‚
1558 661 1651 713 post
1680 660 1848 702 deorum

347 729 665 785 augustissimas
687 727 819 769 curias
842 728 943 769 caeli
964 728 1014 770 ab
1038 727 1288 770 culminibus
1310 729 1485 782 lapsum,
1517 728 1849 781 peniculamenta

347 798 628 840 decurtantem
660 797 976 848 cantheriorum,
1009 797 1286 839 innectentem
1317 797 1482 851 laqueos
1504 797 1691 848 mobiles,
1722 810 1847 851 aqua-

346 881 439 909 rum
468 867 651 908 innoxias
681 865 884 921 puritates
915 865 1049 907 multa
1079 866 1333 908 sauciantem
1355 867 1398 907 ui
1419 866 1535 917 meri,
1568 867 1609 907 et
1629 867 1848 920 postquam

347 936 519 979 ebrietas
556 936 700 989 potum
731 935 895 985 mersit,
938 934 1155 976 inseruisse
1186 936 1304 977 caute
1334 947 1498 986 manuS,
1531 935 1893 977 contrectauisseio

346 1004 485 1047 uirilia
523 1003 789 1054 dormientis,
826 1003 947 1056 atque
978 1003 1025 1044 ut
1055 1003 1193 1045 omnia
1231 1003 1441 1057 cingerent
1471 1004 1753 1058 circumpositi
1783 1005 1848 1047 la-

346 1086 541 1128 queorum
570 1085 743 1124 morsus,
776 1072 939 1114 artificii
970 1085 1085 1115 curas
1118 1073 1207 1114 tum
1239 1073 1360 1115 rebus
1382 1073 1619 1115 adhibuisse
1640 1073 1846 1127 perituris.

284 1147 331 1187 12
346 1143 490 1185 hocine
526 1143 576 1184 de
615 1141 695 1183 diis
741 1142 959 1195 quisquam
997 1141 1064 1183 uel
1102 1142 1248 1196 exigua
1293 1142 1444 1184 dixerit
1482 1155 1622 1185 eorum
1660 1142 1847 1197 opinione

345 1212 558 1266 pollutus?
593 1212 666 1253 aut
695 1211 730 1253 si
760 1211 914 1252 talibus
954 1211 1138 1265 occupati
1178 1211 1273 1253 sunt
1307 1212 1483 1266 negotiis
1527 1211 1847 1267 cogitationibus

346 1283 472 1332 curis,
513 1280 731 1334 quisquam
769 1292 835 1322 eos
877 1280 1038 1334 sapiens
1080 1281 1152 1322 aut
1182 1280 1276 1321 deos
1307 1292 1393 1322 esse
1432 1280 1651 1322 crediderit
1683 1282 1755 1322 aut
1783 1281 1847 1323 in·
1863 1300 1893 1324 15

345 1350 584 1392 mortalium
615 1349 763 1391 saltem
795 1349 837 1390 in
869 1361 1038 1391 numero
1070 1350 1384 1402 conputauerit‘?
1416 1349 1612 1404 Agdestis
1642 1349 1733 1401 iste,
1765 1361 1846 1400 oro,

345 1419 460 1461 cuius
491 1418 722 1461 obscenitas
754 1419 967 1471 amputata
998 1418 1260 1460 securitatem
1292 1418 1428 1460 fuerat
1458 1418 1639 1460 inlatura
1661 1418 1848 1460 caelesti-

346 1489 433 1539 bus,
466 1500 512 1529 ex
543 1487 716 1529 terrenis
755 1487 1036 1529 animantibus
1076 1500 1180 1529 unus
1217 1487 1299 1529 fuit
1336 1499 1386 1528 an
1425 1487 1594 1529 deorum
1624 1487 1776 1540 aliquis
1808 1489 1850 1529 et

345 1556 658 1600 inmortalitatis
688 1556 901 1609 praeditus
931 1556 1108 1598 honore?
1139 1556 1174 1598 si
1205 1556 1315 1597 enim
1344 1557 1507 1598 nostrae
1538 1556 1659 1599 sortis
1689 1558 1730 1598 et
1751 1569 1848 1599 con-

346 1626 519 1668 dicionis
550 1625 778 1667 habebatur
807 1625 1030 1677 humanae,
1071 1637 1142 1666 cur
1171 1626 1366 1667 terrorem
1404 1626 1568 1667 tantum
1607 1626 1847 1668 numinibus
1862 1642 1895 1668 20

345 1695 576 1738 inferebat?
619 1695 717 1736 deus
749 1694 888 1736 autem
919 1695 953 1735 si
984 1694 1138 1746 fuerat,
1172 1694 1243 1748 qui
1272 1695 1409 1748 potuit
1439 1694 1571 1748 decipi
1603 1696 1676 1737 aut
1706 1695 1847 1737 diuino

344 1764 500 1819 aliquid
530 1777 577 1806 ex
616 1776 781 1818 corpore
821 1763 1026 1806 desecari?
1072 1763 1142 1805 sed
1173 1764 1454 1817 quaestionem
1487 1776 1699 1806 monemus
1731 1766 1846 1818 parte

345 1834 386 1875 in
417 1834 492 1875 hac
522 1833 703 1882 nullam;
736 1833 863 1874 fuerit
893 1832 993 1874 licet
1024 1832 1073 1874 de
1104 1833 1243 1874 diuino
1275 1845 1420 1888 genere
1450 1832 1517 1874 uel
1547 1845 1594 1874 ex
1624 1833 1741 1875 nobis
1772 1833 1849 1875 ali-

208 1912 331 1946 f.104b
346 1902 450 1956 quis,
482 1902 517 1943 si
547 1902 622 1944 hoc
653 1902 808 1943 rectius
840 1902 1129 1943 existimabitis
1161 1902 1264 1943 dici:
1297 1902 1457 1943 lentene
1487 1901 1613 1943 fluore
1639 1900 1645 1957 Ι
1672 1901 1721 1943 de
1752 1915 1849 1944 san·

344 1971 481 2026 guinis
513 1975 554 2012 et
584 1983 630 2012 ex
660 1970 911 2025 genitalibus
944 1970 1169 2024 amputatis
1200 1970 1320 2012 arbor
1347 1970 1448 2012 mali
1471 1971 1591 2012 enata
1613 1970 1676 2012 est
1695 1970 1847 2023 punici,
1862 1990 1894 2016 π»

345 2053 395 2081 an
426 2040 517 2082 tum
556 2039 716 2092 quando
756 2039 820 2080 uis
857 2038 932 2081 illa
970 2039 1132 2081 telluris
1172 2040 1362 2092 cooperta
1407 2040 1469 2081 est
1513 2039 1669 2094 gremio
1715 2039 1848 2082 solum

390 2154 411 2188 3
436 2153 641 2198 postpositis
662 2153 691 2185 P
828 2154 849 2188 5
873 2152 949 2187 illis
974 2153 1044 2188 Urs
1182 2153 1204 2187 6
1222 2153 1344 2188 *illum
1365 2154 1398 2186 P
1534 2153 1710 2188 acdestiae
1726 2155 1762 2188 P

345 2212 364 2246 7
389 2212 671 2256 peniculamenta
702 2210 782 2253 Urs,
809 2211 987 2256 Scaliyer:
1011 2211 1267 2255 peniculantem
1294 2211 1330 2245 P
1456 2212 1478 2246 8
1502 2211 1745 2246 decurtantem
1771 2211 1848 2255 Urs,

346 2270 530 2315 Scaliyer:
570 2268 826 2303 decurtamtam
860 2269 893 2301 P
930 2268 1176 2302 decuramenta
1208 2268 1279 2303 Sal)
1463 2268 1724 2303 cantheriorum
1763 2268 1849 2303 Gel:

343 2326 546 2362 cantherios
571 2328 604 2360 P
749 2326 770 2359 9
794 2325 926 2359 multa*
952 2326 987 2358 P
1133 2336 1303 2370 posquam
1329 2326 1364 2360 P
1512 2326 1555 2360 10
1580 2328 1701 2370 potum
1726 2326 1851 2360 mersit

343 2384 492 2428 scripsi.-
517 2384 604 2428 potu
621 2382 764 2417 emersit
781 2383 818 2417 P
945 2382 988 2417 12
1006 2393 1106 2416 curas
1125 2382 1198 2417 Sab
1209 2395 1220 2417 .·
1247 2393 1327 2417 cura
1344 2383 1374 2416 si
1392 2383 1428 2417 P
1451 2394 1569 2417 curam
1592 2384 1642 2418 sic
1659 2383 1759 2418 Salm

345 2442 388 2476 14
411 2441 565 2486 pollutos
590 2441 625 2475 P
649 2451 731 2475 corr
755 2442 785 2475 c‘
810 2440 987 2484 polluctus
1013 2440 1115 2475 Salm
1254 2441 1298 2475 15
1321 2440 1578 2474 immortalium
1605 2440 1691 2475 Urs:
1716 2442 1849 2475 morta-

343 2500 431 2533 lium
458 2500 493 2534 P
676 2498 719 2532 16
744 2498 896 2532 acdestis
922 2499 957 2532 P
1140 2498 1182 2532 19
1208 2497 1497 2532 immortalitatis
1523 2497 1615 2532 Sab:
1646 2498 1848 2532 inmortali-

343 2558 418 2591 tate
437 2557 471 2591 P
592 2556 720 2590 honore
738 2555 833 2590 Sab:
859 2554 986 2589 honori
1004 2555 1040 2589 P
1062 2554 1205 2589 honoris
1223 2554 1378 2589 Zinkius
1493 2554 1706 2589 conditionis
1724 2556 1760 2590 P

343 2614 387 2649 20
410 2616 577 2648 terrorem
603 2613 687 2655 Sab,
712 2624 753 2647 r:
788 2613 921 2647 terrore
947 2612 984 2646 P
1134 2613 1179 2647 21
1206 2612 1328 2646 diuino
1355 2611 1476 2647 Salm:
1512 2612 1553 2646 de
1577 2612 1699 2646 diuino
1724 2612 1759 2646 P

343 2671 388 2706 22
412 2681 452 2705 ex
476 2681 531 2705 om
555 2670 620 2705 σει
644 2670 675 2704 ei
698 2670 767 2705 Urs
906 2670 1123 2713 questionem
1142 2670 1178 2704 P
1316 2669 1361 2704 23
1379 2670 1461 2705 uino
1478 2670 1514 2704 P
1529 2681 1611 2705 corr
1748 2660 1766 2704 ὸ
1790 2679 1849 2714 ge-

343 2739 423 2762 nere
441 2728 476 2763 P
613 2727 657 2762 24
682 2727 820 2761 lentene
838 2726 989 2770 scripsi:
1014 2726 1167 2760 etiamne
1184 2727 1219 2760 P
1357 2727 1463 2762 fluore
1481 2727 1574 2762 Sab:
1599 2727 1697 2761 luore
1723 2728 1759 2762 P

342 2786 387 2820 25
411 2785 498 2819 mali
522 2786 628 2819 enata
652 2785 745 2819 Sab:
769 2784 924 2818 alienata
950 2783 987 2817 P
1121 2783 1165 2817 26
1194 2794 1238 2817 an
1263 2785 1339 2818 tum
1366 2783 1503 2828 qnando
1527 2784 1675 2828 scripsi:
1701 2795 1746 2818 an
1771 2786 1847 2818 tum

342 2853 408 2887 que
424 2841 562 2886 quando
582 2842 618 2876 P
634 2852 679 2875 an
697 2845 773 2876 tum
793 2852 870 2875 cum
890 2840 962 2874 Sab
979 2842 1120 2874 tantum
1138 2840 1231 2884 quod
1249 2841 1436 2886 Riyaltius
1461 2842 1690 2885 actutumque
1708 2841 1847 2885 quando

350 2899 521 2935 Oehlerus
659 2909 712 2932 res
738 2898 929 2934 Meursius
