2032 3248
811 228 937 261 Liber
964 228 988 260 1.
1582 226 1630 265 31

163 354 318 383 monem
365 341 475 382 dedit
506 344 624 394 atque
656 341 820 393 accepit,
868 342 1004 382 docuit
1043 342 1259 395 castigauit
1297 340 1519 384 admonuit..
1566 340 1633 391 qui

162 424 208 450 ne
240 410 301 450 illi
336 423 374 451 se
407 410 526 451 falsos
558 411 672 451 uanis
703 409 1063 462 imaginationibus
1096 410 1393 460 existimarent,
1440 422 1481 450 se
1512 409 1633 449 semel

161 478 307 520 iterum
339 479 496 532 saepius
529 478 718 519 familiari
751 477 1024 519 conlocutione
1057 479 1309 527 monstrauit,
1357 478 1424 531 qui
1456 477 1633 518 iustissi-

161 548 237 587 mis
284 547 382 588 uiris
428 547 658 588 etiamnunc
705 546 914 599 inpollutis
944 559 989 588 ac
1022 547 1286 601 diligentibus
1327 559 1410 587 sese
1450 558 1526 586 non
1567 558 1635 598 per

134 627 264 656 suana
302 616 498 656 insomnia
547 616 615 656 sed
654 627 722 669 per
759 627 880 667 purae
918 616 1091 667 speciem
1132 615 1407 667 simplicitatis
1454 615 1633 666 apparet,

160 684 272 725 cuius
306 695 447 725 nomen
481 684 665 724 auditum
699 683 813 736 fugat
844 683 978 724 noxios
1011 683 1198 736 spiritus,
1238 683 1396 735 inponit
1426 683 1634 724 silentium

160 753 340 801 uatibus,
374 753 603 805 haruspices
635 751 881 792 inconsultos
912 751 1064 801 reddit,
1105 751 1391 806 adrogantium
1424 762 1635 804 magorum

159 821 347 862 frustrari
387 820 510 862 efficit
547 820 743 864 actiones,
784 833 859 861 non
896 820 1056 862 horrore
1088 823 1133 861 ut
1172 820 1307 861 dicitis
1354 820 1527 860 nominis
1567 819 1634 859 sed

160 890 321 931 maioris
352 889 516 930 licentia
546 889 786 942 potestatis?
826 889 983 930 ethaeo
1004 889 1167 941 quidem
1196 889 1433 930 summatim
1455 888 1634 941 exposita
1649 891 1697 930 47

117 970 235 1000 101101]
268 971 313 999 ea
345 958 495 998 ratione
526 957 782 1010 protulimus
816 959 1024 1010 tamquam
1058 957 1294 1010 magnitudo
1326 957 1508 998 facientis
1539 956 1634 997 solis

160 1027 198 1067 in
230 1026 292 1066 his
325 1028 431 1067 esset
471 1025 747 1079 perspicienda
794 1026 1028 1066 uirtutibus.
1081 1026 1230 1078 quanta
1275 1026 1358 1066 sint
1395 1025 1501 1067 enim
1541 1026 1635 1067 haec

161 1095 225 1135 uel
257 1094 450 1135 exilitatis
472 1094 585 1135 cuius
608 1094 855 1147 reperientur
876 1098 915 1135 et
947 1095 1045 1145 ludi,
1079 1095 1111 1135 si
1145 1094 1339 1135 traditum
1370 1095 1491 1136 fuerit
1513 1095 1633 1143 nosci,

160 1175 203 1203 ex
235 1163 378 1215 quibus
410 1163 458 1203 ad
491 1174 560 1202 nos
591 1162 744 1216 regnis,
779 1162 892 1203 cuius
923 1163 1100 1203 numinis
1132 1163 1382 1205 ministrator
1414 1163 1634 1204 aduenerit.

159 1244 258 1284 quae
303 1232 466 1284 quidem
498 1230 547 1272 ab
581 1243 624 1272 eo
657 1232 771 1285 gesta
809 1232 903 1272 sunt
934 1233 973 1272 et
1011 1231 1216 1275 factitata.
1265 1243 1342 1272 non
1383 1233 1428 1272 ut
1459 1244 1500 1273 se
1531 1244 1636 1273 uana

116 1321 145 1344 15
158 1300 425 1340 ostentatione
456 1300 624 1341 iactaret
656 1299 724 1340 sed
758 1300 802 1340 ut
833 1299 1014 1341 homines
1046 1300 1137 1341 duri
1169 1302 1288 1353 atque
1320 1300 1516 1342 increduli
1554 1300 1633 1342 sci-

158 1369 246 1409 rent
285 1379 360 1409 non
397 1380 480 1409 esse
519 1368 622 1420 quod
661 1368 932 1420 spondebatur
971 1367 1118 1409 falsum
1150 1371 1188 1409 et
1220 1381 1265 1409 ex
1296 1381 1461 1422 operum
1492 1368 1634 1422 benig-

158 1437 285 1478 nitate
316 1436 413 1489 quid
444 1437 547 1477 esset
579 1436 675 1477 deus
709 1449 827 1477 uerus
859 1437 938 1477 iam
970 1436 1221 1478 addiscerent
1252 1437 1462 1490 suspicari.
1513 1437 1633 1477 simul

157 1506 196 1546 et
227 1504 330 1545 illud
370 1503 556 1544 uolumus
599 1505 709 1555 sciri,
757 1517 847 1545 oum
893 1505 1130 1546 summatim
1170 1506 1215 1546 ut
1246 1506 1400 1547 dictum
1439 1507 1499 1547 est
1538 1519 1634 1547 enu-

158 1573 325 1615 meratio
358 1574 464 1614 facta
493 1576 699 1627 gestorum
732 1576 813 1624 est,
854 1586 928 1615 non
961 1587 1004 1615 ea
1040 1574 1247 1615 Christum
1278 1596 1296 1616 >k
1327 1575 1505 1628 potuisse
1536 1587 1635 1627 quae

113 1642 272 1691 20fecit,
311 1643 377 1683 sed
419 1642 642 1683 constituta
679 1642 801 1683 etiam
843 1654 1098 1695 exsuperasse
1138 1642 1327 1684 fatorum.
1379 1656 1472 1684 nam
1503 1644 1557 1692 si,
1590 1644 1635 1684 ut

157 1711 283 1764 liquet
327 1713 367 1752 et
411 1712 589 1760 constat,
637 1710 870 1752 debilitates
905 1710 910 1765 Ι
947 1713 986 1751 et
1018 1723 1226 1763 corporum
1258 1711 1459 1764 passiones
1505 1711 1635 1766 [surdi
1649 1723 1669 1754 f.
1689 1724 1728 1755 18

158 1781 288 1821 manci
320 1782 359 1821 et
390 1778 524 1835 mutil,
557 1791 770 1820 neruorum
802 1779 1023 1821 contractio
1046 1781 1086 1821 et
1113 1780 1277 1821 amissio
1308 1780 1474 1821 luminis
1496 1780 1634 1821 satali-

158 1849 233 1889 bus
274 1849 459 1889 accidunt
502 1848 817 1902 inroganturque
863 1848 1051 1898 decretis,
1099 1848 1133 1889 si
1171 1848 1279 1889 solus
1323 1848 1421 1890 haec
1452 1847 1634 1889 Christus

159 1917 329 1958 correxit
360 1915 541 1956 restituit
572 1917 693 1968 atque
724 1915 902 1957 sanauit:
935 1916 1018 1957 sole
1055 1916 1140 1969 ipso
1162 1918 1222 1958 est
1244 1917 1402 1967 clarius,
1435 1917 1634 1970 potentio-

114 2002 143 2026 25
159 1998 242 2026 rem
290 1985 405 2026 illum
451 1984 571 2025 fuisse
616 1997 737 2036 quam
776 1984 860 2025 fata
898 1985 1011 2034 sunt,
1063 1997 1154 2025 cum
1200 1998 1245 2026 ea
1284 1985 1406 2026 soluit
1452 1988 1491 2026 et
1537 1986 1635 2026 uicit

158 2066 258 2106 quae
290 2053 492 2106 perpetuis
514 2052 682 2093 nexibus
705 2054 745 2093 et
772 2052 971 2093 immobili
994 2053 1152 2093 fuerant
1174 2053 1410 2094 necessitate
1432 2054 1630 2094 deuincta.

159 2122 226 2163 sed
258 2122 425 2163 frustra.
459 2120 592 2172 inquit
625 2120 754 2161 nescio
786 2120 895 2172 quis,
934 2122 1095 2161 tautum
1126 2121 1295 2175 adrogas
1327 2120 1505 2171 Christo,
1538 2135 1629 2163 cum
1647 2127 1696 2165 48

158 2202 271 2242 saepe
303 2189 403 2230 alios
435 2189 607 2229 sciamus
640 2190 679 2230 et
711 2191 736 2234 †
768 2190 976 2230 scierimus
1008 2191 1099 2230 deos
1131 2191 1170 2230 et
1202 2190 1475 2231 laborantibus
1506 2190 1633 2242 pluri-

201 2394 222 2427 2
248 2404 281 2426 sc
307 2393 409 2427 semel
431 2393 634 2427 Meursius:
661 2393 765 2426 semel
784 2394 815 2425 Ρ
934 2395 954 2427 3
981 2385 1218 2428 conlocutione
1235 2396 1268 2427 Ρ
1283 2404 1362 2429 corr
1482 2396 1503 2428 4
1528 2395 1632 2429 etiam

158 2461 238 2484 nuni
265 2451 335 2483 Sab
487 2461 553 2483 non
581 2451 612 2482 P
765 2452 806 2484 12
831 2451 1003 2484 exilitates
1035 2451 1144 2485 cuiuis
1174 2452 1238 2486 Gel
1399 2452 1634 2495 repperientur

162 2508 192 2540 P
212 2509 439 2551 reperirentur
465 2508 533 2541 Sal»
566 2508 755 2551 reperietur
781 2508 906 2541 Carrio
1066 2510 1188 2542 datum
1214 2509 1321 2542 fuerit
1346 2520 1443 2543 nosse
1476 2510 1543 2543 Urs

162 2564 200 2597 13
226 2565 376 2598 numinis
401 2565 485 2598 Ls'rs:
511 2565 708 2598 nominis-P
843 2566 884 2598 15
909 2565 1092 2598 incredulis
1112 2567 1238 2599 Pcorr
1378 2568 1418 2600 18
1444 2567 1523 2600 sciri
1549 2567 1632 2602 Gel:

158 2621 242 2654 scire
259 2622 290 2653 P
426 2621 466 2654 19
491 2621 601 2655 solum
628 2621 805 2656 Christum
825 2621 895 2655 Sab
1039 2622 1203 2664 lacunam
1228 2624 1388 2667 siquam.-
1413 2625 1633 2658 intercidisse

154 2681 242 2720 puto
270 2681 308 2710 ut
334 2678 504 2711 hominem
650 2679 688 2711 21
718 2690 764 2722 sq.
794 2679 886 2712 surdi
915 2680 1024 2712 manci
1052 2684 1085 2713 et
1112 2681 1199 2713 muti
1225 2682 1351 2715 seclusi
1487 2683 1530 2715 ‘22
1556 2694 1632 2716 con-

159 2735 285 2768 tractio
313 2735 404 2769 Sub:
437 2737 662 2769 contras-tatio
692 2737 720 2767 P
899 2737 941 2769 23
967 2738 995 2769 si
1022 2737 1113 2770 solus
1142 2738 1447 2773 llildebrandius:
1485 2740 1577 2773 solus
1604 2741 1635 2772 P

161 2792 194 2823 et
226 2792 317 2824 solus
345 2792 415 2826 Sao
550 2794 592 2825 25⁷)
626 2793 697 2825 fata
723 2793 814 2826 Sub:
849 2793 937 2826 saeta
964 2794 994 2824 Ρ
1129 2795 1171 2827 26
1198 2795 1367 2829 immobili
1394 2796 1484 2830 Sub.-
1512 2797 1631 2830 immo-

162 2847 243 2880 uilis
262 2849 293 2879 P
426 2850 467 2882 27
494 2850 614 2892 inquid
633 2850 664 2882 Ρ
680 2860 758 2883 corr
894 2850 937 2883 213
962 2861 1059 2894 sepae
1078 2852 1110 2883 P
1244 2852 1437 2886 noverimus
1460 2855 1630 2896 proponit

162 2903 312 2938 Zinkius
