2032 3248
794 224 923 258 Liber
959 223 1022 257 111.
1571 225 1648 266 129

160 340 315 394 inquit,
358 341 540 393 superest
572 339 720 389 ania,
753 339 1008 393 cingulorum
1041 338 1180 380 Cinxia
1217 338 1493 391 replicationi,
1527 337 1649 380 Victa

161 412 200 451 et
240 409 373 450 Potua
414 408 695 450 sanctissimae
743 407 871 448 uictui
912 407 1107 460 potuique
1148 409 1374 460 procurant.
1427 419 1448 447 0
1489 408 1651 461 egregia

160 478 375 519 numinum
417 478 456 518 et
495 476 713 530 singularis
754 475 1039 528 interpretatio
1081 477 1352 528 potestatum:
1395 476 1473 517 nisi
1513 478 1648 528 postes

161 546 341 587 uirorum
382 545 536 598 adipali
578 544 755 599 unguine
796 544 1076 585 oblinerentur
1113 544 1163 585 ab
1196 545 1368 596 sponsis,
1410 544 1488 585 nisi
1519 544 1650 598 uirgi-

133 614 270 656 snalia
301 615 465 655 uincula
496 613 579 655 iam
611 613 813 654 feruentes
845 612 1114 654 dissoluerent
1136 614 1256 665 atque
1278 613 1541 654 imminentes
1562 625 1650 654 rna-

161 683 251 733 riti,
289 682 367 723 nisi
399 682 587 734 potarent
618 683 660 722 et
690 681 928 722 manderent
959 681 1162 731 homines,
1202 681 1243 722 di
1274 682 1436 722 nomina
1466 693 1545 722 non
1576 682 1649 722 ha-

161 752 330 793 berent?
372 750 482 803 quid,
526 750 632 803 quod
662 763 742 792 non
783 749 962 791 contenti
1004 751 1091 791 tam
1133 749 1382 791 deformibus
1422 750 1650 791 subdidisse

162 821 282 872 atque
313 819 548 872 inplicuisse
581 819 674 859 deos
706 819 827 868 curis,
861 819 1027 860 naturas
1058 818 1122 859 his
1152 817 1275 859 etiam
1306 818 1412 860 feras
1443 819 1652 860 truculen-

162 890 226 929 tas
262 888 484 938 immanes,
525 887 647 928 malis
680 887 902 940 gaudentes
933 899 1091 939 semper
1123 888 1162 928 et
1193 887 1360 928 humani
1391 887 1550 941 generis
1581 887 1653 927 ad-

117 971 149 994 10
162 955 346 997 tribuitis
386 956 594 997 uastitate.
643 968 720 997 non
759 955 1168 997 commemorabimus
1199 956 1272 997 hoc
1311 957 1398 997 loco
1429 956 1544 997 deam
1574 956 1652 997 La-

163 1037 328 1066 uernam
369 1024 527 1074 furum,
560 1024 750 1066 Bellonas
782 1025 1014 1066 Discordias
1045 1025 1189 1068 Furias
1228 1026 1268 1066 et
1299 1026 1415 1066 laeua
1446 1025 1519 1066 illa
1554 1037 1655 1078 quae

164 1093 412 1134 constituitis
443 1093 615 1135 numina
646 1094 945 1135 taciturnitatis
976 1093 1138 1135 silentio
1170 1093 1496 1147 praeteribimus.
1541 1093 1653 1134 Mar-

162 1162 246 1202 tem
286 1162 419 1214 ipsum
461 1175 656 1214 ponemus
688 1163 731 1203 in
762 1163 894 1204 medio
927 1166 966 1204 et
998 1163 1221 1215 speciosam
1258 1162 1374 1204 illam
1406 1161 1654 1214 Cupidinum

163 1230 349 1280 matrem,
384 1230 597 1283 exquibus
629 1244 754 1272 unum
786 1231 1007 1284 praeficitis
1036 1232 1213 1283 proeliiS,
1246 1231 1451 1272 amoribus
1481 1232 1655 1272 alteram

119 1300 203 1341 15613
234 1298 472 1352 cupiditatis
504 1299 652 1340 ardori.
694 1300 953 1353 potestatem,
986 1300 1134 1352 inquit,
1168 1299 1368 1341 bellorum
1389 1300 1499 1341 Mars
1521 1300 1653 1341 habet.

164 1368 354 1408 utrumne
386 1368 431 1408 ut
462 1368 573 1408 mota
614 1369 843 1419 compescat
882 1380 934 1408 an
973 1369 1019 1409 ut
1058 1368 1262 1409 cessantia
1295 1369 1335 1409 et
1367 1367 1504 1420 quieta
1543 1380 1655 1409 com-

164 1436 356 1477 moueat?
389 1449 484 1477 nam
516 1437 550 1477 si
572 1436 731 1477 sedator
753 1436 948 1478 militaris
970 1437 1152 1479 insaniae
1181 1440 1255 1487 est,
1287 1449 1357 1478 cur
1378 1437 1526 1478 cotidie
1547 1438 1656 1479 bella

165 1516 244 1545 non
276 1504 451 1546 desunt?
483 1505 547 1545 sin
578 1506 715 1546 autem
746 1505 932 1546 conditor
961 1505 1127 1547 illorum
1160 1506 1234 1560 est,
1267 1506 1389 1547 deum
1420 1517 1514 1559 ergo
1545 1506 1655 1547 dice-

164 1585 255 1614 mus
287 1572 328 1614 in
360 1573 587 1626 uoluptatis
628 1586 722 1615 suae
764 1574 1020 1615 dulcedinem
1063 1574 1253 1616 collidere
1289 1574 1294 1630 1
1332 1575 1469 1616 orbem
1509 1575 1654 1626 totum,

119 1654 152 1679 ρο
165 1640 458 1683 discordiarum
481 1642 520 1683 et
541 1641 830 1683 discriminum
851 1654 991 1683 causas
1012 1642 1121 1684 inter
1138 1644 1280 1696 gentes
1302 1655 1432 1684 serere
1454 1644 1655 1684 terrarum

165 1709 463 1763 longinquitate
505 1710 726 1761 diiunctas,
776 1711 996 1752 conducere
1027 1723 1073 1751 ex
1115 1711 1275 1752 diuerso
1314 1713 1378 1752 tot
1418 1711 1654 1753 mortalium

166 1777 282 1819 milia
312 1780 352 1819 et
383 1779 494 1819 intra
516 1778 629 1819 uerbi
650 1779 770 1819 unius
792 1790 925 1820 moras
958 1791 1121 1831 campos
1153 1780 1417 1821 cadaueribus
1446 1793 1654 1834 aggerare,

166 1846 407 1900 sanguineos
437 1847 705 1899 praecipitare
737 1848 958 1899 torrentes,
991 1847 1279 1888 fundatissima
1309 1848 1442 1889 delere
1471 1848 1655 1901 imperia,

167 1926 336 1967 aequare
366 1916 485 1956 urbes
517 1915 622 1965 solo,
655 1915 891 1957 libertatem
922 1915 1111 1969 ingenuis
1150 1916 1344 1970 abrogare
1374 1917 1414 1957 et
1444 1916 1654 1957 seruitutis

123 1994 153 2018 2⁵
169 1982 445 2025 condicionem
478 1984 703 2037 imponere,
742 1984 1060 2025 dissensionibus
1091 1984 1266 2037 gaudere
1297 1983 1509 2033 ciuilibus,
1546 1995 1655 2024 com-

168 2052 433 2094 morientium
466 2053 642 2094 fratrum
673 2053 877 2105 parricida
907 2065 1001 2094 nece
1032 2054 1073 2093 et
1101 2052 1151 2093 ad
1184 2053 1380 2094 ultimum
1409 2051 1587 2092 filiorum
1616 2052 1655 2092 et

167 2121 331 2172 patrum
372 2122 605 2173 parricidali
644 2121 939 2175 congressionis
977 2121 1149 2161 horrore.
1197 2121 1302 2172 quod
1340 2121 1475 2173 ipsum
1516 2118 1655 2160 licebit

168 2188 210 2228 in
242 2189 439 2230 Venerem
470 2190 557 2242 pari
588 2192 710 2242 atque
732 2190 869 2231 eadem
893 2190 1048 2231 ratione
1070 2190 1291 2230 traducere.
1340 2201 1433 2229 nam
1455 2188 1487 2228 si
1509 2188 1656 2228 amoris

214 2381 231 2413 1
258 2381 382 2424 inquid
416 2382 450 2415 P
474 2392 556 2415 corr
741 2382 775 2414 in
811 2392 866 2425 my
1111 2380 1213 2414 Victa
1238 2380 1328 2413 Sao.-
1366 2379 1440 2412 nita
1466 2379 1500 2412 P
1532 2378 1658 2412 Victua

176 2436 241 2470 Urs
378 2438 399 2470 2
420 2438 509 2471 Pota
540 2440 719 2471 (ructet-ns
857 2437 1021 2481 aegregie.
1038 2438 1072 2470 P
1208 2438 1229 2469 3
1248 2437 1516 2480 interpraetatio
1536 2438 1570 2470 P

169 2494 189 2526 6
213 2493 260 2526 dii
287 2506 304 2528 c
448 2499 469 2523 s
495 2496 585 2528 curis
613 2495 703 2528 Sub:
741 2494 846 2527 curiis
874 2494 907 2527 P
1053 2496 1194 2527 naturas
1226 2495 1311 2526 Hel:
1349 2495 1509 2527 naturam
1535 2494 1569 2526 P

169 2550 188 2583 9
214 2552 414 2595 attribuitis¹
442 2552 531 2586 Sub:
557 2551 749 2585 adtributis
772 2551 802 2583 P
942 2552 983 2583 lo
1007 2551 1213 2584 uastitatem
1241 2550 1314 2584 sab
1453 2560 1657 2583 commemo-

170 2607 321 2641 rabimus
346 2608 428 2642 Gal:
456 2607 801 2642 ‹soinmemorauinius
822 2608 855 2640 P
992 2606 1184 2639 Lauernam
1212 2606 1303 2640 Sao.-
1328 2607 1507 2640 laternam
1535 2607 1569 2639 P

170 2664 210 2697 11
237 2665 316 2697 lona.
342 2666 375 2698 Ρ
517 2666 555 2698 12
583 2664 849 2708 praeto-ribirnus
875 2663 1081 2697 Mearstus:
1117 2664 1344 2706 praeterimus
1371 2664 1404 2696 P
1542 2665 1583 2697 14
1607 2664 1657 2697 al-

169 2724 279 2755 teram
308 2723 613 2756 Ja'lnzoulmrste'as.·
647 2722 793 2755 alterurn
822 2721 855 2754 P
1005 2721 1046 2754 15
1071 2723 1105 2753 ot
1132 2721 1223 2754 Sab:
1257 2732 1294 2753 vx
1322 2721 1355 2753 P
1500 2721 1538 2755 17
1564 2722 1657 2754 uella

172 2778 206 2810 P
222 2788 300 2811 corr
437 2781 475 2812 21
506 2779 697 2813 disiunctas
726 2778 795 2811 Sal>
932 2778 974 2810 24
1001 2778 1073 2811 solo
1100 2778 1193 2811 Sao:
1219 2778 1283 2810 soli
1311 2778 1345 2810 P
1479 2779 1522 2811 ⁴26
1547 2778 1657 2821 parri-

172 2834 248 2867 cida
273 2836 412 2869 seclusit
440 2837 587 2880 Huyiw·
726 2840 800 2867 nece
832 2835 863 2867 I’
1000 2834 1039 2866 27
1067 2834 1266 2877 parricidali
1292 2835 1433 2868 seclusit
1461 2835 1612 2868 Ziukius

311 2904 370 2938 IV.
1503 2905 1522 2934 ς,

1667 957 1719 997 26

1669 1586 1690 1618 f.
1708 1587 1750 1619 74

1671 2127 1721 2167 27
