2032 3248
785 243 914 277 Liber
939 243 985 278 II.
1568 243 1623 285 49

142 358 372 400 hominibus
417 359 544 400 caecis
583 362 623 400 et
665 370 806 399 reuera
842 359 882 398 in
920 359 1130 410 impietate
1175 358 1417 411 degentibus
1463 357 1628 411 pietatis

143 427 300 479 aperuit
338 427 478 468 ianuas
516 431 555 468 et
587 428 649 468 cui
682 440 722 468 se
752 427 1056 468 summitterent
1093 426 1323 468 indicauit?
1369 439 1418 467 an
1449 426 1536 467 ulla
1566 429 1628 467 est

142 495 287 548 religio
325 496 456 536 uerior
494 496 707 537 officiosior
743 496 948 548 potentior
984 496 1149 544 iustior,
1197 507 1318 548 quam
1356 495 1475 536 deum
1515 495 1629 548 prin-

144 563 273 615 cipem
294 575 420 613 nosse,
453 565 553 605 scire
575 564 646 604 deo
668 564 839 617 principi
863 564 1100 616 supplicare,
1132 563 1201 616 qui
1224 564 1418 604 bonorum
1447 564 1628 604 omnium

116 631 252 672 ssolus
284 636 402 684 caput
433 635 472 673 et
504 632 591 674 fons
621 635 682 673 est
713 635 943 685 perpetuus,
976 633 1213 673 cunctarum
1243 634 1358 684 pater
1378 632 1570 673 fundator
1590 635 1630 673 et

143 701 323 741 conditor
353 714 506 751 rerum,
547 714 570 742 a
599 712 676 753 quo
707 701 841 742 omnia
878 702 1037 742 terrena
1073 701 1294 752 cunctaque
1325 700 1515 741 caelestia
1544 701 1631 741 ani-

144 771 308 809 mantur
329 772 443 810 motu
464 770 763 823 irriganturque
785 769 916 818 uitali,
948 772 988 810 et
1010 769 1077 822 qui
1100 769 1133 810 si
1155 780 1233 809 non
1256 771 1372 821 esset,
1404 768 1516 809 nulla
1536 780 1626 821 pro—

145 837 248 878 fecto
270 850 331 878 res
352 840 458 879 esset
482 850 583 890 quae
605 838 767 890 aliquod
788 849 934 879 nomen
955 837 1307 889 substantiamque
1327 839 1518 889 portaret.
1553 837 1631 878 nisi
1647 840 1670 879 3

144 905 246 946 forte
278 906 489 955 dubitatis,
521 919 572 947 an
595 906 648 947 sit
670 906 746 947 iste
768 906 816 947 de
840 919 917 958 quo
938 906 1143 958 loquimur
1172 906 1403 958 imperator,
1436 908 1476 946 et
1499 906 1632 959 magis

101 991 131 1014 10
145 986 228 1015 esse
245 974 479 1026 Apollinem
499 975 677 1022 creditis,
711 975 883 1015 Dianam
915 975 1160 1015 Mercurium
1182 974 1370 1016 Martem.
1407 975 1458 1015 da
1488 986 1631 1015 uerum

145 1043 353 1089 iudicium,
386 1046 426 1084 et
457 1043 553 1084 haec
584 1044 718 1084 omnia
738 1043 1064 1096 circumspiciens
1096 1055 1196 1096 quae
1217 1043 1403 1084 uidemus
1426 1043 1557 1096 magis
1581 1054 1631 1082 an

146 1111 229 1151 sint
260 1112 316 1152 dii
346 1112 466 1152 ceteri
500 1111 708 1152 dubitabit
739 1124 859 1164 quam
895 1110 899 1167 Ι
935 1112 975 1152 111
1008 1114 1080 1153 deo
1103 1111 1372 1161 cunctabitur,
1406 1124 1525 1163 quem
1549 1123 1633 1152 esse
1648 1117 1724 1149 ΗΘ

146 1191 284 1221 omnes
317 1180 557 1221 naturaliter
588 1180 757 1228 scimus,
798 1180 883 1220 siue
916 1193 1007 1220 cum
1039 1179 1313 1220 exclamamus
1343 1191 1364 1219 o
1396 1180 1513 1227 deus,
1547 1179 1634 1220 siue

147 1261 238 1289 cum
261 1248 379 1288 illum
401 1252 546 1290 testem
568 1250 594 1299 †
617 1250 735 1289 deum
757 1248 1043 1289 constituimus
1064 1248 1341 1300 improborum
1363 1251 1402 1288 et
1425 1248 1540 1300 quasi
1562 1259 1634 1288 nos

102 1330 132 1354 1⁵
147 1319 283 1357 cernat
327 1317 470 1357 faciem
508 1317 769 1358 subleuamus
808 1318 856 1358 ad
895 1316 1064 1357 caelum.
1116 1315 1186 1356 sed
1224 1316 1446 1356 minoribus
1477 1316 1634 1369 suppli-

147 1397 237 1426 care
268 1385 345 1425 diis
383 1385 565 1426 homines
605 1385 751 1426 uetuit.
803 1385 859 1425 dii
899 1385 1005 1425 enim
1037 1385 1210 1425 minores
1249 1385 1316 1436 qui
1349 1384 1432 1424 sint
1462 1385 1533 1424 aut
1563 1384 1633 1425 ubi

147 1453 229 1493 sint
275 1454 420 1494 scitis?
469 1454 706 1506 perstrinxit
751 1465 821 1494 uos
869 1452 1086 1505 aliquando
1132 1452 1305 1505 suspicio
1351 1452 1514 1493 illorum
1565 1453 1636 1492 aut

148 1521 312 1571 mentio,
345 1523 390 1562 ut
421 1522 566 1563 merito
604 1521 744 1562 feratis
783 1521 948 1575 indigne
987 1521 1202 1574 abrogatos
1233 1520 1295 1561 his
1327 1520 1461 1561 cultus
1493 1524 1533 1561 et
1564 1521 1634 1562 ho-

148 1590 255 1630 noris
286 1590 543 1642 inpertitione
574 1591 793 1631 uiduatos?
824 1591 928 1642 quod
951 1590 983 1630 si
1007 1602 1082 1630 non
1107 1590 1257 1631 mentis
1279 1589 1401 1631 elatio
1425 1592 1464 1631 et
1486 1590 1635 1643 typhus

103 1659 215 1711 20qui
258 1659 487 1711 appellatur
519 1673 541 1700 a
573 1659 736 1699 Graccis
775 1659 955 1699 obstaret
992 1661 1112 1711 atque
1151 1658 1327 1699 officeret
1359 1658 1492 1709 uobis,
1531 1658 1634 1699 iam-

150 1727 302 1767 dudum
334 1728 434 1768 scire
467 1727 713 1780 potuissetis,
746 1728 842 1780 quid
874 1730 944 1768 aut
973 1739 1095 1779 quare
1124 1726 1375 1779 prohibuerit
1397 1727 1495 1776 fieri,
1528 1727 1635 1767 intra

150 1795 245 1835 fines
291 1808 389 1847 quos
435 1800 541 1837 stare
586 1796 823 1850 religionem
864 1795 1038 1836 uoluerit
1078 1808 1236 1838 ueram.
1284 1797 1486 1846 quantum
1522 1795 1636 1836 uobis

150 1863 374 1916 periculum
419 1866 648 1905 nasceretur
693 1877 738 1904 ex
783 1875 826 1904 eo
873 1863 978 1916 quod
1031 1864 1186 1915 putatis
1239 1864 1426 1915 obsequio
1480 1865 1545 1905 uel
1591 1876 1635 1904 ex

150 1932 296 1983 quibus
319 1932 437 1972 malis
460 1932 733 1984 emergeretis,
756 1932 789 1972 si
810 1931 1001 1972 insidioso
1019 1932 1306 1972 renuntiaretis
1324 1932 1459 1972 errori.
1492 1945 1633 1972 uerum
1651 1930 1672 1967 4

106 2000 245 2040 95111101·
296 2000 432 2040 omnia
481 2000 693 2040 inlustrius
745 1999 1171 2040 commemorabuntur
1221 2002 1260 2040 et
1310 2000 1490 2052 planius.
1543 2013 1633 2040 cum

151 2069 321 2108 ulterius
352 2081 513 2120 prorsus
546 2068 742 2109 fuerimus
775 2069 918 2109 euecti.
960 2068 1277 2108 monstrabimus
1300 2068 1405 2107 enim
1429 2066 1635 2108 Christum

151 2148 227 2177 non
267 2137 519 2188 impietatem
559 2136 738 2177 docuisse
769 2136 970 2183 nationes,
1009 2136 1077 2176 sed
1110 2136 1158 2176 ab
1191 2135 1417 2176 latronibus
1449 2136 1636 2188 pessimis

151 2205 391 2245 miserorum
431 2205 640 2246 hominum
680 2204 977 2256 inprudentiam
1017 2204 1255 2245 uindicasse.
1302 2215 1380 2243 non
1422 2204 1637 2253 credimus,

199 2431 219 2463 2
245 2431 492 2464 submitteront
521 2430 609 2464 Sub,
637 2442 653 2463 r
807 2431 827 2464 5
852 2431 1049 2474 perpetum,
1079 2432 1281 2463 cunctarum
1312 2429 1485 2463 Orellins:
1522 2441 1640 2474 perpe-

154 2489 293 2521 tuarum
324 2488 353 2520 1)
496 2489 605 2530 pater}
634 2486 763 2530 pariter
790 2487 859 2520 Sal)
998 2487 1040 2520 10
1065 2497 1206 2530 puerum
1237 2486 1385 2520 iudicem
1412 2488 1471 2521 uel
1495 2490 1639 2521 naturae

155 2545 321 2578 iudiciuin
342 2545 396 2578 uel
422 2555 541 2577 110111111
563 2544 697 2577 animae
722 2544 888 2577 iudicium
907 2543 1091 2577 Hcralzlus
1230 2544 1270 2576 14
1289 2543 1389 2576 deum
1416 2554 1469 2577 om
1490 2544 1554 2577 Gel
1579 2546 1639 2577 aut

156 2601 327 2634 uindicem
362 2601 379 2633 12
549 2600 784 2643 improborum
812 2600 902 2633 Sub.—
941 2599 1181 2642 improbzirum
1210 2601 1241 2633 Ι)
1411 2601 1454 2634 15
1478 2600 1639 2634 sublcba-

156 2669 231 2691 mus
261 2659 291 2690 I’
428 2658 468 2690 17
498 2656 701 2700 perstrinxit
729 2657 819 2689 Sub:
846 2656 1065 2700 μοι-1115111111
1092 2657 1125 2689 J’
1260 2657 1300 2690 19
1326 2657 1455 2700 typhus
1478 2658 1559 2691 Gel:
1584 2660 1638 2701 ty-

157 2725 218 2757 pus
246 2715 277 2747 Ρ
414 2715 457 2746 23⁴)
481 2714 539 2757 qui
568 2713 659 2746 Sub.-
684 2713 766 2755 quia
793 2713 826 2745 Ρ
962 2712 1158 2755 appellatur
1187 2713 1267 2746 stol:
1293 2714 1489 2756 appellatus
1517 2715 1550 2747 P

156 2772 197 2803 21
225 2772 301 2814 quit
328 2771 361 2803 J>
382 2781 461 2804 corr
621 2770 664 2803 23
692 2770 824 2812 putatis
850 2769 1057 2802 dubitanter
1090 2770 1276 2803 velderus:
1319 2771 1489 2813 putaretis
1517 2772 1551 2804 1¹

157 2828 200 2860 <243
226 2827 498 2861 monstrabimus
534 2827 622 2861 Sub.-
661 2826 934 2859 monstrauimus
960 2826 993 2858 P
1128 2827 1169 2859 27
1195 2827 1374 2871 impietate
1401 2829 1434 2861 P
1458 2839 1536 2861 corr
1561 2839 1578 2861 c

296 2918 357 2953 IV.
1483 2920 1504 2952 4
