2032 3248
249 802 299 839 19

315 214 371 256 42
948 208 1200 254 Appendix.

315 331 405 358 non
434 330 539 358 esse
561 319 832 366 condignas
860 316 1118 365 passiones
1146 314 1291 353 huius
1321 312 1556 360 temporis
1585 313 1643 350 ad
1673 322 1835 360 super-

315 391 581 428 uenturam
613 388 898 426 claritatem
928 397 1049 434 quae
1080 384 1402 423 reuelabitur
1433 382 1483 420 in
1510 382 1663 420 nobis.
1696 381 1836 420 etenim

317 470 443 497 secum
465 458 547 506 ipse
568 456 747 495 uoluebat
768 457 933 504 quantae
953 455 1090 493 mercis
1112 454 1294 492 existeret
1314 453 1358 490 ut
1379 452 1413 491 ei
1432 451 1492 490 cui
1510 451 1700 489 sufficeret
1716 453 1836 489 morte

316 539 442 566 carere
462 539 536 565 non
558 528 707 564 tantum
728 525 865 564 salutis
888 525 995 562 daret
1015 523 1238 571 praemium,
1263 523 1327 561 sed
1345 523 1383 560 et
1404 522 1655 560 conscendere
1674 520 1834 568 caelum,

316 597 461 635 caelum
482 597 580 644 quod
612 606 681 633 nec
709 594 844 642 fugata
863 593 929 631 lux
951 593 1053 641 cogit
1075 592 1114 630 in
1135 594 1284 630 noctem
1313 603 1380 629 nec
1402 590 1563 629 alternis
1583 590 1731 628 uicibus
1753 589 1834 627 dies
1848 604 1862 628 5

315 665 438 714 aperit
458 665 498 703 in
518 665 662 711 lucem,
695 665 760 702 sed
788 663 886 702 aeris
916 662 1053 711 liquidi
1086 673 1218 700 serena
1246 660 1450 708 temperies
1471 671 1538 708 per
1560 660 1695 697 sudum
1724 659 1834 707 igneo

316 735 464 783 fulgore
493 733 714 772 rutilantem
734 744 868 781 puram
898 731 1063 780 explicat
1084 730 1309 769 claritatem.

373 804 454 842 Iam
502 804 697 851 superest,
752 800 939 840 carissimi
986 801 1141 847 fratres,
1182 802 1225 838 ut
1273 800 1474 838 debeamus
1522 798 1722 837 ostendere
1776 797 1836 836 cui

314 873 369 911 rei
411 872 633 920 martyrium
660 870 795 919 prosit.
825 871 947 919 adque
974 870 1071 908 illud
1105 869 1273 917 profecto
1310 869 1510 907 doceamus
1547 869 1646 916 quod
1682 878 1751 906 nos
1787 867 1836 905 ad

314 943 415 980 hunc
463 941 606 990 gloriae
635 940 809 978 ‘titulum
855 941 979 977 metus
1029 939 1168 977 excitet
1217 938 1441 976 futurorum.
1506 938 1647 976 etenim
1696 937 1834 985 quibus
1848 949 1882 974 10

314 1022 453 1058 magna
503 1010 689 1058 promissa
732 1010 845 1054 sunt,
894 1008 1018 1056 magis
1061 1019 1201 1056 magna
1245 1009 1332 1046 sunt
1373 1018 1470 1055 quae
1514 1007 1717 1045 metuenda
1755 1006 1835 1045 illis

315 1090 398 1118 esse
439 1079 650 1117 uideantur.
706 1090 793 1116 nam
834 1089 903 1115 nec
944 1088 984 1115 se
1025 1077 1065 1115 in
1101 1089 1206 1115 arma
1245 1077 1356 1115 miles
1400 1076 1573 1115 accendit
1611 1076 1835 1124 priusquam

313 1148 467 1186 inimica
502 1147 625 1186 hostis
659 1148 738 1186 tela
777 1147 1036 1186 commouerit.
1086 1158 1155 1185 nec
1196 1158 1331 1185 nauem
1368 1146 1506 1194 aliquis
1543 1145 1707 1184 statione
1743 1145 1835 1183 sub-

314 1217 419 1256 ducit
458 1216 534 1255 nisi
576 1217 740 1255 animum
780 1216 908 1264 pelagi
948 1227 1066 1264 pauor
1097 1215 1309 1254 strinxerit.
1352 1216 1418 1254 sed
1450 1216 1488 1254 et
1523 1215 1718 1254 intentans
1754 1214 1834 1253 suis

313 1286 447 1335 opibus
470 1287 658 1324 scrutator
679 1285 847 1334 agricola
867 1297 942 1324 non
963 1286 1051 1323 ante
1073 1285 1177 1323 felici
1199 1287 1339 1323 terram
1366 1284 1529 1323 suscitat
1550 1295 1700 1323 uomere
1721 1296 1834 1333 quam
1850 1297 1881 1322 ιε

312 1356 353 1393 in
373 1355 570 1404 puluerem
591 1355 712 1393 imbre
734 1357 914 1402 concepto
935 1354 1060 1402 putris
1081 1354 1194 1402 gleba
1216 1354 1401 1393 soluatur.
1425 1354 1480 1391 ita
1501 1355 1561 1392 est
1577 1354 1699 1391 omnis
1720 1355 1833 1391 natu-

312 1424 407 1462 ralis
437 1424 501 1462 hic
529 1436 633 1471 usus,
663 1424 809 1462 n'escire
840 1423 931 1472 quid
961 1424 1084 1471 prosit
1111 1423 1187 1461 nisi
1209 1423 1413 1471 agnoueris
1434 1423 1535 1471 quod
1556 1423 1704 1462 occidit.
1735 1423 1833 1461 unde

313 1496 352 1532 et
373 1494 485 1532 datur
507 1493 650 1531 sanctis
671 1494 845 1532 omnibus
867 1492 1077 1540 praemium
1097 1494 1185 1530 dum
1215 1493 1440 1541 infliguntur
1469 1491 1624 1530 iniustis
1645 1493 1835 1530 tormenta

313 1563 512 1601 factorum.
545 1562 663 1611 igitur
684 1573 780 1611 quae
803 1562 881 1600 suis
903 1562 1119 1609 promiserit
1141 1562 1324 1599 Dominus
1353 1573 1461 1600 nemo
1493 1561 1555 1609 qui
1578 1561 1737 1609 nesciat,
1761 1562 1831 1600 du-

314 1632 417 1670 bium
440 1633 507 1670 sed
528 1643 596 1670 nec
619 1631 773 1680 quantis
794 1631 972 1669 minetur.
1005 1632 1044 1670 et
1066 1631 1241 1679 quoniam
1273 1631 1327 1669 ita
1349 1643 1389 1670 se
1411 1632 1552 1669 adtulit
1581 1643 1702 1670 sermo
1724 1634 1767 1670 ut
1788 1632 1832 1669 de
1846 1642 1880 1668 20

407 1796 426 1829 1
453 1795 630 1840 passionis
658 1795 713 1836 8¹,
740 1795 942 1839 passionem
971 1795 1000 1841 Q
1027 1795 1219 1839 (passiones
1244 1797 1304 1838 M)
1515 1796 1537 1830 3
1562 1796 1680 1840 ipsum
1707 1797 1742 1831 L

312 1854 467 1897 quanta*
494 1853 524 1899 Q
550 1854 718 1898 (quantae
743 1854 804 1898 M)
1062 1854 1188 1888 mercis
1214 1853 1326 1897 LPS,
1351 1865 1484 1889 merces
1509 1854 1635 1900 NQT,
1661 1854 1833 1889 mercedis

311 1922 332 1946 v
341 1925 350 1953 ;
377 1911 424 1954 cf.
444 1922 485 1955 p.
512 1914 568 1953 48,
595 1914 642 1946 14
835 1911 1026 1946 existerent
1053 1911 1097 1946 S¹
1267 1912 1365 1946 cuius
1392 1912 1422 1947 S
1580 1912 1604 1946 4
1629 1914 1764 1946 careret
1791 1912 1831 1958 Q,

312 1971 450 2004 cararet
476 1969 509 2003 Τ
661 1979 799 2003 non...
815 1969 915 2003 daret
940 1981 1007 2005 om.
1039 1969 1068 2015 Q
1232 1970 1326 2004 salus
1356 1971 1390 2005 T
1551 1970 1696 2004 daretur
1721 1970 1787 2005 S²v

311 2026 372 2061 sed
397 2037 490 2062 corr.
515 2027 557 2061 in
582 2029 674 2061 esset
702 2026 731 2072 Q
757 2027 831 2071 (sed
856 2027 917 2071 M)
1013 2027 1260 2062 conscenderet
1285 2027 1438 2073 LPQS¹
1540 2028 1562 2063 5
1587 2028 1661 2073 nec]
1689 2038 1731 2063 ne
1755 2028 1830 2068 Tg*

311 2083 434 2118 fucata
460 2084 496 2125 S,
525 2084 677 2118 fundata
705 2084 735 2130 Q
864 2085 925 2118 lux
954 2086 987 2120 T
1007 2085 1070 2120 sed
1094 2096 1139 2118 ux
1163 2086 1205 2119 in
1230 2096 1303 2120 ras.
1431 2086 1554 2120 alteris
1581 2086 1633 2120 L¹
1758 2086 1832 2121 die-

310 2142 377 2176 bus
402 2142 541 2187 apperit
565 2143 598 2177 T
719 2143 740 2177 6
765 2143 842 2176 luce
869 2142 912 2177 S¹
1030 2153 1090 2177 aer
1116 2142 1158 2177 S*
1284 2142 1432 2187 liquidis
1457 2144 1503 2186 L,
1528 2144 1559 2178 si
1584 2144 1715 2188 liquidi
1742 2144 1786 2179 S¹

312 2201 332 2234 9
358 2200 481 2244 prosit]
507 2201 668 2244 proposit
695 2200 725 2235 S
828 2202 935 2244 atque
961 2201 1003 2234 ut
1027 2212 1048 2236 v
1150 2201 1207 2235 illi
1232 2201 1412 2246 profectus
1442 2202 1475 2236 Τ
1566 2212 1655 2246 quos
1678 2213 1744 2236 nos
1769 2201 1830 2236 ad-

311 2257 381 2291 huc
409 2257 477 2302 QT
594 2259 638 2291 11
663 2258 779 2303 magis
806 2269 850 2293 επ
875 2259 1017 2304 magnis
1044 2259 1074 2294 S
1094 2270 1138 2294 m.
1165 2262 1189 2294 2
1313 2261 1397 2294 sunt
1422 2270 1489 2296 om.
1516 2260 1547 2295 S
1670 2260 1728 2294 illi
1756 2260 1786 2305 Q

313 2314 357 2349 12
370 2315 536 2350 uideatur
554 2317 620 2362 QT
710 2327 774 2351 nec
787 2327 852 2351 om.
871 2317 937 2363 QT
1027 2317 1079 2362 se]
1094 2317 1125 2351 si
1141 2317 1171 2363 Q
1264 2318 1371 2352 milex
1387 2318 1451 2364 QT
1544 2317 1705 2352 ascendit
1721 2317 1790 2362 QT

312 2373 356 2406 13
382 2373 429 2407 in.
455 2374 576 2408 hostes
602 2375 662 2409 uel
686 2386 722 2409 se
747 2374 794 2409 in.
823 2374 937 2409 hostis
962 2386 984 2410 v
1122 2375 1377 2410 commouerint
1402 2375 1549 2421 LPQT
1548 2387 1570 2411 v
1718 2375 1832 2420 aliqui

312 2431 498 2476 LNPQS,
526 2432 610 2476 aqui
640 2433 674 2467 Τ
878 2432 1053 2467 stationes
1082 2433 1120 2475 T,
1148 2432 1214 2467 sub
1241 2433 1396 2467 statione
1425 2433 1455 2479 Q
1480 2432 1649 2477 (statione
1675 2433 1738 2478 M)

313 2489 357 2522 14
383 2489 595 2523 strinxerint
621 2490 709 2524 P¹T
870 2490 914 2524 15
941 2492 1121 2525 scrutatur
1146 2491 1218 2525 LT
1381 2491 1516 2526 suscita
1544 2491 1613 2536 QT
1763 2491 1825 2525 bo-

312 2556 443 2580 merem
464 2546 493 2591 Q
511 2546 664 2591 (uomere
690 2547 763 2592 M),
789 2550 1017 2582 uomerentur
1044 2548 1077 2581 T
1169 2548 1212 2582 16
1229 2549 1374 2593 puluere
1395 2549 1425 2595 Q
1526 2548 1664 2582 inbrem
1682 2548 1788 2594 LQT

313 2605 435 2647 putres
463 2604 505 2638 S¹
660 2604 785 2648 glebas
815 2606 848 2639 T
984 2605 1025 2639 17
1052 2616 1115 2639 nec
1141 2606 1230 2640 scire
1260 2607 1292 2641 T
1452 2607 1497 2640 18
1523 2595 1600 2640 εὲίἶ
1616 2605 1702 2640 add.
1729 2606 1766 2640 P
1788 2606 1830 2640 in

314 2671 428 2705 mary.
593 2661 792 2706 infiguntur
818 2663 852 2696 P
1015 2663 1058 2697 19
1084 2663 1261 2697 facturum
1290 2664 1319 2709 Q
1481 2663 1596 2708 igitur
1611 2690 1619 2696 .
1634 2691 1643 2699 .
1659 2690 1665 2696 .
1682 2674 1716 2707 p.
1741 2665 1826 2704 4:212

313 2728 482 2762 exponam
500 2728 565 2752 om.
585 2719 621 2753 P
727 2730 827 2753 nemo
847 2719 921 2761 LS,
941 2720 1075 2754 nemini
1091 2721 1256 2766 NPQTv
1362 2721 1407 2756 20
1423 2731 1487 2755 nec
1504 2731 1569 2755 om.
1592 2721 1622 2766 Q
1639 2721 1736 2764 (eaeh.
1755 2721 1827 2764 M),

312 2785 376 2809 nec
399 2774 547 2809 dubium
572 2787 592 2810 v
732 2779 884 2821 quantos
908 2788 929 2812 v
1076 2778 1236 2812 minatur
1263 2779 1313 2824 Q‚·
1345 2778 1430 2814 add.
1457 2778 1618 2824 LNQT:
1644 2778 1827 2823 ignarum;

312 2832 398 2868 add.
424 2844 462 2867 v:
488 2832 590 2877 ignes
616 2833 869 2877 suppliciorum
1011 2836 1046 2869 et
1071 2846 1136 2870 om.
1164 2836 1245 2871 LN

2030 1797 2032 1813 -
2027 1770 2032 1789 m
2026 1677 2032 1764 nnn...
2024 1595 2032 1665 „an-u.
2026 1567 2032 1587 ,ι
2027 1554 2032 1560 Δ
2026 1478 2032 1541 ...un
2021 1064 2032 1467 um«-snzma-Qffl.ih—2
