2032 3248
774 230 900 263 Liber
927 230 971 264 11.
1558 230 1609 269 47

446 845 737 916 LIBER
796 843 1300 916 SECVNDVS

187 1015 284 1081 Hoc
316 1040 356 1079 in
387 1040 472 1080 1000
506 1039 627 1080 tribui
662 1038 694 1078 si
727 1037 813 1079 ulla
844 1036 1018 1079 facultas
1050 1040 1207 1091 posset,
1251 1037 1401 1078 uellem
1433 1049 1525 1078 oum
1556 1037 1652 1078 hisl

130 1109 314 1150 omnibus
347 1108 493 1161 quibus
528 1120 672 1148 nomen
705 1107 887 1148 inuisum
919 1108 980 1147 est
1016 1105 1167 1147 Christi
1200 1106 1249 1147 ab
1281 1107 1471 1148 instituta
1507 1106 1619 1158 prin-

131 1178 316 1230 cipaliter
361 1176 591 1217 defensione
637 1175 887 1216 deuerticulo
940 1175 1143 1228 paulisper
1194 1176 1300 1215 sacto
1351 1175 1453 1216 talia
1497 1175 1619 1215 uerba

103 1266 115 1289 ε,
132 1247 316 1287 111150616;
359 1246 391 1286 51
425 1245 581 1285 11111111111
614 1257 698 1286 esse
722 1244 871 1285 ducitis
895 1244 1184 1284 contumeliam
1207 1244 1442 1296 respondere
1464 1242 1620 1296 aliquid

133 1315 413 1368 interrogatos,
446 1314 684 1354 edissertate
716 1313 830 1353 nobis
863 1315 902 1353 et
934 1312 1076 1353 dicite:
1111 1312 1206 1365 quid
1238 1313 1315 1362 rei,
1349 1313 1446 1365 quid
1478 1324 1620 1354 causae

132 1385 203 1431 est,
236 1383 342 1435 quod
374 1383 460 1423 tam
492 1382 686 1435 grauibus
718 1381 976 1422 insectamini
1001 1380 1209 1422 Christum
1233 1381 1364 1431 bellis,
1397 1381 1462 1422 uel
1489 1380 1493 1435 1
1521 1389 1735 1434 0111151127ὴ

132 1453 216 1493 61115
256 1451 471 1492 continetis
511 1450 702 1500 offensas,
745 1452 791 1491 ut
822 1450 872 1491 ad
902 1450 987 1491 eius
1028 1450 1201 1490 nominis
1233 1450 1479 1491 mentionem
1512 1451 1620 1491 rabi-

131 1521 270 1561 dorum
304 1521 511 1571 pectorum
546 1518 818 1560 efferuesoatis
851 1518 1091 1559 ardoribus?
1127 1518 1325 1570 numquid
1356 1519 1512 1573 regiam
1544 1518 1621 1559 sibi

87 1588 342 1629 1ouindicans
374 1588 619 1640 potestatem
658 1589 862 1628 terrarum
901 1587 1037 1627 orbem
1077 1588 1268 1628 cunctum
1299 1587 1528 1640 legionibus
1560 1588 1622 1628 in-

134 1657 366 1697 festissimis
399 1656 614 1709 oeoupauit
645 1657 685 1696 et
716 1658 877 1708 pacatas
909 1655 958 1696 ab
991 1655 1150 1696 exordio
1181 1656 1363 1697 nationes
1391 1657 1491 1697 alias
1514 1656 1623 1697 dele-

144 1726 204 1766 uit
234 1739 278 1766 116
310 1725 477 1766 sustulit
508 1725 610 1766 alias
646 1724 722 1765 sibi
745 1737 882 1776 parere
904 1723 1126 1765 ceruicibus
1148 1725 1344 1778 compulit
1366 1725 1625 1779 subiugatis?

141 1794 338 1846 numquid
368 1793 578 1835 ardoribus
611 1793 807 1834 auaritiae
837 1792 1011 1846 flagrans
1043 1793 1250 1833 uniuersas
1281 1805 1374 1845 opes
1396 1794 1503 1842 illas,
1535 1794 1625 1845 qui—

137 1862 210 1902 bus
242 1875 282 1902 se
314 1875 439 1915 genus
470 1862 693 1903 humanum
717 1862 896 1902 studiose
926 1861 1134 1902 contendit
1157 1862 1331 1914 impleri,
1363 1862 1624 1914 possessionis

91 1950 120 1973 15
136 1942 229 1971 suae
273 1931 472 1983 mancipio
520 1930 775 1971 uindieauit‘?
823 1930 1020 1982 numquid
1067 1930 1285 1971 libidinum
1332 1930 1624 1982 cupiditatibus

135 1999 312 2052 gestiens
352 1999 570 2051 pudicitiae
611 1999 803 2052 repagula
834 1999 874 2039 ui
907 1997 1030 2052 fregit
1069 1999 1140 2039 aut
1179 1999 1322 2039 alienis
1354 1999 1494 2039 furtim
1526 1999 1625 2039 insi-

135 2068 269 2108 diatus
292 2070 352 2109 est
373 2068 675 2109 matrimoniis?
707 2067 904 2120 numquid
926 2068 1185 2121 adrogantiae
1207 2068 1420 2120 supercilio
1442 2068 1625 2109 tumidus

137 2136 303 2177 iniurias
335 2137 374 2176 et
396 2137 661 2177 contumelias
683 2137 834 2189 passim
856 2136 939 2177 sine
962 2136 1087 2177 ullius
1109 2148 1300 2189 personae
1322 2136 1624 2178 discriminibus

137 2204 370 2257 inrogauit‘?
401 2208 440 2245 et
473 2217 550 2245 non
583 2206 625 2245 111
657 2206 821 2246 cunctos
853 2206 893 2246 et
919 2205 1057 2246 lumen
1077 2205 1305 2258 praetendit
1327 2206 1436 2246 uitae
1457 2205 1497 2246 et
1517 2206 1622 2258 peri·
1642 2212 1664 2250 z

182 2395 203 2428 4
229 2394 437 2429 diuerticulo
466 2395 537 2429 Sal)
680 2397 700 2429 5
726 2395 854 2439 aliquit
884 2397 916 2429 P
940 2408 1020 2430 corr
1046 2408 1062 2431 c
1209 2398 1228 2430 G
1254 2397 1331 2441 quit
1358 2398 1391 2430 P
1415 2408 1496 2431 corr
1520 2409 1537 2432 c

138 2452 158 2485 8
183 2452 323 2485 offensas
353 2453 385 2485 P
544 2453 564 2485 9
590 2453 754 2496 numquit
782 2453 814 2486 P
838 2463 918 2487 corr
944 2456 973 2487 c'
1136 2454 1178 2487 13
1203 2454 1366 2497 numquit
1400 2455 1435 2488 P
1457 2464 1537 2488 corr

140 2508 181 2542 14
207 2516 309 2551 genus
336 2509 371 2542 P
506 2509 684 2543 studiosae
710 2510 742 2542 P
881 2510 922 2543 15
947 2511 1110 2554 numquit
1130 2511 1163 2544 P
1181 2521 1260 2545 corr
1400 2511 1440 2544 17
1466 2512 1627 2555 numquit

140 2564 172 2597 P
189 2576 267 2599 corr
394 2567 434 2600 18
451 2566 535 2599 ullis
554 2565 659 2599 ullius
680 2566 950 2601 massmannus
1073 2568 1114 2601 19
1134 2567 1169 2600 in
1190 2567 1344 2611 cunctos]
1364 2568 1498 2602 cunetis
1520 2568 1537 2602 .9

140 2622 334 2665 praetendit
358 2623 507 2666 scripsi:
539 2623 776 2666 praetenderit
802 2624 836 2657 P

272 2679 551 2720 47,19—52,20
582 2680 621 2713 in
659 2681 690 2713 P
726 2680 774 2714 sic
809 2691 844 2714 se
877 2681 1080 2724 excipiunt:
1121 2683 1155 2715 61
1188 2692 1255 2715 11011
1281 2696 1342 2716 am
1371 2682 1523 2716 omnium
1558 2683 1627 2716 uir-

140 2734 255 2767 tutum
281 2751 328 2770 511
353 2756 395 2759 —-
421 2736 590 2770 malorum
617 2738 718 2769 11111111,
743 2737 936 2780 experiatur
962 2738 1119 2771 examina
1144 2740 1262 2771 utrum
1290 2754 1352 2771 52:10
1377 2738 1412 2772 in
1431 2742 1573 2773 cunctos
1591 2742 1625 2773 61

141 2790 258 2824 lumen
283 2791 517 2834 praetenderit
534 2808 596 2827 «ω
614 2813 655 2816 ——
682 2793 831 2835 quadam
857 2793 1040 2827 dulcedine
1065 2796 1167 2838 atque
1185 2811 1233 2831 m,
1250 2805 1291 2828 ne
1317 2795 1418 2829 illum
1442 2796 1548 2830 tellus
1566 2811 1628 2831 ειη-ω

143 2856 171 2881 e.
196 2857 227 2890 q.
252 2857 279 2882 ε,
304 2848 352 2881 ad
377 2849 488 2882 uerba
512 2849 548 2882 iu
573 2852 714 2883 cunctos
740 2851 775 2883 et
799 2850 914 2884 lumen
940 2850 1132 2885 aduocauit
1155 2862 1284 2886 manus
1308 2852 1484 2896 quaedam
1508 2863 1626 2888 recen-
