2032 3248
355 231 438 274 308

401 343 655 387 certissimum)
669 343 727 387 88,
737 343 760 378 8
776 343 873 386 (11101
885 342 1002 387 magis
1011 341 1110 377 uide-

400 404 462 437 tur
480 400 727 446 dignissimus)
745 399 800 442 39,
813 400 836 434 4
861 401 949 444 (non
966 399 1110 434 similli-

1078 228 1213 263 Index

1179 342 1218 377 in
1259 342 1510 377 aestimatione
1551 343 1744 387 aequitatis
1782 344 1934 379 alicuius

1224 399 1424 444 ponendum
1449 400 1528 444 243,
1548 400 1588 434 17

387 470 498 494 'mum
510 457 588 494 ueri
600 459 665 501 est,
678 457 786 492 fidem
799 457 943 505 uicinis.
954 483 962 491 .
975 457 1111 502 ,quam)
1178 458 1381 491 aestuatum
1399 459 1464 501 est,
1490 457 1706 502 quibusnam
1723 458 1839 493 modis
1852 469 1932 503 pos-

401 516 479 559 264,
500 516 519 550 7
546 515 773 561 (plurimum.
790 542 796 548 .
812 515 950 559 .quam)

356 575 476 610 aditus
501 573 633 608 habere
657 572 823 607 ciuitatis
840 572 920 615 282,
937 571 960 606 8

355 631 496 668 adlusio
521 630 599 672 256,
620 630 665 664 21

354 686 656 724 admirationibus
703 685 884 720 uirtutum
929 686 1111 721 subleuari

400 746 479 788 202,
493 746 515 780 5

354 804 543 839 admonere
567 802 682 848 palati
708 802 823 837 otium
847 801 928 843 259,
948 801 991 835 13

355 861 527 906 quaedam
562 859 766 896 rationibus
798 858 939 894 numeri
969 857 1112 892 admota

401 919 455 961 67,
476 919 519 954 15

356 976 495 1011 adolere
522 974 672 1010 naribus
690 975 745 1018 95,
765 975 806 1010 17
832 973 973 1009 adolere
989 973 1112 1008 nenias

382 1034 385 1038 ’
404 1034 483 1075 259,
502 1033 542 1067 17
570 1032 680 1067 830118
694 1032 828 1067 adoleri
841 1030 1017 1067 altaribus
1033 1030 1112 1074 258,

400 1091 446 1126 20

354 1148 448 1184 falso
474 1150 510 1183 et
535 1146 755 1183 calumnioso
786 1146 957 1181 incessere
989 1148 1026 1182 et
1049 1145 1112 1182 ad-

400 1207 520 1251 petere
533 1207 682 1242 crimine
699 1205 754 1249 22,
772 1205 795 1240 8
821 1203 1034 1239 crudelitate
1050 1204 1114 1239 ad-

401 1264 536 1309 petitus
561 1263 616 1307 27,
633 1264 657 1298 4

356 1321 536 1366 applicare
559 1320 800 1365 potestatibus
825 1319 1016 1355 caelitibus
1033 1319 1111 1363 215,

404 1379 446 1413 19
486 1378 532 1413 ad
557 1378 614 1412 dei
638 1388 673 1413 se
709 1376 972 1412 misericordias
1005 1377 1112 1421 atque

401 1435 648 1480 indulgentias
666 1434 846 1480 adplicare
871 1434 927 1476 59,
946 1434 989 1469 15
1025 1433 1112 1479 quid

404 1492 619 1537 adplicitum
632 1493 797 1537 Iuppiter
810 1492 855 1527 ad
867 1492 965 1526 tauri
982 1491 1114 1526 habeat

403 1550 613 1594 sanguinem
638 1549 719 1594 254,
737 1550 782 1584 24

357 1607 546 1652 adplodere
573 1607 776 1652 pectoribus
800 1606 938 1651 palmas
965 1606 1042 1650 188,
1066 1605 1111 1641 24

357 1664 542 1709 adpositus
568 1664 764 1699 salinorum
790 1664 867 1707 102,
885 1664 929 1699 25

356 1721 556 1757 adscribere
572 1722 772 1757 infortunio
793 1721 1017 1766 uoluptatem
1035 1721 1112 1764 110,

405 1780 448 1815 18

357 1847 397 1871 ex
420 1837 472 1871 rei
506 1837 672 1882 cognitae
708 1836 976 1872 adseueratione
1011 1846 1114 1871 mon-

403 1896 517 1929 strare
544 1894 621 1939 152,
638 1894 683 1929 24

356 1950 542 1986 adsumere
558 1952 692 1986 famam
706 1950 963 1986 conservatoris
977 1950 1055 1993 282,
1068 1950 1111 1985 31

402 2008 590 2043 lasciuiam
608 2008 779 2044 surientis
796 2008 874 2051 200,
889 2008 909 2042 7

358 2065 561 2110 adsumptio
586 2066 837 2101 similitudinis
862 2065 916 2109 64,
935 2065 979 2100 14

358 2121 546 2157 adtrahere
585 2123 762 2159 lenocinia
806 2123 1035 2168 uoluptatum
1076 2132 1115 2157 ex

403 2179 549 2216 iniuriis
576 2180 651 2223 169,
672 2181 717 2215 25

359 2236 563 2272 adtribuere
579 2238 793 2273 medicinam
816 2238 873 2282 32,
893 2238 935 2273 16
960 2237 1116 2273 attribui

406 2294 559 2330 alicuius
573 2295 784 2330 criminibus
792 2295 824 2339 7,
833 2295 878 2331 20
893 2306 950 2331 res
959 2295 999 2330 in
1009 2305 1115 2330 usum

405 2352 621 2387 mortalibus
645 2352 851 2387 adtributae
878 2352 954 2396 147,
971 2352 1016 2387 22

360 2409 462 2453 quasi
483 2410 656 2454 quaedam
677 2409 838 2445 adulatio
859 2409 1013 2455 corporis
1037 2409 1116 2453 240,

407 2466 450 2501 15

359 2521 515 2558 adulteri
541 2523 722 2558 castitatis
749 2524 829 2567 168,
844 2524 867 2560 5

359 2580 490 2615 nothae
515 2581 621 2625 atque
646 2581 830 2616 adulterae
862 2581 1030 2616 lectiones
1057 2579 1116 2625 (de

406 2636 599 2682 alleyoriis)
625 2638 703 2681 206,
723 2639 765 2673 18

361 2702 466 2738 aegre
490 2695 598 2739 atque
621 2694 815 2740 aegerrime
842 2695 917 2738 119,
932 2695 953 2730 6

360 2750 567 2795 aenigmata
584 2767 628 2782 =
644 2753 818 2798 mysteria
843 2752 919 2794 122,
934 2752 978 2786 15

360 2807 478 2842 aerius
496 2808 646 2852 spiritus
671 2809 725 2852 89,
746 2809 789 2843 10
826 2820 885 2854 spe
903 2809 997 2844 aeria
1013 2809 1114 2845 blan-

406 2864 476 2900 diri
502 2866 558 2910 97,
570 2864 616 2899 20

1225 514 1280 549 set
1306 514 1382 558 183,
1397 514 1442 549 25

1179 570 1374 606 acuitatem
1421 571 1550 606 habere
1592 569 1796 607 conclusam
1834 573 1932 607 intra

1223 629 1330 664 huius
1342 629 1482 664 numeri
1498 629 1586 664 fines
1601 629 1675 671 181,
1692 629 1733 664 21
1760 630 1933 674 temporis

1225 686 1408 722 decurrere
1432 686 1627 721 acuitatem
1650 686 1705 730 66,
1725 687 1764 721 11

1179 754 1348 779 aeuorum
1371 743 1595 789 perpetuitas
1619 743 1675 787 73,
1694 744 1714 778 7

1180 801 1357 846 agellulus
1384 801 1437 844 15,
1454 801 1476 835 2

1179 869 1326 904 aggeres
1351 873 1395 889 =
1419 859 1553 894 tumuli
1575 859 1631 901 30,
1651 859 1694 894 17
1713 862 1718 866 ”

1179 917 1353 961 aggerata
1376 917 1550 951 uastitate
1574 915 1606 959 6,
1626 915 1669 950 14

1179 973 1367 1019 agitabilis
1391 984 1495 1009 sensu
1519 973 1618 1008 nullo
1643 973 1721 1015 283,
1739 972 1785 1008 30

1178 1031 1354 1076 agitatrix
1378 1031 1553 1066 siluarum
1581 1030 1656 1072 158,
1675 1030 1717 1064 21

1178 1089 1303 1134 magni
1328 1088 1484 1134 agminis
1510 1087 1654 1123 coluber
1679 1088 1756 1131 278,
1777 1087 1822 1122 28
1854 1097 1935 1132 pro-

1224 1148 1347 1191 perata
1364 1145 1521 1191 agminis
1545 1145 1774 1180 festinatione
1792 1145 1870 1188 281,
1886 1145 1929 1179 17

1179 1203 1342 1249 agniculi
1366 1203 1444 1246 246,
1462 1202 1507 1237 25

1179 1261 1294 1307 agunt
1318 1261 1484 1295 fortunae
1509 1259 1778 1296 discriminibus
1816 1259 1892 1302 110,
1913 1259 1935 1294 6

1224 1318 1443 1354 testimoniis
1483 1329 1589 1363 agere
1621 1319 1654 1362 6,
1670 1319 1712 1353 13
1759 1316 1846 1362 quid
1886 1316 1935 1351 sit

1226 1387 1306 1411 cum
1330 1376 1461 1411 animis
1486 1377 1607 1410 actum
1631 1376 1685 1417 98,
1712 1374 1756 1409 22

1179 1433 1248 1469 alis
1262 1433 1367 1478 typhi
1391 1435 1427 1468 et
1444 1432 1680 1478 adrogantiae
1697 1432 1821 1467 extolli
1838 1431 1896 1475 72,
1914 1431 1936 1466 3

1180 1491 1395 1526 alienatione
1420 1490 1559 1526 efferati
1583 1491 1735 1535 pectoris
1763 1489 1815 1532 13,
1835 1489 1877 1523 16

1180 1548 1287 1583 alites
1312 1549 1348 1583 et
1371 1547 1532 1583 uolucres
1558 1549 1695 1583 ceterae
1719 1548 1774 1590 95,
1794 1547 1837 1581 13

1179 1616 1251 1642 non
1276 1605 1321 1640 ab
1345 1605 1423 1650 ipso
1448 1616 1485 1640 se
1518 1605 1612 1640 alius
1636 1605 1715 1648 279,
1733 1605 1778 1639 26
1820 1605 1937 1639 cetera

1225 1673 1464 1708 quaecumque
1489 1664 1574 1697 sunt
1597 1662 1670 1697 alia
1694 1661 1748 1705 92,
1768 1662 1785 1695 1
1828 1664 1936 1706 atque

1226 1720 1291 1755 alii
1329 1720 1435 1755 ceteri
1472 1720 1548 1763 115,
1574 1719 1619 1754 20
1656 1720 1840 1763 ceteraque
1865 1719 1935 1753 alia-

1227 1778 1303 1820 148,
1321 1777 1365 1812 22

1181 1835 1358 1871 altaribus
1390 1835 1524 1869 adoleri
1557 1834 1668 1870 sacris
1699 1834 1776 1877 258,
1795 1834 1840 1869 20
1880 1844 1935 1868 sa-

1228 1892 1297 1928 cris
1325 1892 1509 1927 incendere
1537 1892 1711 1927 altaribus
1739 1891 1826 1926 thus
1855 1891 1934 1934 270,

1227 1950 1273 1985 25

1182 2006 1425 2043 altercabilem
1442 2017 1623 2042 conserere
1643 2017 1835 2042 sermonem
1854 2006 1932 2049 175,

1228 2065 1272 2100 28

1181 2122 1374 2157 alternatio
1398 2121 1524 2157 uitalis
1550 2122 1628 2165 261,
1646 2121 1690 2156 26

1181 2181 1220 2215 in
1245 2179 1437 2215 altioribus
1463 2180 1558 2214 stare
1582 2179 1660 2222 248,
1679 2179 1722 2213 17

1182 2237 1340 2273 altitudo
1377 2237 1544 2271 inuoluta
1579 2237 1744 2281 mysterii
1781 2236 1858 2279 203,
1892 2236 1933 2270 17

1227 2294 1424 2340 profundae
1448 2294 1505 2328 dei
1537 2294 1644 2338 atque
1677 2292 1935 2328 inenarrabiles

1228 2351 1440 2387 altitudines
1464 2351 1519 2393 25,
1540 2351 1582 2385 12

1182 2410 1328 2445 ridendo
1340 2420 1396 2444 res
1412 2407 1542 2453 puerili
1559 2407 1797 2442 alucinatione
1814 2407 1935 2441 ludere

1227 2467 1304 2510 220,
1322 2467 1364 2502 15
1389 2465 1523 2500 otiosae
1537 2464 1793 2500 alucinationes
1821 2464 1896 2507 171,
1913 2464 1936 2498 4

1181 2524 1315 2559 amasio
1342 2524 1418 2565 168,
1436 2522 1480 2557 23

1182 2582 1322 2616 amator
1334 2581 1392 2616 dei
1410 2580 1670 2626 ignominiosus
1684 2579 1760 2621 199,
1769 2579 1812 2614 18
1837 2587 1934 2613 ama-

1227 2640 1337 2679 tores,
1362 2637 1516 2673 adulteri
1541 2636 1722 2671 castitatis
1750 2636 1826 2679 168,
1843 2635 1867 2670 5

1181 2695 1353 2731 historiae
1370 2694 1583 2740 ambagibus
1599 2693 1802 2738 allegoricis
1820 2692 1932 2737 scrip-

1227 2754 1287 2787 tae
1311 2752 1388 2795 211,
1405 2752 1428 2786 4

1182 2809 1390 2844 ambifariae
1415 2820 1455 2844 ac
1479 2809 1657 2853 bilingues
1689 2807 1831 2842 fabulae
1855 2805 1934 2848 205,

1231 2866 1274 2900 10
1298 2866 1484 2901 ambifaria
1508 2865 1714 2901 obtentione
1738 2863 1816 2906 206,
1836 2863 1878 2897 13
