2032 3248
391 254 421 294 4
1019 247 1261 293 Appendix.

391 359 520 407 paucis
542 369 608 396 uos
630 369 703 396 non
723 367 820 394 nunc
841 356 1041 402 instruere,
1065 356 1129 393 sed
1151 354 1359 392 instructos
1381 353 1603 400 admonere,
1625 364 1671 390 ne
1696 353 1782 400 quia
1804 352 1903 391 male

393 429 480 465 sunt
500 427 629 465 uincta
649 425 806 464 uulnera
830 423 1008 463 sanitatis
1030 424 1214 462 obductae
1235 423 1482 471 perrumpant
1504 421 1730 460 cicatricem.
1753 421 1903 460 nullum

391 496 490 533 enim
517 496 658 534 malum
686 494 878 532 difficilius
907 492 1143 541 extinguitur
1173 504 1285 540 quam
1315 491 1414 539 quod
1446 490 1579 529 faciles
1600 491 1747 529 reditus
1769 492 1901 539 habet,

392 565 478 602 dum
500 566 538 602 et
556 563 812 602 multitudinis
833 573 1017 601 consensu
1039 561 1223 600 asseritur
1244 562 1282 598 et
1303 554 1543 599 excusatione
1566 560 1775 598 blanditur.

351 633 376 671 2
445 633 530 672 Non
565 633 694 680 pudet,
731 632 897 684 inquam,
920 643 993 669 non
1022 631 1138 679 pudet
1167 630 1299 668 fideles
1328 630 1501 668 homines
1531 631 1569 668 et
1598 629 1799 667 christiani
1828 628 1933 667 sibi5

390 702 549 741 nominis
578 701 839 740 auctoritatem
866 701 1101 738 uindicantes
1132 698 1422 747 superstitiones
1454 710 1574 737 uanas
1596 697 1796 747 gentilium
1818 710 1903 737 cum

389 770 613 818 spectaculis
653 771 791 808 mixtas
834 770 879 807 de
919 768 1118 816 scripturis
1155 767 1384 807 caelestibus
1420 767 1615 806 uindicare
1652 769 1690 806 et
1732 767 1902 806 diuinam

387 839 651 878 auctoritatem
687 838 921 877 idololatriae
956 838 1140 876 conferre.
1172 850 1262 875 nam
1298 838 1446 885 quando
1484 837 1523 875 id
1554 837 1655 885 quod
1684 837 1723 874 in
1760 838 1902 875 honore

387 909 546 947 alicuius
573 908 664 946 idoli
692 908 738 946 ab
761 907 922 946 ethnicis
944 907 1071 956 agitur
1092 920 1114 945 a
1135 906 1312 945 fidelibus
1334 906 1556 945 christianis
1579 907 1796 954 spectaculo
1819 906 1897 944 fre-

385 979 598 1025 quentatur,
636 979 673 1015 et
708 977 923 1015 idololatria
951 976 1107 1025 gentilis
1151 976 1336 1014 asseritur
1371 977 1410 1014 et
1446 976 1486 1013 in
1521 975 1792 1014 contumeliam
1830 974 1903 1013 Dei
1918 985 1953 1010 10

383 1046 517 1094 religio
548 1057 637 1084 uera
657 1048 695 1084 et
716 1045 845 1084 diuina
866 1046 1045 1084 calcatur.
1078 1045 1199 1094 pudor
1221 1057 1280 1084 me
1301 1047 1406 1084 tenet
1427 1045 1749 1094 praescriptiones
1771 1056 1902 1083 eorum
1925 1059 1936 1070 ·

383 1116 422 1153 in
443 1117 514 1153 hac
535 1127 647 1153 causa
668 1117 705 1153 et
731 1114 943 1163 patrocinia
970 1114 1125 1153 referre.
1158 1104 1265 1166 ‘ubi'‚
1288 1114 1488 1163 inquiunt,
1519 1106 1679 1162 ‘scripta
1701 1116 1791 1152 sunt
1811 1114 1902 1162 ista,

386 1185 450 1222 ubi
484 1185 702 1232 prohibita?
736 1184 903 1232 alioquin
939 1186 977 1222 et
1013 1184 1147 1232 auriga
1188 1185 1248 1222 est
1277 1183 1399 1222 Israel
1428 1184 1563 1222 Helias
1594 1185 1631 1223 et
1659 1185 1746 1223 ante
1777 1195 1903 1222 arcam

385 1253 507 1291 Dauid
528 1254 606 1301 ipse
628 1252 796 1291 saltauit.
828 1253 943 1291 nabla
964 1265 1123 1302 cynaras
1146 1264 1234 1291 aera
1250 1255 1432 1302 tympana
1450 1253 1566 1291 tibias
1582 1253 1751 1292 citharas
1769 1254 1904 1292 choros

385 1323 557 1370 legimus.
591 1322 785 1369 apostolus
817 1333 964 1370 quoque
993 1322 1180 1360 dimicans
1209 1323 1359 1361 caestus
1381 1324 1420 1361 et
1441 1323 1725 1361 colluctationis
1748 1324 1902 1361 nostrae
1918 1335 1950 1361 15

385 1392 564 1429 aduersns
586 1391 776 1439 spiritalia
797 1391 989 1439 nequitiae
1011 1391 1189 1439 proponit
1211 1394 1415 1430 certamen.
1447 1404 1580 1430 rursus
1603 1403 1688 1430 cum
1709 1392 1755 1430 de
1776 1391 1899 1431 stadio

386 1460 500 1499 sumit
534 1461 716 1509 exempla,
755 1473 913 1500 coronae
943 1472 1090 1509 quoque
1121 1461 1283 1500 collocat
1316 1462 1497 1510 praemia.
1532 1474 1597 1500 cur
1634 1473 1722 1510 ergo
1759 1461 1905 1500 homini

386 1530 590 1569 christiano
626 1530 729 1568 fideli
765 1543 839 1569 non
872 1531 987 1569 liceat
1017 1532 1189 1579 spectare
1220 1531 1320 1579 quod
1350 1531 1460 1570 licuit
1482 1531 1622 1570 diuinis
1644 1532 1785 1570 litteris
1807 1530 1902 1569 scri-

384 1588 514 1637 bere'?
548 1599 677 1637 hocin
712 1600 793 1638 Ioco
829 1611 904 1638 non
941 1600 1129 1639 immerito
1168 1600 1327 1638 dixerim
1363 1601 1476 1649 longe
1505 1601 1640 1639 melius
1669 1600 1786 1639 fuisse
1816 1599 1903 1638 istis

385 1669 509 1707 nullas
538 1670 686 1708 litteras
716 1681 826 1708 nosse
855 1682 967 1718 quam
989 1670 1043 1709 sio
1064 1670 1216 1709 litteras
1237 1671 1377 1719 legere.
1409 1672 1527 1710 uerba
1548 1672 1649 1710 enim
1670 1673 1707 1710 et
1730 1670 1903 1719 exempla
1917 1682 1954 1708 20

385 1749 478 1785 quae
514 1739 560 1776 ad
590 1739 889 1778 exhortationem
923 1739 1166 1788 euangelicae
1187 1740 1343 1779 uirtutis
1371 1741 1497 1789 posita
1526 1742 1616 1779 sunt
1644 1741 1692 1779 ad
1721 1739 1903 1778 uitiorum

383 1807 593 1854 patrocinia
622 1808 923 1848 transferuntur:
957 1808 1134 1857 quoniam
1169 1821 1243 1848 non
1271 1812 1314 1848 ut
1350 1812 1614 1858 spectarentur
1646 1810 1724 1848 ista
1759 1810 1903 1857 scripta

474 2010 494 2044 1
518 2021 611 2045 nunc
634 2021 705 2045 non
730 2022 752 2047 υ
846 2011 907 2046 sed
931 2014 968 2046 et
991 2013 1024 2047 Z
1115 2012 1316 2058 admonere]
1342 2023 1506 2048 amouere
1531 2013 1566 2048 Z
1656 2014 1715 2059 ne]
1739 2025 1802 2049 nec
1827 2014 1861 2049 Z

382 2067 404 2101 2
436 2069 519 2102 sunt
550 2079 583 2101 u.
617 2068 779 2114 uulnera]
810 2069 998 2104 metuende
1039 2071 1124 2104 sunt
1158 2070 1364 2115 uoluptates
1396 2071 1430 2106 Z
1683 2073 1831 2107 sanitati
1862 2072 1905 2114 Z,

383 2126 518 2160 sanitas
543 2139 567 2170 μ
691 2129 896 2172 perrumpat
920 2141 956 2172 μ,
982 2130 1219 2173 prorumpant
1243 2139 1272 2171 r,
1298 2130 1527 2173 corrumpant
1551 2130 1588 2164 Z
1699 2131 1721 2165 3
1746 2130 1903 2165 redictus

383 2183 436 2226 μ’,
462 2183 580 2218 aditus
604 2195 624 2219 r
771 2185 793 2220 5
816 2196 885 2220 non
910 2185 1032 2230 pudet,
1057 2187 1204 2231 inquam
1229 2198 1261 2229 v,
1287 2187 1435 2231 inquam
1459 2187 1494 2221 Z
1630 2188 1790 2223 infideles
1814 2189 1849 2223 Z

382 2239 403 2273 6
428 2241 595 2287 nominis]
621 2233 719 2277 infus
744 2243 778 2277 Z
920 2245 1046 2288 uanas]
1071 2243 1191 2278 uarias
1217 2245 1245 2279 γ’
1386 2245 1406 2279 7
1431 2245 1544 2279 mixta
1569 2246 1604 2280 Z
1741 2246 1903 2281 diuinam

383 2306 447 2338 om,
474 2308 520 2342 νμ
630 2299 864 2335 S‘idolatriae
889 2301 969 2345 Ζτμ
992 2305 1036 2336 ut
1058 2312 1201 2346 semper
1313 2303 1453 2347 quando
1478 2314 1536 2348 νμ,
1564 2306 1739 2349 quomodo
1763 2304 1826 2339 Zv.
1852 2305 1900 2347 cf.

378 2365 417 2398 p.
442 2357 474 2397 6,
492 2359 514 2390 4
607 2358 629 2391 9
646 2357 853 2392 christianis
879 2369 946 2393 om.
964 2359 1016 2403 Ζ,-
1042 2359 1128 2394 item
1146 2360 1167 2394 l.
1186 2362 1254 2404 18;
1275 2370 1362 2406 pay.
1381 2363 1412 2403 5,
1431 2364 1492 2404 10;
1518 2364 1549 2405 6,
1566 2364 1632 2406 16,·
1648 2365 1681 2405 9,
1697 2363 1769 2403 20;
1784 2365 1839 2405 11,
1856 2364 1901 2406 2,-

383 2413 438 2453 12,
464 2414 500 2456 2,
524 2416 547 2448 9
716 2415 762 2449 10
778 2416 993 2450 contumelia
1018 2430 1043 2462 μ
1208 2418 1251 2452 11
1276 2409 1530 2463 §scriptionem
1553 2420 1587 2454 Z
1748 2419 1794 2455 12
1820 2430 1901 2464 pro-

384 2468 473 2504 ferre
498 2471 531 2505 Z
686 2472 731 2506 13
756 2473 915 2517 alioquin
939 2475 991 2519 et]
1017 2475 1177 2519 alioquin
1202 2489 1239 2521 μ,
1264 2486 1310 2510 an
1335 2476 1397 2520 qui
1421 2477 1483 2512 net
1507 2477 1540 2511 Z
1700 2477 1808 2512 israel
1833 2488 1899 2516 om,

383 2537 403 2561 r
426 2528 466 2562 in
491 2528 633 2573 lacuna,
659 2522 713 2565 {hl
739 2544 763 2576 μ
789 2541 870 2575 exp.
897 2535 930 2566 et
953 2532 994 2566 in
1017 2543 1119 2578 marg)
1142 2533 1237 2568 add:
1268 2534 1373 2568 israel
1513 2534 1637 2579 helyas
1659 2545 1689 2577 r,
1715 2534 1802 2569 elias
1828 2548 1854 2579 μ

385 2585 526 2619 archam
550 2597 596 2631 νμ
690 2587 734 2622 14
757 2588 908 2622 nabulas
933 2599 1083 2633 cynuras
1107 2590 1147 2632 Z,
1176 2601 1323 2635 cynaras
1348 2589 1457 2626 nabla
1480 2602 1500 2626 r
1596 2602 1676 2626 aera
1700 2602 1766 2627 om.
1793 2593 1852 2637 Ζμ

384 2643 571 2686 tympanos
597 2658 621 2689 μ
674 2646 759 2702 Α15
783 2646 966 2690 apostolus
984 2672 992 2680 .
1012 2674 1019 2680 .
1040 2673 1048 2681 .
1065 2647 1087 2681 l.
1107 2649 1152 2682 17
1176 2649 1334 2692 praemia
1358 2659 1424 2684 om.
1450 2660 1470 2684 r
1579 2650 1628 2695 et]
1655 2649 1900 2684 dimicationis

386 2701 421 2733 ct
444 2700 476 2733 Z
566 2701 609 2736 1ss
633 2703 771 2746 spualia
796 2716 821 2747 μ
915 2704 1111 2739 certamina
1135 2705 1176 2747 Z,
1201 2706 1407 2741 certaminis
1433 2718 1478 2742 ex
1503 2708 1682 2742 certamen
1707 2721 1732 2752 μ
1758 2718 1804 2744 m.
1828 2709 1856 2742 2

385 2767 464 2790 cum
489 2768 553 2793 om.
580 2772 604 2803 μ
756 2760 883 2795 stadiis
908 2762 1056 2796 summit
1080 2776 1105 2807 μ
1257 2764 1302 2799 18
1327 2765 1507 2809 expectare
1532 2766 1611 2810 Ζνμ
1759 2765 1804 2799 19
1828 2775 1900 2799 non

385 2813 562 2850 immerito
588 2826 653 2851 om.
678 2827 726 2862 τμ
850 2818 980 2853 fuisset
1003 2819 1037 2853 Z
1158 2820 1255 2866 istis]
1280 2821 1382 2856 nobis
1407 2822 1440 2856 Z
1562 2823 1610 2859 22
1634 2823 1902 2868 expectarentur

384 2871 493 2915 Ζνμῑ,
518 2875 758 2917 expcterentur
783 2874 828 2919 μ2
