2032 3248
757 257 888 291 Liber
924 257 964 290 v.
1517 262 1599 303 209

110 385 208 425 quos
240 372 388 413 ritibus
420 373 564 413 annuis
597 372 739 413 adorat
771 375 810 413 et
842 372 1096 414 concelebrat
1119 372 1299 422 Graecia,
1331 387 1461 415 nonne
1489 375 1598 416 illius

111 441 300 482 facinoris
333 440 649 481 similitudinem
672 440 794 481 refert
825 452 902 493 quo
934 453 974 481 se
997 440 1046 482 ab
1076 441 1212 482 debito
1236 442 1355 483 Liber
1377 443 1597 484 liberauit?

111 509 321 550 Eleusinia
351 509 425 549 illa
456 508 651 562 mysteria
682 510 721 549 et
752 520 956 550 sacrorum
997 509 1195 550 reconditi
1228 509 1333 551 ritus
1365 511 1479 551 cuius
1510 524 1599 552 me—

112 578 283 619 moriam
322 576 560 618 continent?
605 589 733 618 nonne
773 577 886 618 illius
927 578 1068 618 erroris
1115 590 1191 630 quo
1222 579 1263 619 in
1295 579 1402 620 filiae
1433 581 1599 632 conqui-

84 646 257 687 ⁵siti0ne
289 644 417 689 Ceres.
451 645 556 687 fessa
598 658 685 687 oras
718 649 763 686 ut
795 646 906 686 uenit
937 647 987 686 ad
1020 646 1192 695 Atticas,
1231 647 1414 688 triticeas
1459 648 1600 689 attulit

113 715 269 768 fruges,
301 714 575 755 Nebridarum
614 714 817 756 familiam
855 714 1049 767 pellicula
1090 715 1369 756 cohonestauit
1407 716 1599 757 hinnulae

113 784 153 823 et
184 783 286 824 illud
319 783 597 835 spectaculum
637 782 862 824 maximum
895 783 1101 824 Baubonis
1133 783 1174 823 in
1207 784 1444 836 inguinibus
1475 785 1596 825 risit?

113 852 183 892 aut
215 851 247 892 si
284 850 288 903 Ι
326 851 407 892 alia
439 863 558 892 causa
590 855 670 901 est,
704 852 806 892 nihil
838 851 889 893 ad
920 863 990 892 nos
1020 851 1153 899 istud,
1187 852 1405 894 dummodo
1435 865 1454 894 e
1475 866 1595 894 causa
1613 860 1738 893 rusb

114 921 258 961 cuncta
294 919 375 961 ista
413 920 601 961 confiant.
650 932 777 973 neque
817 920 923 961 enim
965 919 1158 961 credibile
1196 921 1256 961 est
1288 920 1413 961 nullis
1445 923 1604 962 antece-

70 1003 101 1026 10
115 988 302 1029 dentibus
346 988 478 1029 causis
519 989 705 1041 suscepta
743 988 841 1029 haec
873 1001 981 1038 esse,
1028 990 1100 1029 aut
1136 989 1311 1030 insanire
1342 989 1603 1030 iudicandum

116 1058 177 1097 est
199 1056 373 1105 Atticos,
409 1057 477 1109 qui
500 1057 579 1098 sibi
601 1057 727 1097 ritum
750 1057 958 1111 religionis
980 1057 1222 1098 adfinxerint
1243 1057 1461 1099 conflatum
1482 1058 1607 1099 ratio-

118 1125 236 1166 nibus
280 1125 417 1166 nullis.
465 1127 569 1178 quod
612 1125 645 1166 si
686 1125 816 1178 liquet
856 1128 896 1166 et
937 1127 1115 1174 constat,
1164 1125 1205 1166 id
1246 1128 1307 1166 est
1344 1126 1378 1167 si
1424 1139 1443 1167 e
1488 1128 1604 1168 rebus

118 1193 220 1235 actis
252 1194 541 1247 mysteriorum
573 1205 716 1235 causae
747 1195 868 1246 atque
890 1194 1066 1248 origines
1087 1193 1271 1236 effluunt.
1304 1194 1344 1235 in
1366 1194 1605 1248 allegoricas

117 1263 270 1314 species
301 1263 413 1303 nulla
445 1266 612 1315 possunt
644 1263 902 1304 Conuersione
932 1262 1104 1303 traduci.
1155 1262 1259 1315 quod
1297 1263 1404 1304 enim
1435 1263 1604 1313 factum,

76 1346 103 1369 1⁵
119 1332 280 1384 gestum
312 1332 384 1381 est,
419 1331 615 1373 infectum
637 1343 715 1372 non
736 1332 869 1384 potest
900 1332 983 1372 fieri
1015 1344 1149 1372 rerum
1178 1331 1416 1384 prohibente
1446 1333 1602 1374 natura.

118 1400 158 1439 et
189 1401 326 1440 tamen
358 1399 404 1440 ut
434 1399 550 1440 uobis
583 1400 641 1440 ita
672 1412 712 1440 se
743 1399 891 1441 habere
924 1400 1203 1441 adsentiamur
1234 1412 1295 1441 res
1327 1400 1440 1451 istas,
1473 1401 1514 1441 id
1547 1403 1607 1442 est
1623 1404 1676 1442 40

120 1469 164 1508 ut
196 1467 386 1509 historiae
418 1468 530 1509 aliud
563 1469 695 1510 uerbis
727 1470 881 1521 sonent,
916 1468 1047 1510 nescio
1079 1468 1176 1521 quid
1208 1469 1319 1509 aliud
1341 1481 1450 1510 more
1472 1470 1604 1510 hario-

119 1536 292 1577 lantium
334 1536 488 1583 dicant,
532 1537 591 1578 ita
621 1550 698 1578 non
729 1537 1078 1587 animaduertiffis,
1121 1550 1200 1578 non
1242 1537 1412 1587 uidetis,
1455 1540 1605 1590 quanta

120 1605 230 1645 istud
252 1605 411 1646 dicatur
440 1606 480 1646 et
506 1627 524 1647 >ie
548 1618 638 1646 611111
671 1606 893 1660 ignominia
915 1605 1001 1646 fieri
1034 1606 1358 1658 contumeliaque
1390 1607 1612 1648 diuorum?

75 1687 106 1712 20
122 1685 171 1713 an
213 1673 360 1715 iniuria
407 1675 569 1728 grauior
615 1674 700 1715 ulla
746 1674 852 1727 potis
894 1676 955 1715 est
996 1674 1182 1727 reperiri,
1231 1686 1351 1727 quam
1385 1676 1536 1715 terram
1568 1677 1608 1716 et

123 1742 305 1793 pluuiam
338 1743 401 1782 1161
424 1742 633 1794 quodlibet
654 1743 766 1783 aliud
785 1766 840 1771 —
862 1742 966 1783 nihil
990 1743 1097 1783 enim
1120 1743 1244 1783 refert
1265 1755 1366 1795 quae
1388 1742 1458 1783 fiat
1480 1743 1606 1784 inter-

124 1810 346 1861 pretatione
378 1811 583 1852 conuersio
614 1836 668 1841 —-
700 1811 808 1851 Iouis
832 1812 871 1851 et
902 1810 1058 1852 Cereris
1090 1811 1222 1852 dicere
1252 1812 1373 1864 atque
1403 1811 1608 1863 appellare

124 1878 383 1919 concubitum
423 1880 462 1919 et
494 1892 586 1920 cum
625 1880 791 1919 deorum
832 1878 1072 1920 criminibus
1105 1879 1238 1920 labem
1271 1879 1416 1920 imbris
1448 1892 1467 1920 e
1498 1880 1605 1920 caelo

124 1953 162 1986 et
194 1947 355 1987 telluris
387 1946 614 2001 significare
646 1947 881 1988 madorem?
922 1948 1056 1999 potest
1087 1947 1366 2000 inreligiosius
1398 1948 1606 2001 quippiam

78 2031 108 2056 25
124 2016 190 2056 uel
223 2015 447 2056 existimari
487 2015 550 2056 uel
590 2015 699 2056 credi
738 2028 858 2067 quam
891 2015 1045 2056 semina
1076 2016 1194 2056 terris
1226 2028 1356 2056 mersa
1387 2016 1452 2057 uel
1483 2016 1610 2068 quod·

126 2084 226 2125 libet
265 2084 374 2125 aliud
412 2109 463 2113 —
500 2084 604 2124 nihil
637 2084 745 2124 enim
777 2083 969 2125 similiter
1000 2083 1122 2124 refert
1158 2109 1211 2112 —
1251 2086 1413 2136 raptum
1443 2084 1609 2125 Proser-

125 2153 242 2206 pinae
285 2153 415 2194 (116616
456 2154 495 2194 et
538 2164 629 2193 cum
670 2153 766 2193 nota
796 2151 906 2193 Ditis
949 2151 1076 2203 patris
1118 2152 1175 2192 rei
1217 2152 1392 2193 rusticae
1423 2152 1471 2193 de
1501 2164 1615 2205 opere

126 2221 338 2273 proloqui?
371 2233 498 2261 nonne
532 2220 667 2261 milies
699 2219 878 2272 optatius
911 2219 992 2260 fuit
1023 2220 1228 2274 elinguem
1260 2220 1346 2261 fieri
1378 2222 1501 2272 atque
1522 2233 1615 2261 mu-

173 2360 188 2392 1
217 2369 277 2402 qos
305 2359 339 2392 P
363 2368 442 2392 corr
582 2357 727 2391 „ritibus
754 2358 789 2391 P
925 2358 945 2390 2
971 2367 989 2390 a
1016 2357 1084 2391 Sub
1224 2356 1327 2390 Liber
1353 2356 1426 2390 add
1453 2357 1523 2391 Sab

126 2416 146 2448 ἱ)
164 2426 274 2449 caer-es
294 2416 327 2449 P
419 2414 592 2449 tritticias
612 2415 646 2448 P
659 2425 740 2448 corr
759 2418 785 2448 ε’
804 2414 980 2448 tritriceas
1000 2413 1071 2448 Sub
1170 2414 1190 2446 6
1209 2413 1484 2447 nebridiantium
1510 2414 1528 2447 ,9

126 2471 323 2515 pelliculam
350 2472 385 2505 P
402 2482 481 2505 corr
619 2471 785 2504 hinnulea
811 2471 878 2505 Urs
1015 2471 1036 2504 8
1061 2480 1077 2503 e
1102 2480 1204 2503 causa
1221 2470 1369 2513 scripsi.-
1395 2480 1497 2504 causa
1516 2471 1615 2505 Pom

128 2528 226 2562 Salm
388 2529 428 2562 11
455 2528 544 2562 rium
570 2528 605 2561 1²
618 2538 697 2562 corr
840 2527 1040 2561 affinxerint
1058 2528 1265 2561 Meursius:
1290 2526 1476 2560 adfixerint
1495 2528 1529 2560 P

128 2586 169 2619 12
188 2596 204 2618 6
222 2586 322 2619 rebus
345 2586 430 2620 Urs.-
448 2585 549 2618 rebus
567 2585 602 2618 P
691 2585 732 2617 13
751 2584 876 2618 efflunt
893 2585 928 2618 P
941 2594 1019 2617 corr
1114 2585 1155 2617 15
1172 2583 1343 2617 infestum
1362 2584 1483 2618 Pcorr
1497 2588 1525 2618 ε’

129 2643 170 2676 16
196 2643 246 2676 ita
265 2642 347 2684 Sab,
365 2654 401 2676 r:
427 2642 496 2675 ista
514 2643 547 2675 P
669 2642 738 2674 itas
764 2641 798 2674 P
822 2651 902 2675 corr
1018 2642 1059 2674 18
1085 2640 1371 2674 ειη11113ὼιιο1ήίε
1398 2641 1432 2674 P
1449 2651 1528 2674 corr

128 2699 296 2743 inpietate
320 2700 380 2733 uel
404 2699 550 2733 similem
576 2709 695 2731 uocem
721 2702 806 2731 (inte
837 2700 971 2740 quanta
996 2697 1220 2731 intercidisse
1239 2700 1347 2740 putat
1374 2697 1527 2730 Zinkius

129 2756 170 2788 19
197 2757 361 2789 lacunam
386 2757 551 2800 sigiwini:
578 2754 762 2788 intercidit
786 2766 820 2788 u.
847 2765 874 2788 6.
901 2755 1097 2787 insinuetur
1203 2754 1247 2787 20
1272 2755 1367 2796 potes
1394 2754 1428 2786 P
1447 2764 1528 2787 corr

128 2813 169 2844 21
196 2813 487 2856 interpretatione
507 2813 540 2846 P
645 2812 688 2845 22
713 2811 857 2844 caeteris
875 2812 908 2843 P
1012 2811 1055 2843 ‘24
1073 2810 1246 2843 madorem
1263 2811 1296 2842 P
1401 2810 1445 2843 25
1470 2810 1618 2843 seminia.

130 2870 162 2901 P
177 2879 255 2904 corr
348 2869 390 2902 27
410 2869 504 2902 Ditis
523 2868 605 2910 Sab,
623 2878 659 2901 r:
686 2868 752 2901 diti
771 2869 804 2899 P
910 2868 950 2900 (16
967 2878 1068 2911 opere
1085 2878 1122 2900 r.-
1148 2866 1188 2900 de
1213 2867 1307 2910 operi
1325 2867 1357 2899 P
1380 2866 1435 2900 dei
1455 2866 1526 2900 Sab

265 2937 323 2971 lv.
1431 2934 1473 2967 14
