2032 3248
349 236 430 278 106
750 234 943 269 Arnobii
977 235 1190 270 aduersus
1222 235 1432 270 nationes

345 351 510 402 Picum,
555 350 686 393 Fauni
716 351 876 404 patrem
908 351 1031 404 atque
1062 363 1187 392 auum
1216 350 1386 392 Latini?
1433 350 1655 404 SaturnuS‚
1693 351 1740 393 ut
1771 362 1843 392 uos

345 420 455 462 idem
493 420 643 462 uestris
681 418 845 472 scriptis
883 420 1006 473 atque
1044 419 1280 461 auctoribus
1317 419 1499 461 traditis
1547 431 1641 475 ergo
1679 420 1713 462 si
1743 419 1843 462 haec

346 490 407 531 ita
436 489 543 540 sunt,
575 488 759 542 sequitur
789 489 837 530 ut
854 488 991 530 =Picus
1022 489 1063 531 et
1084 489 1270 542 Iuppiter
1290 488 1577 543 germanitatis
1598 489 1678 530 sibi
1700 488 1842 530 sociati

346 559 430 601 sint
458 559 559 609 iure,
591 558 731 611 utpote
761 570 841 599 uno
871 569 918 599 ex
949 558 1147 612 sanguine
1177 569 1338 612 unoque
1370 570 1414 600 ex
1446 557 1601 599 semine
1623 557 1837 612 procreati.

346 629 663 671 consentaneum
694 627 756 669 031
785 627 847 669 113
877 639 963 669 0330
1008 627 1114 681 quod
1160 627 1322 670 dicitur.
1370 627 1421 669 ab
1443 628 1541 669 Ioue
1563 628 1604 668 et
1624 627 1722 668 Pico
1744 626 1842 680 quot
1874 642 1888 667 5

346 698 442 740 sunt
471 697 632 752 generis
652 709 781 750 usque
810 697 862 738 ad
881 696 1077 738 Latinum
1107 697 1287 751 gradus?
1319 696 1430 748 trini,
1460 697 1509 738 ut
1528 696 1683 738 indicat
1705 695 1840 737 series.

345 766 475 809 uultis
505 766 694 816 Faunus,
725 765 895 807 Latinus
926 765 968 807 01
997 766 1121 808 Ρ10113
1160 766 1277 808 3111113
1318 766 1498 808 uixerint
1534 765 1690 807 nicenis
1720 766 1844 818 atque

346 835 560 877 centenis?
610 836 721 877 ultra
766 835 876 877 enim
922 837 1099 889 negatur
1142 847 1261 890 posse
1303 835 1483 877 hominis
1528 834 1618 876 uita
1661 834 1841 887 produci.

344 905 578 947 aestimatio
624 905 734 947 iusta
771 906 811 946 et
849 904 1009 957 liquida
1047 906 1120 947 est.
1172 905 1344 947 trecenti
1386 917 1480 959 ergo
1519 905 1616 946 sunt
1654 903 1764 957 pleni
1803 904 1844 945 et

345 974 559 1028 sexaginta
599 975 694 1028 post
729 974 802 1015 hos
841 974 968 1015 anni?
1017 987 1080 1016 res
1110 974 1171 1016 ita
1208 974 1281 1024 est,
1315 976 1362 1015 ut
1392 973 1553 1016 indicat
1591 973 1842 1026 supputatio.
1857 990 1891 1014 10

345 1044 460 1085 0111113
481 1055 592 1085 30001
613 1043 784 1085 Latinus
806 1042 918 1085 fuit?
949 1043 1122 1085 Aeneae.
1146 1043 1307 1098 genitor
1329 1044 1484 1085 Aeneas
1507 1042 1652 1084 cuius?
1675 1041 1844 1084 Ascanii

343 1112 496 1154 Albani
518 1112 657 1166 oppidi
679 1112 912 1154 conditoris.
945 1113 1044 1166 quot
1064 1112 1171 1166 apud
1193 1112 1349 1154 Albam
1372 1113 1591 1166 regnatum
1613 1114 1674 1153 est
1697 1111 1844 1153 annis?

343 1181 654 1235 quadringentis
694 1182 735 1223 et
771 1193 895 1235 prope
935 1181 998 1223 bis
1044 1181 1171 1223 denis.
1232 1181 1380 1224 aetatis
1426 1182 1523 1223 urbs
1555 1181 1684 1222 Roma
1729 1180 1844 1222 cuius

344 1262 431 1292 esse
461 1250 503 1292 in
535 1250 750 1292 annalibus
781 1250 1018 1293 indicatur?
1049 1262 1176 1292 annos
1208 1249 1322 1292 ducit
1346 1249 1645 1304 quinquaginta
1667 1252 1707 1291 et
1728 1249 1844 1291 mille

343 1323 414 1361 aut
453 1332 533 1362 non
570 1320 752 1361 multum
783 1320 833 1362 ab
863 1320 927 1362 his
959 1320 1107 1361 minus.
1153 1332 1248 1375 ergo
1279 1319 1330 1362 ab
1361 1319 1481 1370 Ioue,
1523 1319 1593 1372 qui
1625 1318 1753 1360 frater
1783 1318 1845 1359 est
1858 1332 1889 1357 15

342 1389 433 1431 Pici
476 1388 625 1442 quique
664 1389 781 1442 pater
818 1390 879 1430 est
921 1389 1126 1430 minorum
1167 1390 1207 1430 et
1245 1388 1498 1442 reliquorum
1528 1387 1716 1438 deorum,
1750 1387 1844 1428 anni

344 1458 395 1500 ad
425 1458 523 1499 haec
552 1458 738 1512 tempora
768 1469 891 1512 prope
912 1457 1032 1499 milia
1052 1457 1132 1499 duo
1154 1458 1251 1499 sunt
1281 1458 1354 1499 aut
1382 1457 1508 1510 pleni,
1540 1457 1588 1498 ut
1616 1455 1845 1510 largiamur

343 1526 482 1568 aetati.
531 1527 637 1580 quod
667 1539 762 1568 cum
792 1526 985 1581 redargui
1017 1538 1097 1568 non
1118 1526 1262 1579 possit⁷
1295 1537 1375 1567 non
1396 1527 1563 1567 tantum
1586 1537 1722 1566 recens
1745 1525 1844 1566 nata

343 1595 487 1649 religio
526 1595 757 1637 ostenditur
795 1608 919 1649 quam
960 1595 1102 1646 obitis,
1144 1597 1204 1636 set
1245 1595 1422 1636 infantes
1462 1594 1503 1636 et
1533 1594 1727 1648 paruulos
1759 1606 1844 1636 esse

342 1664 452 1719 ipsos
484 1664 616 1706 adhuc
646 1664 753 1715 deos,
786 1665 934 1718 quibus
966 1666 1107 1707 tauros
1139 1666 1261 1718 atque
1292 1665 1396 1706 alias
1423 1664 1581 1706 hostias
1612 1677 1705 1706 cum
1735 1663 1843 1718 peri-
1858 1679 1891 1704 20

344 1734 435 1775 culo
474 1733 743 1786 corruptionis
789 1733 1035 1788 suggeritis,
1084 1746 1182 1787 quos
1223 1734 1437 1786 oportebat
1478 1733 1609 1775 adhuc
1649 1732 1843 1774 mammis

278 1799 330 1840 72
345 1804 467 1855 atque
497 1802 654 1844 stillato
684 1802 793 1844 lacte
830 1802 992 1844 nutriri.
1040 1803 1083 1843 at
1112 1802 1329 1857 religiones
1360 1802 1519 1844 uestrae
1552 1801 1697 1843 multis
1728 1801 1844 1843 annis

344 1871 592 1925 praecedunt
627 1871 809 1912 nostram
842 1872 882 1913 et
912 1883 956 1913 eo
989 1872 1085 1913 sunt
1125 1872 1303 1913 ueriores
1348 1871 1455 1924 quod
1494 1871 1716 1913 uetustatis
1747 1883 1843 1913 auc-

171 1940 517 1982 f.61bisbtoritate
548 1941 733 1982 munitae
764 1941 871 1982 sunt.
909 1939 914 1996 Ι
950 1941 991 1982 01
1022 1940 1119 1994 quid
1152 1953 1217 1983 eas
1238 1941 1403 1994 prodest
1429 1941 1546 1983 annis
1568 1953 1690 1994 quam
1711 1940 1843 1994 pluri-

342 2008 423 2051 mis
454 2010 629 2061 anteire‚
667 2023 761 2052 cum
792 2023 816 2052 a
847 2010 955 2052 certo
987 2010 1193 2063 coeperint
1224 2012 1426 2063 tempore,
1467 2011 1540 2052 aut
1572 2009 1696 2063 spatii
1728 2009 1843 2051 ouius
1858 2023 1889 2047 25

344 2079 439 2120 sunt
482 2078 600 2120 milia
639 2091 836 2121 annorum
883 2079 962 2121 duo
1017 2080 1272 2122 saeculorum
1311 2078 1441 2121 tantis
1478 2079 1713 2132 comparata
1750 2090 1844 2120 cum

389 2296 407 2329 1
426 2294 522 2329 faoni
539 2296 575 2330 P
590 2305 671 2330 corr
690 2298 719 2330 ε’
856 2296 877 2330 2
893 2296 987 2330 idem
1004 2306 1065 2330 uos
1084 2295 1154 2330 Sab
1293 2295 1314 2329 3
1331 2294 1562 2338 germanitati
1580 2294 1705 2328 Peorr
1723 2297 1751 2328 θ’

343 2353 365 2386 4
382 2355 468 2387 sunt
483 2353 518 2386 P
531 2363 614 2388 corr
705 2354 726 2388 5
741 2354 783 2388 in
798 2365 856 2399 my
878 2354 907 2390 ἓ
985 2354 1079 2398 quod
1096 2354 1132 2388 P
1223 2353 1244 2387 6
1260 2351 1391 2397 gradus
1411 2352 1495 2396 Sab,
1512 2362 1552 2386 r:
1570 2362 1704 2395 granus
1722 2352 1757 2386 P

346 2409 364 2442 7
390 2410 431 2443 in
455 2421 510 2455 my
704 2411 745 2445 11
773 2411 914 2455 genitor
939 2412 1075 2445 Aeneas
1105 2410 1279 2445 Zinkius:
1316 2409 1459 2453 genitor
1488 2410 1658 2444 mlatinus
1684 2410 1719 2443 P
1745 2409 1842 2453 geni-

343 2467 431 2501 toris
462 2467 611 2501 Latinus
638 2466 710 2502 8(ιό
743 2468 914 2512 genitoris
939 2468 1058 2502 Latini
1086 2468 1152 2503 Gel
1193 2469 1334 2513 genitor
1358 2470 1388 2504 is
1414 2469 1473 2503 uel
1503 2468 1674 2513 genitoris
1699 2466 1843 2501 Ascanii

344 2534 399 2558 om
425 2525 523 2558 cuius
553 2524 621 2559 Urs
645 2524 786 2569 genitor
809 2536 918 2570 gener
943 2526 973 2559 is
1000 2525 1121 2559 Latini
1145 2526 1335 2561 Meursms
1358 2527 1501 2571 genitor
1525 2525 1555 2559 is
1578 2524 1723 2558 Ascanii
1743 2524 1842 2558 Salm

343 2582 484 2626 genitor
501 2592 607 2626 gener
624 2581 746 2616 Latini
763 2582 1035 2617 Klussmannus
1149 2582 1292 2616 Ascanii
1311 2583 1441 2618 addidi
1549 2582 1591 2615 12
1608 2583 1699 2626 quod
1717 2581 1752 2615 P

345 2640 387 2673 13
413 2638 497 2673 urbs
523 2639 619 2673 Sab:
643 2639 727 2673 urbe
753 2640 788 2673 P
935 2640 976 2674 14
1001 2640 1188 2674 annalibus
1216 2640 1308 2675 Sab:
1332 2640 1472 2675 aulibus
1497 2641 1533 2674 P
1665 2638 1842 2672 iudicatur

345 2695 418 2730 Sal>
551 2696 589 2729 17
609 2698 648 2730 31
667 2697 700 2730 Ρ
831 2696 924 2730 11311(1
944 2696 1016 2731 Sab
1150 2697 1352 2741 largeamur
1368 2698 1404 2731 P
1420 2707 1501 2732 corr
1517 2699 1546 2731 ε’
1677 2696 1716 2730 19
1736 2705 1840 2739 quarn

346 2752 436 2787 Sub:
461 2762 546 2796 quas
563 2753 599 2787 P
736 2754 779 2787 22
795 2755 833 2787 31
852 2753 943 2788 Sab:
968 2756 1004 2788 et
1021 2754 1057 2788 P
1194 2754 1383 2798 religiones
1403 2755 1490 2788 Sab:
1516 2753 1700 2797 religionis
1720 2753 1755 2786 P

343 2809 387 2843 23
413 2811 625 2844 uestustatis
651 2810 686 2844 P
