2032 3248
810 239 938 273 Liber
972 239 1010 272 V.
1575 244 1653 284 193

155 353 263 394 tauri
316 353 446 405 specie
497 353 586 395 fusa
638 354 807 395 Iouialis
858 358 1122 396 monumenta
1170 355 1379 409 pellaciae.
1447 360 1652 399 auctorem

155 420 305 473 aliquis
337 420 590 462 desiderabit
628 422 707 462 rei:
754 423 843 462 tum
876 422 996 463 illum
1029 422 1247 464 citabimus
1280 425 1549 466 Tarentinum
1579 438 1651 466 no-

158 493 327 541 tumque
372 489 596 539 senarium,
644 503 763 542 quem
796 491 1021 543 antiquitas
1053 492 1161 532 canit
1191 493 1328 534 dicens
1375 489 1530 535 ‘taurus
1564 494 1652 536 dra—

155 569 293 598 conem
326 557 469 610 genuit
499 558 539 598 et
570 558 735 598 taurum
771 551 918 600 draco'.
966 560 1055 613 ipsa
1086 560 1308 601 nouissime
1340 574 1453 603 sacra
1484 563 1525 603 et
1547 562 1652 604 ritus

129 626 401 667 sinitiationis
433 626 576 678 ipsius,
618 626 765 679 quibus
797 626 982 668 Sebadiis
1015 640 1161 669 nomen
1193 631 1266 678 est,
1299 630 1535 671 testimonio
1567 643 1652 672 esse

154 694 347 748 poterunt
378 694 569 735 ueritati:
604 695 644 735 in
668 695 815 747 quibus
838 708 982 737 aureus
1006 696 1170 737 coluber
1191 697 1233 737 in
1256 697 1392 738 sinum
1416 698 1652 740 demittitur

154 762 398 805 consecratis
439 763 480 803 et
519 763 713 803 eximitur
753 776 892 804 rursus
924 764 974 805 ab
1006 764 1267 806 inferioribus
1306 766 1492 818 partibus
1529 768 1651 819 atque

153 832 258 872 imis.
301 843 379 872 non
411 844 496 872 esse
528 831 703 873 arbitror
733 833 1003 874 necessarium
1036 845 1218 874 sermone
1244 847 1402 886 quoque
1424 835 1489 875 hic
1510 835 1641 875 multo
1659 836 1709 874 22

153 899 336 942 membra
374 899 432 941 ire
469 913 539 952 per
576 900 738 953 singula
770 902 1023 954 quantaeque
1055 902 1186 943 insint
1217 902 1257 943 in
1289 903 1474 956 partibus
1513 903 1643 956 priuis

110 968 458 1021 ioturpitudinum
491 968 698 1009 scatebrae
720 968 1051 1022 flagitiorumque
1074 973 1310 1011 monstrare.
1345 971 1435 1023 quis
1459 972 1520 1012 est
1542 972 1649 1011 enim

153 1037 393 1079 mortalium
432 1037 498 1078 uel
537 1037 706 1091 exiguae
750 1038 1020 1079 humanitatis
1067 1051 1228 1080 sensnm
1275 1038 1410 1080 ferens
1462 1040 1531 1091 qui
1571 1052 1650 1080 non

156 1107 238 1159 ipse
270 1105 493 1159 peruideat,
527 1106 665 1158 qualia
697 1105 781 1146 sint
803 1106 901 1147 haec
923 1107 1070 1156 omnia,
1099 1106 1104 1160 Ι
1132 1120 1254 1159 quam
1286 1107 1495 1157 scelerata,
1528 1112 1785 1160 quamf.109b

154 1174 272 1216 foeda
318 1175 568 1226 quantasque
615 1174 859 1227 ignominias
899 1175 939 1215 di
982 1175 1115 1216 ferant
1156 1188 1200 1216 ex
1232 1175 1331 1227 ipsis
1363 1177 1649 1228 mysteriorum

153 1244 278 1285 sacris
319 1243 360 1284 et
398 1255 442 1283 ex
483 1255 691 1283 sacrorum
730 1242 957 1296 originibus
989 1242 1218 1284 indecoris?
1263 1244 1467 1296 luppiter,
1501 1244 1647 1296 inquit,

110 1311 303 1353 1⁵exarsit
341 1312 383 1352 in
415 1310 611 1352 Cererem.
659 1311 757 1363 quid
797 1312 983 1360 tantum,
1022 1324 1187 1363 quaeso,
1228 1312 1276 1352 de
1317 1313 1431 1352 uobis
1464 1312 1649 1364 Iuppiter

155 1380 230 1421 iste
261 1379 505 1431 quicumque
537 1380 596 1420 est
628 1379 790 1428 meruit,
824 1380 929 1431 quod
961 1392 1087 1432 genus
1119 1381 1180 1421 est
1211 1380 1372 1421 nullum
1404 1381 1553 1433 probri,
1587 1381 1649 1421 in-

153 1448 312 1497 famiae,
347 1448 595 1489 adulterium
627 1448 802 1496 nullum,
833 1448 938 1499 quod
962 1449 1000 1488 in
1022 1449 1107 1489 eius
1130 1461 1207 1489 non
1230 1450 1353 1500 caput
1374 1450 1488 1489 uelut
1510 1449 1551 1489 in
1574 1449 1650 1489 ali-

152 1529 274 1570 quam
306 1517 532 1570 congeratis
568 1516 692 1557 nilem
723 1517 958 1568 luteamque
990 1520 1230 1569 personam?
1270 1517 1525 1558 matrimonii
1557 1529 1649 1569 pro-

153 1586 259 1627 didit
281 1586 344 1626 ius
367 1587 493 1626 Leda:
527 1585 712 1638 Iuppiter
734 1597 818 1625 esse
839 1585 988 1625 dicitur
1010 1587 1149 1626 auctor
1178 1586 1333 1638 culpae.
1366 1585 1649 1639 uirginitatem

108 1668 139 1693 20
152 1655 293 1696 Danae
315 1654 517 1695 custodire
539 1654 746 1706 nequiuit:
780 1653 936 1694 furtum
961 1666 1046 1694 csse
1067 1656 1254 1695 narratur
1276 1653 1397 1694 Iouis.
1431 1654 1480 1695 ad
1502 1654 1647 1694 mulie-

154 1723 209 1763 ris
242 1734 386 1763 nomen
417 1723 652 1774 properauit
685 1722 864 1773 Europa:
898 1723 1149 1775 expugnator
1180 1722 1399 1773 pudicitiae
1422 1722 1529 1762 idem
1563 1734 1647 1763 esse

152 1790 340 1831 iactatur.
407 1790 606 1830 Alcmena
659 1790 821 1830 Electra
874 1791 1027 1830 Latona
1078 1791 1317 1843 Laodamia,
1379 1790 1491 1830 mille
1547 1790 1652 1830 aliae

151 1859 334 1911 uirgines
366 1870 410 1898 ac
442 1858 557 1898 mille
589 1859 743 1898 matres
776 1870 946 1908 cumque
979 1858 1062 1898 illis
1095 1857 1323 1898 Catamitus
1354 1870 1454 1910 puer
1484 1856 1648 1909 pudoris

152 1927 350 1979 spoliatus
373 1927 433 1966 est
455 1926 686 1966 honestate:
711 1926 849 1966 eadem
874 1926 1022 1977 ubique
1046 1927 1106 1966 est
1125 1926 1310 1977 Iuppiter
1336 1926 1488 1975 sabula,
1523 1938 1649 1976 neque

106 2006 136 2031 25
152 1995 282 2035 ullum
323 1994 594 2046 turpitudinis
635 2005 761 2045 genus
799 1995 884 2042 est,
922 2006 1014 2034 cum
1046 2007 1123 2045 quo
1156 1994 1241 2034 eius
1275 2005 1351 2033 non
1382 2005 1527 2034 nomen
1559 2005 1651 2033 con-

151 2063 314 2104 sociatis
347 2062 588 2103 libidinibus
621 2062 860 2111 conseratis,
909 2062 953 2101 ut
985 2062 1172 2102 uideatur
1205 2061 1452 2101 miserabilis
1484 2073 1653 2112 prorsus

151 2132 280 2172 ullam
314 2143 391 2171 non
423 2143 508 2170 esse
546 2143 710 2170 causam
734 2130 782 2170 ol)
806 2130 929 2170 aliam
967 2132 1100 2179 natus,
1132 2129 1211 2170 nisi
1237 2131 1281 2169 ut
1302 2131 1406 2170 essct
1428 2129 1646 2170 criminum

197 2278 215 2310 1
242 2277 369 2320 species
397 2278 448 2309 est
473 2276 542 2309 (irs
568 2276 696 2319 species
716 2276 813 2308 Salm
932 2275 970 2308 in
995 2285 1051 2318 *my
1078 2274 1128 2306 -R-
1247 2276 1402 2307 autorem
1430 2276 1464 2307 Ι)
1479 2285 1561 2308 corr

150 2335 172 2369 2
210 2333 423 2367 desiderabit
457 2333 547 2366 Sub:
590 2332 801 2366 desiderauit
828 2333 861 2365 P
1041 2331 1088 2364 rei
1109 2331 1222 2374 :tu1n]
1258 2331 1304 2364 rei
1342 2333 1462 2364 tantae
1494 2332 1561 2365 Urs

150 2391 339 2424 citauimus
375 2391 408 2424 P
440 2400 518 2422 corr
712 2389 950 2431 'l'arcntinnmj
990 2388 1115 2421 tritum
1161 2388 1228 2421 (xrs
1419 2388 1649 2422 'l'arentinum

149 2448 354 2490 notumque]
375 2446 555 2479 Tarentini
577 2445 788 2478 Rhintlionis
814 2446 831 2478 2²
962 2446 982 2478 :3
1001 2445 1171 2487 atiqnitas
1191 2445 1225 2478 P
1243 2455 1321 2478 corr
1452 2447 1473 2478 5
1490 2445 1649 2479 Sabadiis

148 2504 336 2537 Meam-ius
453 2504 473 2534 o
499 2502 702 2535 demittitur
736 2502 820 2534 Urs.-
847 2502 1043 2534 dimittitur
1068 2502 1102 2534 P
1217 2501 1235 2533 7
1264 2501 1500 2534 imferioribus
1526 2502 1560 2535 P

148 2560 168 2592 9
194 2562 412 2603 quantaeque
440 2560 510 2592 Sul»
539 2560 573 2592 in
603 2570 672 2593 err.
700 2569 735 2590 r:
767 2561 966 2602 quanta-{no-
994 2558 1028 2590 P
1209 2557 1320 2600 prinis
1347 2558 1546 2591 lamas-ius.-
1574 2570 1650 2601 pra.-

148 2616 203 2649 uis
230 2617 263 2649 P
413 2618 456 2650 12
481 2619 561 2649 sunt
590 2616 660 2648 Sub
815 2617 853 2648 1:2¹
880 2615 926 2647 (lii
956 2615 1068 2647 serunt
1094 2615 1303 2648 Mennim.-
1335 2614 1500 2647 dirivatur
1526 2616 1561 2648 P

149 2673 190 2705 16
216 2673 380 2706 infamiae
406 2673 491 2706 l‘rs:
518 2674 645 2705 infame
665 2672 699 2704 Ρ
793 2672 834 2703 lb·
860 2671 1096 2713 lun-anulum
1116 2671 1149 2703 P
1168 2682 1247 2704 corr
1342 2672 1383 2703 19
1409 2671 1508 2704 laeda
1527 2672 1561 2704 Ι)

147 2730 191 2762 20
209 2730 317 2763 donae
337 2732 371 2764 Ι)
387 2741 468 2764 corr
588 2731 626 2761 21
650 2739 771 2761 nomon
792 2739 859 2761 non
878 2729 1060 2772 Ii'e'gjulltus
1176 2730 1219 2761 :222
1239 2728 1409 2761 alcmena
1428 2729 1464 2762 P
1480 2740 1560 2762 corr

148 2786 328 2820 Laodonia
355 2787 425 2821 Sal]
580 2787 639 2818 illc
667 2786 700 2819 Ι)
724 2796 803 2818 corr
828 2796 845 2818 c
1008 2786 1050 2818 223
1076 2785 1279 2818 catamisstus
1308 2786 1341 2818 P
1502 2787 1545 2819 25
1569 2796 1646 2818 cum

149 2844 299 2886 scripsi:
325 2843 362 2876 in
388 2845 423 2877 P
561 2844 602 2876 2²0
630 2843 791 2876 inseratis
823 2842 891 2875 Urs
1030 2841 1071 2874 27
1100 2841 1208 2874 ullum
1241 2841 1326 2875 Urs:
1362 2841 1496 2875 nullam
1524 2843 1559 2876 P

292 2912 351 2947 1V.
1469 2911 1510 2943 13
