2032 3248
323 221 407 263 266
953 220 1199 264 Appendix.

323 327 501 366 rectionis
523 326 603 364 eius
625 328 887 365 remanserunt
905 327 995 365 anni
1010 327 1144 367 XXXI.
1180 327 1317 376 quibus
1336 327 1524 375 suppletis
1541 327 1707 376 oportuit
1719 339 1834 376 prop-

322 398 381 434 ter
396 397 553 444 peccata
570 395 803 434 credentium
819 396 900 444 pati
920 396 1125 436 Christum.
1144 397 1246 445 ipsos
1262 397 1382 445 igitur
1399 396 1701 434 CCCCXXXIIII
1717 408 1836 435 annos

325 465 533 503 adiciamus
556 466 603 503 ad
626 477 810 503 summam
833 466 1088 514 superiorem,
1128 468 1167 505 et
1202 466 1442 504 inueniamus
1477 477 1595 504 annos
1626 466 1674 504 ab
1705 466 1835 504 Exodo

325 546 443 583 usque
466 535 513 572 ad
533 534 779 572 natiuitatem
802 534 944 573 Christi
975 535 1082 574 mille
1103 535 1315 573 DXLVIII.
1348 534 1456 573 cuius
1487 534 1705 573 natiuitatis
1736 537 1835 573 tem-

324 614 396 652 pus
418 614 643 651 cognoscere
667 603 925 642 desiderantes
947 604 1050 651 ipsos
1072 616 1191 642 annos
1207 604 1449 642 MDXLVIII
1480 605 1527 642 ab
1558 604 1686 643 Exodo
1718 604 1757 642 id
1778 606 1836 642 est
1851 617 1866 641 5

324 683 347 710 a
367 672 488 719 primo
509 672 656 720 pinacis
676 684 791 711 uersu
813 673 1020 721 diligenter
1042 673 1336 720 dinumeremus,
1368 675 1407 712 et
1428 674 1476 711 ad
1498 673 1598 712 diem
1618 673 1836 711 natiuitatis

325 741 406 779 eius
426 741 704 789 perueniemus.
729 742 795 790 qui
818 742 900 780 dies
922 745 1030 781 sexta
1052 743 1334 782 sedecennitate
1357 743 1397 780 in
1418 743 1530 782 tertio
1554 742 1697 781 decimo
1719 753 1836 780 uersu

323 809 517 848 inuenitur
540 810 571 848 V
591 811 643 850 kl.
667 811 790 859 April.
813 811 909 849 feria
929 812 1024 852 IIII,

257 880 309 918 19
382 879 412 917 Ο
434 891 546 928 quam
566 880 764 928 praeclara
784 881 822 919 et
839 880 969 919 diuina
990 881 1142 920 Domini
1162 881 1424 929 prouidentia,
1456 882 1500 919 ut
1530 881 1570 919 in
1592 880 1657 919 illo
1680 880 1742 918 die
1764 891 1837 928 quo

323 948 448 987 factus
469 951 528 987 est
549 950 607 988 sol
628 950 667 987 in
688 949 770 997 ipso
792 949 852 988 die
873 952 1094 988 nasceretur
1116 950 1290 988 Christus
1312 950 1346 988 V
1368 950 1421 988 kl.
1443 951 1538 999 Apr,
1562 949 1658 988 feria
1678 949 1773 987 IIII.
1797 951 1836 987 et
1852 965 1885 989 10

323 1017 406 1056 ideo
428 1018 473 1056 de
497 1018 580 1066 ipso
602 1019 736 1057 merito
759 1019 807 1057 ad
827 1019 977 1066 plebem
998 1020 1146 1058 dicebat
1166 1019 1376 1058 Malachias
1407 1020 1613 1068 propheta:
1647 1018 1840 1057 orietur

324 1088 469 1125 uobis
500 1088 572 1126 sol
603 1088 864 1136 iustitiae,
912 1090 959 1127 et
990 1089 1182 1127 curatio
1222 1091 1296 1128 est
1333 1089 1381 1126 in
1411 1088 1587 1137 pennis
1626 1087 1744 1126 eius.
1776 1087 1840 1125 hic

326 1159 385 1196 est
407 1157 464 1195 sol
499 1157 671 1196 iustitiae
694 1158 800 1195 cuius
822 1158 861 1195 in
882 1158 1018 1206 pennis
1040 1158 1185 1196 curatio
1207 1158 1586 1206 praeostendebatur.
1623 1158 1668 1195 de
1705 1168 1777 1204 quo
1800 1159 1840 1195 et

325 1227 476 1275 Moyses
501 1227 541 1265 in
564 1227 711 1266 cantico
734 1228 1020 1275 recognoscitur
1041 1227 1193 1266 dicens:
1237 1229 1284 1266 et
1327 1239 1474 1276 super
1518 1226 1683 1275 pullos
1729 1236 1840 1264 suos

325 1296 616 1344 concupiuit
647 1299 692 1336 et
722 1297 1003 1345 expandens
1034 1297 1138 1335 alas
1171 1308 1294 1336 31133.
1318 1297 1400 1346 ipse
1422 1298 1480 1335 est
1501 1295 1685 1335 Dominus
1707 1295 1747 1333 in
1768 1306 1835 1333 cu·
1853 1309 1886 1334 15

325 1365 385 1404 ius
407 1365 659 1404 similitudine
681 1366 743 1405 hic
764 1367 821 1405 sol
842 1378 990 1404 annuus
1010 1377 1078 1414 per
1100 1366 1290 1404 CCCLXV
1312 1366 1392 1404 dies
1424 1367 1463 1404 et
1484 1367 1659 1414 quartam
1690 1366 1840 1413 partem

326 1434 401 1472 diei
423 1437 670 1473 consummat.
703 1447 798 1483 quae
819 1436 903 1483 ipsa
922 1435 1073 1484 quidem
1094 1448 1184 1484 pars
1206 1437 1345 1484 quarta
1366 1436 1441 1474 diei
1463 1436 1580 1474 habet
1600 1437 1680 1473 tres
1713 1434 1841 1473 horas.

324 1506 405 1542 tres
426 1506 554 1542 autem
573 1504 688 1543 horae
711 1504 915 1553 imaginem
936 1506 1091 1552 portant
1111 1504 1264 1543 illorum
1285 1505 1402 1543 trium
1424 1504 1570 1544 dierum
1592 1505 1657 1552 qui
1678 1504 1718 1542 in
1733 1504 1841 1553 prin-

327 1572 426 1621 cipio
448 1573 593 1611 saeculi
615 1573 697 1612 sine
719 1573 797 1612 sole
820 1575 856 1612 et
877 1574 970 1611 luna
990 1573 1159 1612 fuerunt.
1192 1576 1230 1612 et
1250 1574 1334 1613 ideo
1357 1575 1541 1622 quomodo
1562 1576 1642 1612 tres
1663 1575 1778 1613 horae
1801 1574 1841 1612 in

327 1642 575 1690 quadriennio
599 1644 734 1690 quater
754 1644 995 1691 computatae
1016 1655 1133 1681 unum
1164 1643 1264 1682 diem
1286 1643 1482 1682 duodecim
1506 1644 1685 1682 horarum
1706 1642 1839 1681 effece-
1855 1657 1888 1682 20

328 1711 432 1757 runt,
470 1711 525 1747 sic
547 1711 586 1748 et
606 1709 682 1757 ipsi
703 1711 783 1748 tres
804 1709 898 1757 dies,
934 1721 1002 1757 per
1038 1711 1201 1758 quatuor
1236 1712 1408 1758 tempora
1428 1712 1558 1749 ternos
1594 1721 1743 1748 menses
1766 1709 1840 1748 sibi

279 1782 282 1784 '
327 1778 574 1817 defendentes
606 1791 745 1817 annum
776 1780 864 1827 post
884 1779 958 1816 XII
979 1791 1128 1818 menses
1152 1780 1371 1828 suppletum
1393 1780 1759 1818 demonstrauerunt.
1802 1781 1840 1818 et

326 1848 381 1886 sic
401 1859 468 1896 per
488 1849 587 1886 hanc
607 1848 880 1887 multiformem
900 1849 1115 1887 trinitatem
1136 1850 1174 1887 et
1194 1849 1299 1897 ipsae
1316 1849 1512 1887 duodecim
1533 1850 1649 1887 horae
1671 1860 1838 1897 euange-

325 1918 418 1955 lium
440 1929 555 1955 unum
577 1918 616 1955 in
638 1920 800 1966 quatuor
821 1920 951 1967 partes
973 1918 1139 1956 diuisum
1160 1919 1424 1966 ostenderunt,
1449 1920 1487 1957 et
1509 1920 1589 1957 tres
1605 1929 1753 1956 menses
1770 1929 1838 1966 per

325 1988 486 2035 quatuor
506 1988 677 2035 tempora
698 1987 736 2025 id
757 1989 816 2025 est
837 1999 905 2036 per
927 1990 1089 2035 quatuor
1110 1987 1368 2036 euangelistas
1390 1987 1531 2026 electos
1549 1999 1571 2026 a
1594 1987 1745 2026 Christo
1763 1987 1837 2025 XII
1851 2000 1884 2025 25

325 2055 517 2104 apostolos
537 2056 647 2095 nobis
668 2056 1023 2096 manifestauerunt.

418 2168 460 2201 11
486 2167 570 2201 Mal.
599 2167 631 2209 4,
657 2167 691 2202 2.
832 2167 876 2202 14
901 2167 918 2202 ἶ)
935 2167 953 2201 ‘?

417 2273 435 2306 1
461 2271 617 2306 XXXIII
644 2282 663 2306 0
873 2272 895 2305 2
919 2272 1026 2317 ipsos]
1052 2273 1110 2307 his
1136 2274 1230 2307 enim
1255 2273 1275 2307 b
1488 2271 1750 2307 CCCXXXIIII
1774 2283 1792 2307 0

322 2329 345 2362 4
370 2329 509 2375 christi]
536 2329 671 2364 domini
697 2330 716 2365 b
886 2340 931 2366 ὣ
957 2330 1161 2365 DXXXVII
1187 2331 1206 2366 b
1380 2331 1402 2365 5
1426 2330 1463 2365 id
1478 2357 1485 2364 .
1501 2357 1508 2364 .
1524 2357 1531 2364 .
1547 2340 1652 2364 uersu
1677 2340 1744 2365 om.
1771 2331 1791 2365 b

324 2387 345 2421 6
370 2386 632 2422 dinumeramus
658 2388 677 2422 b
804 2388 824 2423 7
850 2389 1095 2423 sedecennitas
1120 2389 1140 2423 b
1271 2388 1293 2422 8
1318 2388 1348 2423 V
1373 2388 1423 2422 kl.
1450 2388 1552 2432 apriL
1580 2387 1658 2422 ΙΙΠ
1682 2398 1747 2422 om.
1774 2399 1792 2423 c

323 2445 345 2479 9
369 2446 411 2478 ut
435 2444 473 2478 in
489 2472 496 2478 .
513 2471 519 2477 .
536 2472 542 2479 .
559 2446 580 2480 Ζ.
606 2449 649 2480 11
677 2446 719 2480 de
744 2446 820 2490 ipso
846 2457 914 2481 om.
940 2457 959 2481 0
1087 2447 1131 2480 11
1156 2446 1283 2481 merito
1308 2457 1374 2481 om.
1400 2446 1419 2480 b
1560 2445 1603 2479 12
1628 2446 1748 2490 pinnis
1773 2456 1792 2481 0

324 2502 368 2536 13
391 2502 511 2547 pinnis
539 2504 613 2538 eius
639 2504 738 2538 cuius
764 2503 1018 2538 ostendebatur
1042 2514 1061 2538 0
1225 2504 1268 2538 14
1293 2503 1520 2548 cognoscitur
1544 2513 1563 2538 0
1718 2503 1837 2548 pullos

324 2561 418 2605 suos]
445 2561 613 2605 populum
640 2572 742 2596 suum
768 2562 788 2596 b
893 2561 937 2596 15
964 2560 1139 2605 spandens
1165 2561 1185 2596 b
1279 2561 1323 2596 16
1349 2560 1624 2595 similitudinem
1649 2572 1667 2596 0
1761 2560 1836 2595 dies

323 2628 388 2652 om.
416 2628 433 2652 0
573 2619 615 2653 17
642 2619 723 2663 diei]
751 2618 825 2653 dies
851 2629 869 2654 0
1047 2620 1090 2654 19
1116 2618 1271 2664 fuerunt]
1299 2619 1416 2653 factus
1442 2619 1525 2652 sunt
1550 2629 1569 2653 0
1748 2628 1835 2662 quo—

321 2675 424 2709 modo
449 2686 514 2710 om.
541 2687 559 2711 0
682 2677 728 2711 20
753 2676 1025 2720 quadriennium
1051 2678 1070 2712 b
1194 2677 1354 2711 efficiunt
1363 2689 1371 2717 3
1398 2677 1439 2710 ut
1464 2677 1499 2710 et
1524 2675 1622 2720 ipsae
1646 2675 1703 2709 III
1728 2675 1837 2710 horae

322 2732 417 2767 diem
443 2745 461 2769 0
579 2734 623 2768 22
648 2734 884 2779 dependentes
915 2736 945 2768 G
1058 2734 1402 2778 demonstrauerunt]
1430 2732 1746 2768 dinumerauerunt
1771 2744 1790 2768 0

321 2791 366 2826 23
391 2791 574 2826 duodecim
607 2802 672 2826 om.
700 2792 720 2826 b
950 2792 995 2826 24
1021 2793 1056 2828 et
1087 2793 1174 2837 tres]
1209 2791 1344 2826 aeterni
1369 2802 1407 2833 c,-
1439 2792 1475 2825 et
1499 2791 1593 2825 terni
1618 2792 1709 2826 coni.
1742 2790 1794 2825 W

321 2849 367 2884 25
391 2849 576 2893 euangelia
601 2860 640 2884 cv
820 2849 952 2884 electus
977 2850 1159 2894 apostolus
1185 2861 1204 2886 0
1381 2848 1429 2885 26
1454 2848 1779 2883 manifestauerunt
1802 2848 1832 2889 b,

323 2907 656 2942 demonstraucrunt
681 2918 721 2942 cv
