2032 3248
767 216 905 251 Liber
929 217 976 251 II.
1582 222 1633 261 73

144 343 292 394 ruinis,
340 341 560 383 inlibatum
608 353 768 383 necesse
801 346 862 383 est
907 343 1143 396 permaneat
1190 344 1230 384 et
1261 343 1458 385 intactum
1506 356 1631 397 neque

144 412 274 453 ullum
309 423 471 452 sensum
503 410 738 452 mortiferae
770 410 968 463 passionis
1011 411 1232 453 adsumere.
1280 412 1376 464 quid
1409 413 1513 466 quod
1554 413 1631 454 ista

145 481 347 533 persuasio
380 492 455 521 non
489 481 651 521 tantum
683 481 743 520 est
774 480 985 521 incitatrix
1027 480 1076 521 ad
1109 481 1213 521 uitia
1243 480 1435 523 libertate
1467 495 1512 522 ex
1545 482 1631 535 ipsa

143 549 343 603 peccandi,
375 562 517 590 uerum
538 549 661 590 etiam
684 548 961 602 philosophiae
986 549 1114 601 ipsius
1135 562 1299 591 causam
1333 551 1445 592 tollit
1477 553 1517 591 et
1538 551 1627 592 ina-

109 618 246 661 sniter
285 631 374 660 eam
420 618 567 671 suscipi
614 618 898 671 superuacanei
936 618 940 673 Ι
975 618 1104 671 operis
1150 618 1394 660 difficultate
1432 620 1620 661 declarat.
1646 630 1750 663 f42b

95 980 125 1002 10

95 1676 125 1699 20

143 700 233 728 nam
266 687 299 728 si
331 700 471 728 uerum
503 690 576 737 est,
608 688 763 729 animas
794 687 945 729 nullius
977 700 1060 729 esse
1092 687 1310 740 participes
1342 688 1432 729 finis
1465 692 1503 729 et
1536 702 1624 730 cum

143 756 329 798 omnibus
362 757 535 798 saeculis
566 767 758 798 aeuorum
781 756 1055 809 perpetuitate
1085 758 1311 809 procedere,
1343 757 1439 809 quid
1462 758 1630 809 periculi

143 838 203 866 res
236 826 357 866 habet
389 825 633 879 contemptis
678 825 1056 879 praetermissisque
1088 825 1333 876 uirtutibus,
1385 827 1532 878 quihus
1572 829 1632 868 est

142 894 386 936 contractior
416 896 536 947 atque
581 895 778 935 horridior
810 895 907 947 uita,
941 894 1222 948 uoluptatibus
1268 907 1308 936 se
1349 894 1443 936 dare
1489 907 1534 935 ac
1564 908 1634 947 per

143 963 278 1004 omnia
309 963 526 1004 libidinum
558 975 704 1017 genera
733 963 972 1004 effrenatum
1018 976 1207 1018 spargere
1237 963 1445 1005 inmensae
1476 964 1633 1017 cupidi-

142 1032 240 1073 tatis
271 1031 484 1073 ardorem‘?
514 1045 563 1073 ne
595 1031 753 1074 deliciis
785 1034 962 1074 marceat
994 1033 1034 1073 et
1064 1033 1345 1085 corrumpatur
1375 1033 1632 1075 mollitudine

142 1102 369 1142 uitiorum?
401 1105 440 1142 et
471 1114 550 1154 qua
580 1101 728 1153 poterit
759 1102 914 1143 ratione
944 1101 1145 1154 corrumpi
1178 1101 1218 1142 id
1250 1102 1356 1154 quod
1386 1101 1631 1152 immortale,

142 1171 246 1223 quod
279 1183 435 1225 semper
467 1171 527 1211 est
559 1173 598 1211 et
638 1170 741 1211 nulli
778 1170 993 1212 obnoxium
1035 1170 1240 1224 passioni?
1279 1183 1327 1212 ne
1359 1171 1562 1212 sordescat
1593 1172 1632 1211 et

141 1239 350 1291 polluatur
390 1240 597 1281 actionum
642 1239 826 1292 turpium
865 1239 1088 1281 foeditate?
1133 1240 1174 1280 et
1205 1241 1273 1292 qui
1318 1240 1468 1292 poterit
1504 1240 1628 1292 pollui

109 1322 123 1345 5
144 1309 391 1361 corporalem
424 1309 529 1361 quod
561 1308 833 1350 substantiam
866 1320 944 1349 non
975 1309 1115 1358 habet,
1157 1309 1228 1349 aut
1258 1307 1327 1349 ubi
1364 1310 1499 1350 sedem
1533 1321 1630 1349 con-

142 1376 358 1418 taminatio
389 1389 546 1431 ponere,
580 1377 649 1418 ubi
671 1378 849 1430 spatium
872 1377 1031 1418 nullum
1064 1378 1125 1418 est
1155 1377 1197 1418 in
1219 1388 1296 1429 quo
1318 1379 1412 1418 nota
1443 1390 1483 1419 se
1504 1380 1632 1432 possit

143 1446 270 1500 ipsius
302 1446 658 1488 contaminationis
704 1446 908 1500 adfigere?
954 1459 1091 1488 rursus
1137 1459 1232 1489 uero
1276 1446 1310 1486 si
1356 1446 1514 1488 animae
1559 1447 1629 1488 leti

143 1516 290 1557 adeunt
323 1516 476 1565 ianuas,
507 1515 674 1569 Epicuri
705 1519 751 1556 ut
784 1516 983 1557 sententia
1003 1515 1207 1566 definitur,
1241 1527 1312 1556 nec
1344 1515 1400 1556 sic
1429 1528 1549 1557 causa
1571 1519 1630 1557 est

142 1587 378 1638 conpetens,
425 1597 495 1626 cur
527 1584 657 1637 expeti
698 1584 953 1638 philosophia
991 1584 1157 1635 debeat,
1190 1584 1349 1626 etiamsi
1398 1598 1537 1625 uerum
1571 1587 1631 1625 est

146 1653 309 1707 purgari
340 1654 415 1696 hac
448 1653 602 1694 animas
635 1654 756 1706 atque
790 1653 839 1694 ab
871 1654 980 1695 omni
1011 1666 1130 1706 puras
1161 1653 1389 1694 uitiositate
1419 1654 1629 1706 praestari.

141 1735 234 1764 nam
256 1723 289 1763 si
312 1722 582 1764 communiter
602 1722 752 1763 obeunt
773 1724 812 1763 et
833 1735 925 1763 cum
948 1722 1045 1775 ipsis
1068 1721 1299 1775 corporibus
1322 1734 1460 1763 sensus
1483 1723 1540 1762 eis
1562 1723 1629 1763 de-

142 1792 246 1845 perit
285 1791 618 1846 extinguiturque
656 1791 816 1842 uitalis,
864 1804 941 1832 non
973 1792 1133 1832 tantum
1181 1791 1242 1832 est
1274 1791 1417 1832 erroris
1461 1791 1627 1832 maximi

142 1874 282 1902 uerum
314 1861 483 1902 stolidae
516 1861 739 1911 caecitatis,
772 1860 928 1901 frenare
959 1860 1163 1913 ingenitos
1195 1859 1413 1912 adpetitus,
1447 1859 1629 1900 cohibere

142 1930 181 1970 in
214 1931 415 1984 angustiis
446 1930 590 1978 uitam,
637 1930 740 1971 nihil
772 1929 982 1983 indulgere
1028 1930 1216 1978 naturae,
1264 1940 1342 1968 non
1383 1929 1486 1980 quod
1520 1927 1629 1979 cupi-

93 2020 122 2041 -›·‚
143 2000 254 2041 dines
286 2000 477 2040 iusserint
498 2001 619 2052 atque
642 1998 929 2052 instigauerint
952 1999 1090 2047 facere,
1123 2010 1215 2038 cum
1237 1997 1349 2038 nulla
1382 1998 1419 2036 te
1449 1996 1630 2049 praemia

142 2069 244 2110 tanti
277 2069 426 2110 laboris
459 2068 670 2122 expectent
701 2080 792 2109 cum
824 2067 910 2108 dies
932 2066 1075 2107 mortis
1097 2065 1307 2107 aduenerit
1339 2066 1379 2105 et
1410 2064 1628 2117 corporali-

142 2138 215 2178 bus
261 2137 384 2179 fueris
430 2137 607 2178 uinculis
654 2136 869 2177 exsolutus.
922 2135 1117 2176 medietas
1159 2133 1164 2189 Ι
1206 2145 1298 2187 ergo
1344 2133 1539 2186 quaedam
1587 2136 1687 2179 eta!

142 2207 370 2248 animarum
395 2218 537 2259 anceps
560 2205 831 2259 ambiguaque
854 2204 997 2245 natura
1018 2204 1150 2244 locum
1175 2202 1451 2256 philosophiae
1472 2202 1627 2254 peperit
1643 2196 1665 2228 s·
1685 2197 1728 2229 ‘¹³1'

143 2277 182 2316 et
212 2288 375 2317 eausam
406 2289 476 2317 cur
506 2275 761 2327 appeteretur
791 2273 968 2323 inuenit,
1009 2274 1104 2314 dum
1135 2271 1358 2324 periculum
1391 2270 1549 2311 scilicet
1581 2283 1626 2311 ex

189 2494 208 2525 2
234 2493 395 2526 adsumat
422 2493 488 2526 Urs
625 2493 646 2525 ἴ)
671 2492 920 2535 superuacanci
940 2492 1032 2526 Sab:
1051 2493 1341 2536 superuacuaneis
1362 2491 1396 2525 P
1413 2501 1625 2534 superuacua

146 2550 362 2583 Secu-eckius
527 2551 548 2582 8
573 2548 805 2582 „uirtutibus
832 2549 866 2582 P
1033 2549 1075 2582 10
1099 2549 1243 2592 spatiari
1273 2549 1491 2582 Saea-emm<

145 2607 182 2638 11
211 2607 330 2639 ardore
356 2606 571 2640 Scan-eckius·
723 2608 874 2639 merceat
900 2606 934 2639 P
954 2616 1035 2640 corr
1180 2606 1224 2641 1ss
1253 2616 1376 2648 ponere
1404 2606 1493 2640 Sub:
1519 2616 1624 2649 ponc-

144 2665 195 2695 rct
215 2663 248 2696 P
385 2664 424 2696 17
444 2674 563 2697 russus
583 2663 618 2697 P
750 2663 792 2696 1&
811 2663 859 2696 sic
875 2662 965 2696 Sab:
983 2663 1011 2695 si
1031 2663 1065 2696 P
1205 2663 1244 2695 19
1263 2662 1437 2705 filo’‘’pliia
1455 2663 1489 2696 P

142 2719 190 2751 sit
220 2720 287 2753 I'rs
424 2721 468 2754 20
494 2720 554 2753 ha«-
588 2720 674 2752 lc'rs:
703 2719 764 2752 has
786 2719 820 2752 P
955 2720 997 2753 21
1026 2730 1101 2752 cum
1128 2719 1214 2753 Urs.-
1240 2719 1274 2752 in
1295 2720 1330 2753 P
1467 2720 1512 2752 ‘2⁴2
1533 2719 1622 2752 bita-

143 2776 187 2808 lis
216 2777 248 2809 P
383 2779 425 2811 26
451 2778 660 2811 :ul-uenerit
689 2778 722 2810 P
860 2778 904 2810 28
930 2777 1133 2820 pliilosofiae
1163 2778 1194 2810 P
1334 2777 1377 2810 ‘39
1403 2778 1623 2820 appeteretur

143 2833 222 2874 Sub,
248 2844 285 2867 r:
312 2836 475 2878 appetere
502 2846 561 2868 cur
590 2836 623 2869 P
