2032 3248
870 261 995 294 Liber
1024 261 1047 294 Ι.
1642 261 1692 301 27

223 375 346 416 inlata
392 375 571 416 decessit.
630 375 877 428 Pythagoras
923 374 1083 416 Samius
1135 374 1358 427 suspicione
1409 374 1693 415 dominationis

221 444 369 485 iniusta
392 444 509 484 uiuus
532 446 804 485 concrematus
827 444 867 484 in
892 443 982 484 fano
1006 444 1086 484 est:
1122 442 1313 495 numquid
1352 455 1396 483 ea
1426 455 1525 495 quae
1559 442 1693 483 docuit

220 512 303 552 uim
337 512 532 564 propriam
568 512 846 564 perdiderunt.
879 514 970 563 quia
1002 523 1080 551 non
1113 511 1301 563 spiritum
1334 513 1471 563 sponte
1504 510 1572 552 sed
1604 523 1693 551 cru-

221 580 385 621 delitate
433 581 637 632 adpetitus
683 580 852 621 effudit?
913 579 1102 621 similiter
1148 579 1327 620 Socrates
1374 579 1554 620 ciuitatis
1600 591 1694 620 suae

192 649 365 690 sindicio
397 651 609 690 damnatus
649 648 813 701 capitali
847 649 1026 690 adfectus
1059 650 1118 689 est
1155 660 1297 700 poena:
1344 648 1539 700 numquid
1572 647 1695 688 inrita

220 717 322 758 facta
361 723 453 758 sunt
492 730 590 769 quae
628 719 720 757 sunt
751 717 799 758 ab
832 728 874 757 eo
907 717 954 758 de
994 717 1171 758 moribus
1212 716 1433 757 uirtutibus
1473 718 1512 757 et
1551 716 1694 756 officiis

218 785 436 837 disputata.
469 786 562 838 quia
594 785 739 827 iniuria
770 787 956 839 expulsus
989 799 1007 827 e
1040 786 1125 827 uita
1157 787 1248 826 est?
1289 784 1601 825 innumerabiles
1624 785 1692 825 alii

217 854 344 906 gloria
390 856 427 895 et
475 854 628 895 uirtute
675 855 714 895 et
762 854 1058 895 existimatione
1103 854 1298 906 pollentes
1343 853 1693 894 acerbissimarum

217 922 406 962 mortium
441 923 587 974 experti
622 925 714 963 sunt
749 923 908 967 formas,
944 924 987 963 ut
1021 922 1208 974 Aquilius
1241 921 1459 962 Trebonius
1492 921 1692 975 Regulus:

175 990 411 1042 ionumquid
458 990 604 1031 idcirco
650 992 739 1043 post
784 992 910 1032 uitam
952 991 1117 1031 iudicati
1160 992 1254 1031 sunt
1286 992 1445 1043 turpes,
1492 990 1586 1042 quia
1618 1002 1693 1030 non

218 1058 376 1111 publica
408 1059 491 1112 lege
530 1059 705 1100 fatorum
737 1059 805 1100 sed
836 1060 978 1100 mortis
1011 1059 1227 1111 asperrimo
1257 1070 1398 1112 genere
1430 1058 1594 1099 lacerati
1627 1071 1694 1099 ex—

217 1126 460 1179 cruciatique
507 1127 742 1180 perierunt?
793 1140 907 1168 nemo
959 1140 1149 1180 umquam
1192 1128 1377 1168 innocens
1422 1127 1528 1168 male
1570 1127 1693 1168 inter-

218 1198 377 1248 emptus
424 1195 586 1236 infamis
631 1197 710 1244 est,
758 1209 828 1237 nec
871 1196 1138 1248 turpitudinis
1177 1195 1348 1236 alicuius
1392 1196 1694 1236 conmaculatur

218 1264 325 1313 nota,
357 1264 425 1316 qui
459 1276 531 1305 non
565 1277 634 1305 suo
667 1264 808 1305 merito
841 1277 984 1317 poenas
1017 1276 1159 1318 graues
1191 1264 1259 1305 sed
1292 1264 1524 1305 cruciatoris
1556 1276 1694 1318 perpe-

173 1333 318 1373 mtitur
364 1334 571 1374 saeuitate.
637 1336 675 1374 et
720 1335 874 1382 tamen,
920 1345 940 1373 o
974 1333 1064 1382 isti,
1113 1333 1179 1384 qui
1228 1332 1433 1374 hominem
1466 1346 1535 1373 nos
1567 1332 1693 1374 colere
1711 1334 1756 1374 41

218 1404 345 1442 morte
393 1402 576 1443 functum
622 1402 887 1456 ignominiosa
935 1402 1095 1451 ridetis,
1142 1413 1268 1442 nonne
1315 1401 1503 1442 Liberum
1548 1404 1587 1441 et
1625 1413 1694 1442 uos

218 1471 372 1523 patrem
396 1470 654 1511 membratim
679 1470 727 1511 ab
751 1470 909 1511 Titanis
931 1470 1173 1522 dissipatum
1196 1470 1379 1510 fanorum
1397 1470 1694 1511 consecratione

216 1538 434 1579 mactatis?
485 1550 610 1579 nonne
642 1538 928 1592 Aesculapium
970 1538 1284 1579 medicaminum
1323 1539 1564 1590 repertorem
1604 1539 1694 1589 post

218 1618 363 1659 poenas
395 1610 434 1647 et
467 1606 665 1660 supplicia
704 1606 887 1647 fulminis
929 1607 1134 1647 custodem
1168 1606 1476 1660 nuncupauistis
1508 1608 1547 1647 et
1578 1618 1694 1658 prae-

173 1692 204 1717 20
218 1674 344 1716 sidem
377 1674 565 1716 sanitatis
597 1675 842 1716 ualetudinis
874 1676 913 1716 et
944 1675 1116 1716 salutis?
1162 1687 1290 1716 nonne
1322 1675 1454 1727 ipsum
1476 1674 1693 1715 Herculem

218 1755 410 1797 magnum
443 1743 651 1784 sacrificiis
683 1743 826 1784 hostiis
858 1745 898 1784 et
930 1745 1019 1784 ture
1051 1743 1236 1784 inuitatis
1258 1743 1432 1794 incenso,
1466 1755 1583 1795 quem
1615 1742 1692 1794 ipsi

217 1823 287 1852 uos
320 1811 429 1852 fertis
461 1812 602 1853 uiuum
634 1813 778 1853 arsisse
802 1812 890 1865 post
911 1823 1056 1864 poenas
1079 1813 1118 1852 et
1140 1813 1438 1853 concrematum
1460 1811 1501 1852 in
1524 1810 1693 1851 funestis

219 1879 457 1921 busticetis?
489 1892 616 1921 nonne
640 1880 757 1921 illum
784 1881 897 1921 Attin
922 1880 1121 1934 Phrygem
1151 1887 1153 1933 l
1182 1880 1381 1921 abscisum
1414 1880 1453 1920 et
1475 1879 1691 1932 spoliatum
1710 1888 1729 1920 f.
1747 1889 1786 1920 15

220 1950 303 1990 uiro
338 1960 504 2002 magnae
538 1949 678 1990 matris
712 1949 751 1988 in
775 1948 907 2001 adytis
939 1948 1058 1989 deum
1090 1949 1323 2001 propitium,
1357 1948 1478 1989 deum
1510 1949 1692 1988 sanctum

173 2032 202 2056 25
218 2017 426 2058 Gallorum
475 2017 789 2058 conclamatione
835 2017 1072 2058 testamini?
1122 2029 1249 2058 nonne
1296 2017 1428 2069 ipsum
1475 2016 1694 2057 Romulum

218 2088 372 2139 patrem
415 2087 645 2127 senatorum
688 2085 874 2126 manibus
915 2085 1178 2126 dilaceratum
1213 2087 1373 2126 centum
1406 2085 1446 2125 et
1478 2084 1692 2136 Quirinum

218 2167 301 2196 esse
333 2154 528 2195 Martium
559 2154 694 2195 dicitis
727 2161 765 2194 et
802 2153 1074 2195 sacerdotibus
1099 2155 1138 2195 et
1174 2153 1457 2205 puluinaribus
1489 2153 1692 2194 honoratis

217 2226 256 2264 et
287 2223 325 2263 in
359 2224 523 2264 aedibus
555 2223 730 2265 adoratis
761 2223 1023 2276 amplissimis
1055 2226 1093 2263 et
1125 2224 1212 2275 post
1249 2223 1343 2263 haec
1375 2222 1507 2263 omnia
1539 2223 1693 2263 caelum

217 2292 439 2333 ascendisse
471 2292 645 2333 iuratis?
676 2294 745 2332 aut
777 2292 903 2345 igitur
935 2291 1091 2332 ridendi
1125 2293 1164 2332 et
1186 2302 1256 2331 uos
1278 2291 1386 2338 estis,
1420 2291 1487 2342 qui
1510 2290 1692 2331 homines

172 2375 203 2399 30
217 2360 468 2413 grauissimis
502 2360 744 2401 cruciatibus
776 2360 1037 2411 interemptos
1068 2360 1160 2400 deos
1193 2358 1344 2411 putatis
1377 2359 1415 2398 et
1447 2358 1590 2409 colit-is,
1624 2360 1693 2399 aut

261 2530 281 2559 Γ»
306 2528 464 2571 capitali&
486 2530 516 2560 Γ
651 2528 667 2559 ἶ
695 2528 750 2560 alr
777 2528 808 2559 P
943 2531 963 2561 ὅ
988 2527 1287 2561 zi‹···ruissiniai·u111
1317 2528 1346 2559 Ι)
1369 2538 1448 2561 corr
1575 2529 1611 2560 11
1639 2538 1692 2560 cx-

216 2585 424 2628 cruciutique
452 2586 481 2617 Ρ
634 2585 671 2617 12
698 2584 889 2626 perficiunt
915 2585 946 2616 P
1100 2585 1345 2627 intest-emptus
1372 2586 1403 2616 P
1556 2585 1596 2617 15
1620 2594 1691 2618 sac-

217 2641 328 2675 uitatc
369 2642 453 2674 I'rs:
480 2641 685 2674 sacuitutem
717 2641 747 2674 P
894 2641 932 2673 17
967 2641 1088 2673 titanis
1117 2642 1146 2672 P
1285 2642 1530 2675 consecrationi
1564 2641 1691 2685 aptatis

219 2698 288 2731 δαὶ)
431 2700 468 2731 15
493 2708 603 2731 nonne
623 2697 711 2730 Sao:
738 2707 804 2729 non
833 2697 866 2730 P
1002 2698 1037 2730 21
1069 2697 1189 2730 hostis
1209 2698 1239 2729 Ι)
1373 2698 1416 2731 22
1434 2699 1581 2732 funestis
1605 2698 1691 2731 Urs:

216 2754 410 2788 funestibus
437 2756 469 2786 P
626 2755 668 2787 23
695 2744 783 2797 frige
808 2754 838 2785 Ι1
996 2753 1183 2787 abscissum
1211 2755 1280 2787 &ab
1432 2755 1474 2788 24
1502 2756 1688 2799 propitium

216 2810 313 2844 deum
348 2812 420 2845 adel
447 2823 463 2846 c
601 2812 643 2845 ΞΓ)
675 2822 760 2844 none
794 2812 823 2842 I'
846 2822 924 2843 corr
952 2822 968 2843 ι·
1103 2812 1145 2844 26
1178 2816 1362 2844 scna'0rum
1392 2813 1422 2844 P
1556 2813 1599 2846 29
1632 2813 1689 2847 ho-

217 2869 319 2902 minis
348 2871 376 2900 P
400 2880 479 2903 corr
505 2884 521 2902 c
665 2870 707 2901 :30
734 2868 938 2911 int··rcnipto
965 2868 996 2900 P
1019 2878 1098 2902 corr
1123 2882 1139 2901 ι]
