2032 3248
459 242 515 274 De
540 240 879 284 singularitate
906 241 1174 274 clericorum
1209 241 1407 275 c.15-16.
1600 244 1673 285 191

184 349 343 383 rectae
375 349 486 383 sunt
516 346 720 384 semitae
765 358 929 384 eorum
961 345 1040 393 qui
1072 346 1117 383 in
1149 348 1279 383 terra
1310 349 1444 392 sunt,
1477 349 1520 384 et
1561 358 1678 394 quae

181 414 273 451 tibi
319 415 514 462 placent
560 414 835 452 didicerint
881 414 1116 460 homines,
1163 416 1207 451 et
1251 425 1337 461 per
1378 415 1675 462 sapientiam

183 483 347 520 sanati
380 485 504 520 sunt.
537 483 772 520 ambulantes
809 483 845 520 in
868 482 1033 520 tenebris
1057 482 1207 520 sibimet
1230 482 1322 530 ipsis
1346 482 1470 521 lumen
1491 494 1564 521 non
1586 495 1674 530 pos-

182 553 268 588 sunt
290 551 498 599 ostendere,
520 551 594 588 nisi
618 551 828 589 ultroneum
850 563 888 588 se
906 551 1030 598 ipsum
1051 562 1124 588 non
1146 551 1363 589 uidentibus
1385 552 1517 589 offerat
1538 551 1676 590 lumen.

154 635 167 659 5
182 621 235 658 ita
256 621 419 658 humana
440 621 603 659 caecitas
625 622 672 659 ad
693 622 811 659 Deum
834 633 907 658 non
929 621 1061 669 dirigit
1092 621 1190 658 uiam
1212 620 1286 658 nisi
1308 621 1387 668 ipse
1410 621 1600 659 lucernam
1623 622 1675 659 le·

179 690 238 736 gis
260 690 445 727 ostendat.
479 690 574 727 unde
597 690 718 727 Dauid
740 690 793 727 sic
815 689 982 737 loquitur
1005 689 1145 727 dicens.
1178 690 1378 726 lucerna
1408 691 1505 736 est,
1539 690 1676 736 inquit,

179 758 382 805 pedibus
414 759 529 796 ineis
561 760 755 796 uerbum
787 760 916 795 tuum
947 760 992 796 et
1023 758 1101 795 lux
1134 758 1324 796 semitis
1354 758 1482 795 meis.
1532 760 1568 795 et
1605 758 1675 796 ite-

179 839 280 864 rum:
314 829 622 873 praeceptum
655 826 844 865 Domini
890 826 1102 864 lucidum
1147 825 1450 863 inluminans
1497 826 1676 864 oculos.

178 895 246 932 hoc
269 898 327 932 est
348 906 436 942 ergo
457 895 654 932 luciferum
676 896 932 943 quodcumque
969 907 991 932 a
1013 894 1088 933 Deo
1126 894 1239 932 fuerit
1269 894 1502 931 intimatum:
1536 897 1574 932 et
1608 895 1677 933 hoc

136 976 165 999 10
181 964 256 1001 Deo
295 964 449 1010 dignum
486 963 584 1010 quod
620 963 700 1010 ipse
723 963 823 1002 Deus
860 963 1048 1001 uoluntati
1086 974 1173 1000 suae
1212 963 1354 1000 fatetur
1385 965 1599 1010 acceptum,
1634 966 1676 1000 ut

178 1035 304 1069 exerat
341 1043 407 1079 per
442 1031 566 1069 omnia
588 1032 831 1070 dominatum.
874 1032 1040 1078 alioquin
1070 1042 1137 1069 nec
1159 1042 1226 1069 nos
1257 1031 1357 1069 serui
1378 1031 1676 1069 adscriberemur

178 1112 244 1138 nec
266 1101 346 1148 ipse
368 1102 548 1138 Dominus
570 1102 795 1147 haberetur,
834 1102 867 1139 si
903 1101 1106 1139 secundum
1143 1101 1377 1138 uoluntatem
1399 1103 1568 1139 nostram
1590 1112 1674 1148 per-

178 1170 409 1207 mitteremur
427 1170 627 1217 inpendere
651 1170 873 1208 seruitutem
891 1172 928 1208 et
945 1169 1101 1207 arbitrio
1124 1171 1250 1207 nostro
1274 1181 1347 1206 non
1364 1169 1434 1206 Dei
1451 1169 1675 1216 eligeremus

177 1238 472 1276 exercitamenta
493 1238 675 1276 institiae.
698 1238 794 1276 tales
812 1238 953 1276 Paulus
971 1238 1164 1286 apostolus
1181 1238 1358 1275 nanificat
1381 1237 1520 1283 dicens,
1544 1237 1674 1285 igno-

134 1321 163 1344 15
180 1308 364 1352 rantes,
397 1307 537 1353 inquit,
570 1307 653 1344 Dei
684 1307 933 1344 iustitiam
966 1309 1009 1343 et
1041 1318 1170 1344 suam
1193 1307 1416 1344 uolentes
1439 1307 1671 1352 statuere,

177 1375 407 1412 institiae
442 1375 525 1413 Dei
566 1387 654 1413 non
686 1378 796 1413 sunt
827 1376 1052 1413 subiecti.
1085 1376 1267 1413 tollantur
1289 1387 1386 1413 nunc
1408 1386 1426 1412 e
1449 1375 1569 1413 medio
1592 1386 1672 1412 am-

178 1444 290 1489 bages
330 1444 423 1481 istae
445 1446 520 1481 tam
554 1455 672 1481 uanae
696 1445 732 1481 et
756 1444 1009 1490 querimoniae
1031 1441 1198 1481 inaniter
1220 1444 1483 1481 calumniosae.
1527 1444 1573 1481 ad
1595 1443 1671 1490 spi-

178 1512 309 1549 ritales
334 1514 440 1550 actus
463 1524 546 1549 cum
567 1513 719 1550 feminis
741 1513 819 1551 Deo
841 1513 995 1551 iuuante
1017 1524 1089 1550 non
1110 1512 1311 1551 metuimus
1333 1512 1501 1559 adunari,
1525 1512 1589 1560 qui
1611 1523 1676 1559 per

177 1580 244 1617 Dei
279 1580 483 1618 iussionem
506 1581 691 1619 iustitiam
729 1593 795 1619 nos
833 1581 1018 1620 credimus
1042 1582 1208 1628 operari,
1246 1592 1289 1618 ex
1311 1593 1382 1628 qua
1404 1581 1511 1618 nobis
1533 1581 1671 1619 scimus

131 1664 163 1689 ρο
176 1649 405 1687 munimenta
428 1650 599 1697 supponi.
630 1650 807 1698 priuatim
829 1661 917 1688 uero
939 1650 1218 1688 continentibus
1240 1661 1351 1697 qnam
1373 1650 1575 1696 plurimum
1598 1650 1672 1688 cle-

174 1717 261 1755 ricis
283 1720 319 1754 et
350 1718 561 1765 uirginibus
583 1718 749 1766 hospitia
770 1720 978 1766 separanda
1000 1720 1099 1766 sunt,
1124 1718 1213 1767 quia
1249 1719 1345 1766 quod
1366 1718 1466 1756 Deus
1503 1718 1672 1765 iniquum

176 1786 315 1823 iudicat
337 1786 476 1823 iustum
500 1798 580 1824 esse
601 1798 674 1824 non
696 1789 833 1834 potest.
857 1788 1142 1825 contubernium
1164 1790 1289 1825 tamen
1312 1787 1385 1825 etsi
1407 1787 1511 1824 nulla
1534 1787 1572 1823 in
1591 1787 1670 1834 ipso

180 1855 421 1892 contubernio
444 1855 567 1903 turpis
589 1856 817 1893 consuetudo
841 1857 1037 1902 noscatur,
1056 1855 1238 1901 accendit,
1262 1855 1350 1902 quia
1372 1855 1593 1902 inpossibile
1615 1857 1672 1893 est

176 1923 430 1970 integritatem
451 1924 498 1961 ad
520 1924 699 1961 uictorias
733 1924 929 1971 peruenire
960 1935 1053 1972 quae
1091 1924 1282 1962 contendit
1313 1926 1443 1962 contra
1475 1924 1543 1962 Dei
1565 1925 1668 1962 iussa

130 2005 160 2030 25
175 2002 354 2038 pugnare.
393 1994 573 2038 quantum
605 1992 702 2029 enim
725 1993 784 2029 lex
807 1992 1089 2031 oboedientibus
1112 1993 1282 2041 suggerit
1304 1993 1549 2039 adiutorium,
1587 1995 1671 2030 tan-

174 2062 251 2096 tum
289 2060 615 2097 inobaudientibns
652 2060 785 2097 incitat
808 2060 897 2107 quin
920 2060 1032 2098 imino
1070 2062 1263 2108 peccatum
1300 2061 1446 2098 dicente
1478 2061 1667 2108 apostolo:

177 2128 355 2175 uirtus,
388 2129 522 2176 inquit,
558 2129 632 2166 lex
663 2130 869 2177 peccati.
903 2130 965 2177 qui
987 2142 1053 2167 nos
1076 2141 1163 2177 ergo
1196 2130 1306 2167 iussit
1327 2132 1368 2167 ut
1391 2131 1429 2167 in
1453 2131 1568 2167 sacris
1591 2131 1668 2167 suis

174 2208 254 2233 culn
278 2197 428 2234 seminis
449 2197 733 2245 triumphemus,
757 2199 836 2246 ipse
859 2210 925 2236 nos
948 2199 1051 2236 iubet
1071 2200 1113 2236 ut
1130 2198 1305 2246 priuatim
1324 2210 1469 2246 pugnas
1488 2199 1668 2236 femineas

173 2275 380 2303 caueamus.

261 2421 281 2454 6
305 2421 362 2456 Ps.
392 2422 466 2463 118,
495 2423 569 2456 105.
845 2424 866 2457 8
892 2423 946 2456 Ps.
975 2423 1027 2463 18,
1054 2423 1084 2457 9.
1358 2425 1400 2458 14
1426 2424 1525 2458 Rom.
1554 2424 1605 2465 10,
1631 2424 1662 2457 3.

171 2477 212 2510 ‘27
239 2477 254 2510 Ι
280 2478 356 2512 Cor.
386 2479 438 2519 15,
464 2479 518 2513 56.

260 2621 281 2653 2
310 2620 508 2654 didicerunt
539 2620 580 2655 0ι
806 2622 824 2654 7
852 2622 1007 2656 semittis
1038 2625 1066 2655 (Ἰ
1283 2625 1303 2657 9
1329 2624 1437 2657 fuerit
1462 2635 1482 2658 a
1508 2624 1570 2658 deo
1597 2635 1615 2657 v

177 2677 214 2710 11
242 2679 359 2711 exerat
390 2678 427 2718 C,
455 2680 610 2711 exerceat
635 2690 655 2713 υ
751 2679 792 2712 12
819 2679 1056 2723 uoluntatem]
1083 2680 1339 2723 aequalitatem
1362 2681 1390 2716 C
1480 2681 1525 2714 20
1550 2681 1662 2714 moni-

173 2736 289 2767 menta
320 2735 363 2769 C¹
517 2736 560 2769 22
586 2736 666 2780 etsi]
695 2736 724 2769 si
752 2737 781 2769 (7
931 2738 974 2770 223
998 2740 1163 2771 nascatur
1187 2739 1369 2772 Erasmus
1524 2737 1665 2772 accedat

173 2801 217 2824 ex
242 2792 368 2825 accidit
399 2793 426 2826 C
450 2803 493 2825 m.
521 2795 545 2826 2
721 2794 763 2826 2-1
790 2794 975 2827 uictoriam
1002 2806 1021 2828 z·
1191 2795 1234 2828 ‘26
1260 2795 1345 2838 quin
1372 2795 1479 2828 immo
1506 2806 1571 2829 om.
1599 2806 1619 2829 v

173 2848 215 2881 ‘27
241 2850 372 2891 peccati
398 2849 450 2882 lex
476 2861 495 2883 v
635 2851 679 2883 <28
704 2861 766 2884 nos
793 2861 856 2885 om.
883 2862 902 2884 v
