2032 3248
356 195 440 238 258
992 191 1236 237 Appendix.

356 302 507 350 plastus
528 302 651 340 Adam
674 303 713 339 et
735 301 856 340 omnis
887 301 998 339 homo
1031 300 1188 338 credens
1216 299 1517 338 misericordiam
1547 311 1568 337 a
1589 300 1666 338 Deo
1696 302 1754 338 est
1783 312 1875 339 con-

358 373 524 409 secutus.

293 439 342 476 11
417 440 588 488 Denique
610 442 848 478 reuertamur
870 440 918 477 ad
939 439 1123 485 Exodum,
1155 439 1195 476 id
1216 440 1275 476 est
1296 439 1344 476 ad
1370 438 1471 477 diem
1490 439 1660 477 Paschae
1697 439 1874 487 primum,

357 511 395 547 et
416 509 549 548 exinde
572 521 639 557 per
660 509 830 547 ordinem
852 508 1136 547 dinumeremus
1159 520 1278 546 annos
1300 519 1419 557 usque
1435 508 1484 546 ad
1501 508 1707 547 Christum.
1731 508 1771 546 in
1788 507 1874 556 qui-

356 579 427 617 bus
449 578 560 616 annis
582 579 820 617 inueniemus
842 577 952 616 nobis
975 589 1114 626 magna
1135 579 1173 616 et
1194 577 1437 616 admirabilia
1458 580 1696 616 sacramenta
1718 578 1873 616 demon·
1889 596 1903 620 5

358 647 486 695 strari,
529 647 813 686 dinumerantes
849 648 977 695 itaque
1012 658 1080 695 per
1101 647 1292 686 ordinem:
1332 648 1377 685 de
1415 646 1475 685 die
1513 659 1585 695 quo
1623 648 1795 686 exierunt
1831 659 1876 686 ex

357 718 532 766 Aegypto
569 729 689 765 usque
726 718 775 756 ad
797 717 896 755 diem
918 728 990 765 quo
1013 717 1213 765 oportebat
1235 728 1298 755 eos
1320 717 1421 755 exire
1443 717 1489 754 de
1511 728 1635 755 eremo
1667 717 1757 755 anni
1786 717 1875 755 XL:

357 789 537 825 exeuntes
559 788 686 825 autem
708 787 752 824 de
775 798 897 824 eremo
920 788 958 824 et
979 786 1217 824 introeuntes
1239 787 1277 824 et
1306 785 1547 834 possidentes
1569 797 1591 823 a
1621 785 1780 825 Domino
1803 786 1879 824 sibi

357 856 626 904 repromissam
648 857 805 903 terram,
844 867 866 893 a
886 856 976 893 Iesu
997 855 1076 893 filio
1097 856 1206 894 Naue
1243 867 1363 903 usque
1400 856 1448 894 ad
1471 855 1624 893 Samuel
1645 855 1809 894 iudicem
1840 857 1878 894 et

357 925 429 963 Dei
451 926 687 964 sacerdotem
721 926 928 963 secundum
959 924 1073 963 Pauli
1101 925 1138 963 b.
1182 925 1345 974 apostoli
1366 936 1599 972 sermonem,
1637 925 1704 973 qui
1740 926 1879 973 spiritu
1892 945 1925 969 10

357 995 510 1033 Domini
531 996 687 1033 edoctus
709 994 845 1033 retulit
867 1007 930 1034 eos
948 994 1128 1043 implesse
1151 1006 1269 1034 3111103
1292 994 1456 1033 CCCCL.
1494 995 1577 1043 ipse
1613 997 1673 1034 est
1712 996 1876 1044 Samuel,

358 1064 424 1113 qui
444 1064 552 1102 iussu
568 1065 639 1102 Dei
660 1064 769 1102 unxit
787 1064 876 1102 Saul
897 1064 938 1102 in
958 1075 1088 1112 regem
1110 1064 1175 1112 qui
1195 1064 1300 1112 prior
1313 1065 1490 1112 regnauit
1505 1065 1544 1103 in
1561 1065 1699 1113 populo
1716 1066 1877 1105 Iudaeo-

358 1146 442 1171 rum
453 1133 562 1171 3111113
573 1133 749 1182 XL.post
763 1145 874 1181 quem
892 1134 1070 1182 regnauit
1078 1133 1203 1171 Dauid
1212 1134 1322 1172 annis
1332 1134 1396 1171 XL
1407 1134 1602 1173 mensibus
1612 1135 1678 1173 VI.
1703 1136 1880 1175 Salomon

358 1203 460 1241 filius
478 1203 559 1241 eius
576 1202 684 1241 annis
701 1203 849 1241 XXXX.
868 1203 1037 1242 Roboam
1053 1203 1164 1241 annis
1182 1203 1304 1241 XVII.
1322 1204 1423 1242 Abia
1439 1204 1550 1242 annis
1567 1205 1639 1243 III.
1664 1205 1743 1243 Asa
1765 1205 1878 1243 annis

358 1272 457 1310 XLI.
480 1273 666 1321 Iosaphat
688 1273 797 1311 annis
820 1273 934 1311 XXV.
953 1273 1079 1311 Ioram
1102 1273 1213 1311 annis
1234 1273 1343 1311 VIII.
1364 1273 1547 1312 Ochozias
1568 1286 1666 1312 anno
1687 1275 1719 1313 I.
1752 1275 1876 1313 Atha·
1894 1291 1925 1316 15

358 1341 431 1380 lias
446 1342 555 1380 annis
569 1342 676 1380 VIII.
691 1342 778 1381 Ioas
791 1342 901 1380 annis
913 1342 992 1382 XL.
1007 1343 1184 1381 Amasias
1201 1343 1310 1381 annis
1327 1343 1525 1382 XXVIIII.
1542 1343 1652 1382 Ozias
1669 1344 1778 1382 annis
1791 1345 1878 1382 LII.

359 1412 515 1451 Ioathas
536 1412 646 1450 annis
667 1412 767 1451 XVI.
801 1413 928 1451 Achas
950 1413 1061 1450 annis
1083 1413 1184 1450 XVI.
1221 1413 1406 1451 Ezechias
1429 1413 1539 1451 annis
1561 1413 1759 1451 XXVIIII.
1795 1415 1878 1452 Ma-

359 1494 492 1520 nasses
515 1482 625 1520 annis
646 1482 723 1520 LV.
747 1482 864 1521 Amos
886 1482 996 1520 annis
1018 1483 1070 1522 II.
1094 1483 1214 1521 Iosias
1237 1482 1348 1521 annis
1369 1483 1505 1520 XXXI.
1537 1484 1698 1521 Ioachaz
1733 1484 1878 1522 mensi-

359 1553 429 1590 bus
451 1551 523 1589 III.
562 1552 704 1590 Ioacim
723 1552 833 1590 annis
854 1551 921 1591 XI.
959 1552 1102 1590 Ioacim
1122 1551 1226 1589 filius
1248 1552 1342 1598 eius,
1366 1551 1431 1600 qui
1453 1553 1490 1590 et
1520 1552 1721 1590 Iechonias
1755 1553 1880 1591 dictus

359 1622 438 1667 est,
482 1621 616 1659 diebus
639 1623 800 1660 centum.
843 1621 884 1659 hi
921 1623 1011 1659 sunt
1047 1621 1137 1659 anni
1180 1621 1340 1671 [Regum
1375 1621 1457 1669 DV,
1500 1622 1547 1660 ab
1568 1622 1696 1660 Exodo
1738 1622 1879 1671 autem]
1894 1637 1928 1663 20
2003 1670 2013 1691 s

360 1690 736 1729 DCCCCLXXXXV.
775 1692 813 1729 et
849 1692 961 1739 capta
1001 1693 1059 1729 est
1080 1691 1223 1729 Iudaea
1254 1703 1276 1728 a
1297 1702 1386 1739 rege
1408 1691 1772 1738 Nabuchodonosor,
1816 1690 1882 1739 qui
2003 1688 2016 1735 ξ’

360 1760 634 1809 transmigrato
657 1760 838 1799 Iechonia
860 1761 900 1798 in
920 1761 1174 1810 Babyloniam
1211 1761 1414 1799 constituit
1445 1761 1486 1799 in
1506 1761 1747 1800 Hierusalem
1770 1761 1878 1799 Sede·
2002 1763 2010 1810 1

361 1829 459 1867 ciam
480 1841 610 1877 regem
631 1831 741 1878 Iuda,
765 1843 877 1879 quem
898 1832 986 1879 post
1008 1831 1063 1868 XI
1091 1843 1209 1869 annos
1233 1831 1489 1879 expugnauit,
1514 1832 1552 1869 et
1573 1830 1672 1869 filios
1695 1830 1777 1868 eius
1794 1831 1881 1868 ante
2001 1835 2014 1877 1

2005 1643 2015 1659 ⁴*
2008 1632 2011 1635 ·
2008 1597 2014 1625 -
2008 1492 2017 1591 -wvvu-
2008 1379 2018 1487 emm—7»
2009 0 2032 1371 vonn-«2a·s»-³--.--.2=ue-2-w1.wowwc²»vr*esnaeaeue’ffi'lfllm

456 2022 476 2055 1
501 2033 521 2056 a
547 2021 609 2056 deo
635 2032 700 2056 om.
729 2033 746 2056 0
941 2022 963 2056 3
987 2022 1120 2066 pascha
1145 2022 1163 2055 1
1188 2022 1312 2056 exinde
1338 2034 1355 2057 0
1540 2022 1564 2056 4
1588 2032 1698 2056 annos
1724 2032 1789 2056 om.
1817 2032 1834 2056 0

363 2080 385 2114 5
410 2079 619 2114 admiranda
647 2091 687 2114 cv
829 2080 850 2114 6
874 2081 1104 2114 numerantes
1131 2091 1149 2114 c
1289 2080 1412 2124 itaque
1438 2081 1479 2113 ut
1505 2079 1577 2114 dixi
1603 2091 1644 2114 cv
1784 2079 1826 2113 de
1851 2079 1880 2121 b,

363 2148 384 2171 a
410 2149 449 2172 cv
601 2138 621 2172 7
647 2138 788 2172 heremo
815 2138 870 2172 bis
896 2138 915 2172 b
1066 2139 1088 2173 8
1115 2139 1150 2172 et
1176 2138 1398 2182 possidentes
1425 2138 1455 2178 b,
1481 2139 1522 2171 ut
1546 2137 1770 2181 possiderent
1796 2148 1836 2172 cv

363 2195 427 2230 deo
456 2207 495 2231 cv
612 2196 695 2241 sibi]
723 2196 799 2230 siue
825 2208 843 2231 0
970 2197 991 2231 9
1018 2207 1038 2230 3
1063 2196 1155 2241 10311]
1183 2196 1228 2230 ab
1253 2196 1411 2230 hominis
1437 2196 1456 2230 b
1580 2195 1773 2229 samuelem
1798 2205 1837 2229 cv

364 2254 408 2287 10
433 2254 661 2299 sacerdotem]
688 2254 837 2288 leuitam
863 2266 880 2289 0
977 2255 1018 2288 11
1044 2254 1101 2288 dei
1120 2265 1160 2289 cv
1256 2254 1462 2298 impleuisse
1480 2264 1592 2287 annos
1619 2253 1796 2288 CCCCXL
1816 2264 1833 2288 0

365 2311 410 2345 12
435 2311 535 2346 1113311
561 2313 592 2354 b,
619 2323 660 2346 ex
685 2314 870 2356 praecepto
896 2323 936 2347 ev
1130 2312 1168 2346 in
1195 2313 1296 2357 regni
1322 2312 1384 2356 qui
1409 2322 1491 2346 orsu
1516 2311 1683 2355 regnauit
1709 2311 1746 2344 in
1771 2322 1881 2355 popu-

364 2369 439 2403 lum
465 2381 482 2404 0
579 2370 623 2404 13
647 2369 794 2414 XXXX]
822 2369 923 2403 XXX
949 2381 966 2405 0
1072 2370 1238 2414 regnauit
1264 2381 1330 2404 om.
1357 2381 1375 2404 c
1481 2368 1543 2402 XL
1569 2368 1749 2403 mensibus
1775 2369 1826 2403 VI
1851 2369 1880 2410 b,

364 2426 479 2461 XLVI
503 2438 520 2462 0
685 2428 729 2462 14
753 2428 850 2462 filius
876 2428 952 2462 01113
977 2439 1044 2463 om.
1071 2429 1090 2463 b
1256 2428 1372 2473 XVII]
1400 2427 1484 2462 XVI
1509 2428 1528 2462 b
1693 2427 1791 2461 abias
1819 2428 1837 2462 b

365 2484 445 2518 asaf
469 2486 488 2519 b
691 2487 735 2520 15
760 2486 853 2531 XLI]
880 2486 946 2519 XV
972 2487 991 2520 b
1180 2486 1313 2520 iosafat
1338 2487 1357 2520 b
1558 2485 1669 2530 XXW
1699 2485 1794 2519 XLV
1820 2497 1838 2520 0

365 2543 480 2576 oozias
506 2554 523 2577 0
818 2543 975 2578 athalias
1007 2545 1064 2586 W,
1093 2543 1256 2588 godolias
1283 2545 1322 2578 bc
1573 2544 1616 2578 16
1641 2543 1714 2588 XL]
1742 2543 1794 2577 XI
1819 2554 1838 2578 0

364 2599 447 2644 LII]
475 2600 575 2634 XLII
600 2612 617 2635 0
753 2602 795 2636 17
821 2602 982 2636 1030113111
1008 2612 1026 2636 0
1162 2602 1205 2636 18
1230 2601 1361 2646 XXXI]
1389 2600 1474 2634 XXI
1500 2600 1519 2635 b
1649 2601 1793 2635 ioachas
1819 2601 1838 2635 b

367 2658 410 2691 19
435 2657 503 2702 III]
532 2659 610 2693 IIII
637 2670 655 2694 0
805 2660 960 2694 1030111111
986 2660 1005 2694 b
1161 2660 1249 2694 item
1274 2659 1402 2693 ioacim
1428 2670 1468 2693 cv
1631 2659 1793 2693 iechonia
1819 2670 1837 2693 0

365 2714 410 2749 20
434 2714 473 2748 111
499 2718 582 2749 sunt
608 2718 637 2758 b,
662 2717 756 2752 fiunt
780 2717 819 2752 in
845 2729 880 2752 se
905 2729 944 2752 ev
1136 2728 1283 2762 regum.
1300 2743 1307 2750 .
1324 2744 1329 2750 .
1346 2718 1468 2750 autem
1494 2726 1558 2750 om.
1586 2716 1605 2750 b
1802 2714 1881 2759 DV]

366 2771 460 2806 DCV
486 2784 503 2807 0
528 2774 676 2817 (rectius
700 2774 779 2819 DV)
898 2776 943 2809 21
968 2775 1235 2809 nabuchonosor
1260 2775 1280 2809 b
1397 2773 1442 2807 22
1467 2774 1503 2807 111
1528 2773 1575 2818 1).]
1603 2773 1795 2817 babylonia
1819 2783 1837 2807 0

367 2829 567 2865 sedechiam
593 2832 612 2866 b
752 2833 797 2867 23
821 2833 914 2878 post]
941 2844 1003 2877 per
1028 2834 1047 2867 b
