2032 3248
336 226 391 260 Ad
418 227 594 271 vigilium
620 228 819 273 episcopum
845 229 887 263 de
912 228 1059 262 Iudaica
1085 227 1337 262 incredulitate
1356 239 1382 261 (·.
1409 229 1510 262 4-6.
1599 232 1677 270 125

228 332 462 383 Frequentat
500 335 638 383 ubique
673 338 785 384 atque
821 336 1040 373 manifestat
1074 336 1312 383 prophetatio
1344 338 1574 380 cunctorum,
1613 334 1716 382 qui5

171 407 301 443 sancto
333 405 469 451 spiritu
505 408 771 452 praemonente
807 406 994 444 aduentus
1016 406 1167 443 Domini
1203 407 1405 443 metatores
1443 415 1524 442 esse
1554 403 1679 442 sortiti

171 476 270 512 sunt.
304 475 404 512 hunc
442 475 568 513 lumen
598 475 746 514 saeculo
770 475 899 513 datum
922 478 958 513 et
979 476 1075 513 diem
1098 475 1207 513 nobis
1231 474 1368 512 salutis
1389 477 1558 512 exortum
1581 472 1679 509 uiui-

171 544 326 582 ficandis
363 556 509 592 quoque
530 545 569 581 in
592 556 675 582 eum
712 545 952 582 credentibus
986 545 1218 583 destinatum
1241 545 1349 582 docet
1370 544 1439 582 hoc
1462 543 1500 580 in
1521 541 1680 590 psalmis

143 613 330 661 sspiritus
353 616 506 651 sanctus
535 616 573 652 et
594 615 760 652 ostendit
782 615 929 653 dicens:
963 614 1091 662 lapis
1123 625 1256 661 quem
1288 612 1680 660 reprobauerunt

169 682 502 722 aedificantes
533 683 611 721 hic
642 683 806 722 factus
837 683 987 722 estin
1019 686 1162 731 caput
1205 683 1396 731 anguli:
1430 694 1452 720 a
1481 681 1680 720 Domino

168 754 325 791 factus
348 755 422 791 est
443 752 549 799 iste,
583 754 627 790 et
648 753 785 790 adest
806 753 1052 790 mirabilis
1074 752 1120 789 in
1152 752 1312 790 oeulis
1344 750 1544 789 nostris.
1577 751 1677 788 iste

169 822 270 861 dies
302 825 376 860 est
419 834 550 870 quem
596 823 717 861 fecit
747 823 988 868 Dominus,
1037 822 1333 859 ambulemus
1366 823 1416 858 et
1455 819 1680 858 iocunde-

168 903 266 929 mur
307 891 354 928 in
396 903 460 930 eo.
508 893 547 930 in
582 893 652 930 hoc
689 892 748 930 die
785 904 852 930 nos
890 892 1083 930 ambulare
1120 892 1263 929 Paulus
1301 902 1448 938 quoque
1484 889 1680 937 apostolus

125 974 157 998 10
170 961 403 1009 praecipiens
426 964 463 999 et
499 962 636 1000 docens
672 973 715 1000 ac
750 973 996 1010 praemonens
1027 961 1138 999 dicit:
1171 972 1293 998 nunc
1326 960 1448 998 enim
1478 958 1682 1007 propius

167 1033 242 1068 est
273 1031 415 1069 nobis
447 1032 581 1069 salus
613 1043 749 1079 quam
780 1043 879 1069 cum
911 1031 1223 1069 credidimus.
1255 1042 1345 1068 nox
1389 1028 1680 1078 praecessit,

168 1100 269 1139 dies
301 1103 459 1139 autem
490 1101 927 1150 adpropinquauit.
968 1101 1237 1139 abiciamus
1270 1111 1416 1148 opera
1454 1099 1679 1137 tenebra-

167 1182 265 1207 rum
298 1172 343 1207 et
374 1170 630 1208 induamur
662 1183 792 1208 arma
823 1170 969 1215 lucis,
1015 1170 1142 1207 sicut
1174 1169 1219 1206 in
1251 1169 1325 1207 die
1356 1169 1560 1206 honeste
1592 1179 1680 1206 am-

167 1240 400 1278 bulemus.
434 1240 471 1277 id
505 1243 564 1278 est
597 1240 636 1278 in
674 1240 823 1278 Christo
861 1243 899 1278 et
935 1240 1123 1277 mandatis
1161 1239 1264 1285 eius,
1310 1239 1415 1278 cuius
1453 1237 1594 1276 lumine
1638 1248 1681 1275 ac

131 1320 161 1345 15
175 1309 328 1347 monitis
365 1310 539 1347 luminati
571 1312 607 1348 et
641 1310 679 1347 in
715 1310 892 1348 claritate
929 1309 1002 1347 diei
1041 1309 1121 1347 eius
1161 1308 1306 1347 inuenti
1338 1307 1547 1355 proximam
1569 1305 1678 1345 nobis

171 1378 331 1415 salutem
354 1379 594 1417 credulitatis
616 1379 654 1416 in
678 1390 762 1417 eum
784 1382 908 1417 mente
930 1378 1193 1426 conspicimus.

230 1447 351 1487 Solem
390 1459 536 1496 quoque
573 1460 653 1486 esse
691 1448 881 1486 Christum
918 1448 1064 1487 cunctis
1104 1448 1326 1486 timentibus
1359 1458 1443 1485 eum
1465 1444 1715 1484 Malachiast}

170 1518 355 1565 propheta
376 1519 541 1555 testatur
563 1520 600 1555 et
621 1518 810 1565 promittit
833 1518 981 1555 dicens:
1021 1517 1161 1556 uobis
1194 1519 1352 1555 autern
1382 1513 1680 1553 timentibus

173 1597 321 1624 meum
368 1599 533 1625 nomen
578 1587 767 1625 orietur
800 1588 872 1625 sol
904 1587 1157 1632 iustitiae,
1206 1588 1251 1624 et
1283 1584 1474 1623 sanitas
1505 1583 1553 1620 in
1584 1581 1681 1620 alis

132 1656 299 1702 20eius‚
333 1656 534 1694 ostendens
571 1667 614 1694 ex
651 1656 755 1694 nullo
778 1657 887 1695 nobis
910 1657 1071 1694 salutem
1092 1667 1202 1704 posse
1224 1654 1397 1700 conferri,
1435 1654 1509 1691 nisi
1532 1653 1569 1690 in
1592 1662 1680 1698 pas-

176 1724 318 1763 sionem
352 1725 472 1763 crucis
511 1725 603 1772 eius,
643 1737 715 1773 qua
754 1726 957 1763 extendens
990 1736 1122 1762 manus
1144 1726 1278 1762 cuncta.
1300 1723 1442 1761 saeculi
1464 1722 1680 1760 saluaturus

260 1889 281 1923 5
307 1887 364 1921 Ps.
393 1890 469 1930 1172
497 1889 540 1922 22
567 1900 616 1933 sq.
761 1890 803 1923 10
828 1889 928 1924 Rom.
956 1890 1008 1931 13,
1037 1891 1090 1923 11.
1119 1890 1171 1923 12.
1314 1890 1357 1923 18
1382 1889 1464 1923 Mal.
1492 1889 1524 1929 4,
1553 1888 1582 1922 2.

262 2047 280 2079 1
306 2044 552 2088 frequentatur
577 2056 608 2085 v,
634 2045 942 2088 frequentaturum
968 2045 1003 2078 Z
1105 2045 1297 2088 utrobique
1326 2046 1411 2089 Τΐμ.
1436 2045 1579 2089 obitque
1605 2044 1638 2078 Z

170 2102 191 2136 2
216 2104 338 2136 sancto
365 2103 493 2147 spiritu
518 2114 582 2136 om.
610 2103 642 2136 Z
880 2103 1074 2137 aduentum
1101 2103 1136 2136 Z
1375 2103 1396 2137 3
1421 2103 1514 2137 hunc
1545 2103 1679 2147 TfflZu,

168 2161 235 2196 hoc
268 2161 322 2195 t²v
466 2161 583 2195 lumen
618 2161 747 2195 saeculi
771 2161 812 2203 Z,
846 2161 984 2195 saeculo
1010 2161 1130 2195 lumen
1157 2161 1294 2195 saeculo
1324 2161 1371 2195 Tc
1518 2161 1574 2195 die
1601 2162 1633 2195 Z

169 2219 191 2253 4
215 2219 253 2253 in
279 2220 370 2263 eum]
398 2221 434 2253 et
459 2230 537 2253 cum
564 2219 598 2253 Z
845 2218 1082 2263 credentibus]
1109 2219 1274 2263 sequitur
1297 2219 1338 2252 ‘in
1365 2219 1399 2252 Z
1421 2218 1546 2252 docens
1572 2220 1679 2262 atque

170 2281 232 2312 etc.
258 2277 303 2319 cf.
332 2279 407 2317 123,
428 2279 469 2310 11
587 2276 653 2310 hoo
678 2286 742 2310 om.
768 2287 789 2310 υ
914 2276 950 2309 in
976 2276 1124 2319 psalmis
1150 2287 1215 2310 om.
1243 2277 1285 2320 μι
1407 2276 1428 2309 5
1452 2277 1489 2310 et
1515 2285 1582 2309 om.
1601 2275 1636 2308 Z

169 2335 189 2369 6
214 2335 329 2378 capite
358 2334 424 2369 TZ
635 2334 653 2367 ῖ
680 2333 780 2367 adest
809 2334 841 2368 T
842 2337 866 2374 t,
892 2335 945 2367 est
970 2333 1050 2378 Ζμυ
1266 2332 1429 2367 mirabile
1455 2333 1497 2373 Z,
1524 2332 1677 2366 admira-

169 2391 253 2426 bilis
279 2402 326 2436 μυ
475 2393 496 2425 8
521 2393 575 2425 est
601 2391 675 2425 dies
701 2392 758 2435 Ζμ
912 2391 1027 2435 quem]
1054 2402 1149 2435 quon
1179 2392 1211 2426 T
1360 2390 1594 2434 ambulemus]
1621 2401 1676 2423 ex-

169 2448 322 2483 ultemus
346 2449 378 2482 Z
528 2450 549 2483 9
575 2459 713 2493 quoque
739 2459 802 2483 om.
830 2449 873 2490 Z,
899 2459 1056 2492 quaeque
1083 2450 1124 2493 μι
1274 2450 1316 2482 10
1341 2450 1376 2483 et
1400 2448 1432 2481 (1.
1459 2459 1489 2482 a.
1516 2459 1548 2492 p.
1575 2447 1676 2491 dicit]

170 2506 270 2540 docet
294 2507 412 2541 dicens
439 2507 474 2540 Z
655 2508 816 2551 proprius
842 2509 894 2550 p),
919 2507 1081 2551 proprior
1105 2507 1137 2540 Z
1302 2506 1342 2539 11
1370 2506 1484 2550 nobis]
1510 2496 1574 2539 nra
1600 2506 1635 2539 Z

170 2563 341 2597 credimus
362 2575 379 2598 υ
473 2565 642 2608 processit
662 2566 701 2605 T,
728 2565 900 2598 transiuit
918 2565 952 2598 Z
961 2577 968 2605 ;
996 2565 1040 2607 cf.
1062 2564 1169 2609 Cypr.
1185 2575 1223 2608 p.
1245 2566 1325 2604 425,
1342 2566 1388 2598 23
1483 2564 1526 2597 12
1553 2563 1676 2597 abiici-

170 2630 268 2655 amus
294 2632 374 2665 ergo
404 2633 421 2656 v
561 2623 603 2656 13
629 2622 740 2667 arma]
769 2633 874 2666 opera
896 2623 969 2667 Τιμ
1111 2624 1154 2656 15
1180 2622 1261 2666 diei]
1290 2622 1346 2656 dei
1365 2622 1399 2655 Z
1536 2622 1580 2655 16
1606 2631 1677 2655 crc-

172 2675 337 2711 dulitatis
363 2679 465 2722 Zfflu,
492 2679 715 2713 crudelitatis
746 2679 823 2720 ΤΡ,
850 2679 991 2713 credula
1016 2680 1098 2714 Bal.
1127 2691 1173 2714 esc
1198 2690 1218 2713 r
1314 2681 1356 2714 18
1381 2681 1500 2713 autem
1519 2689 1584 2713 om.
1605 2692 1630 2723 μ

173 2733 214 2766 19
239 2745 364 2769 nomen
396 2746 512 2769 meum
537 2747 567 2777 v,
602 2747 728 2770 nomen
764 2727 825 2770 dni
850 2737 883 2770 Z
1156 2737 1193 2770 in
1219 2736 1304 2771 auis
1334 2738 1373 2778 T,
1408 2737 1445 2770 in
1470 2736 1575 2769 malis
1602 2736 1635 2769 Z

173 2790 217 2824 20
240 2802 342 2825 nosse
368 2793 402 2826 Z
562 2794 726 2837 passione
753 2794 806 2828 Zv
973 2795 1016 2828 21
1043 2795 1124 2838 qua]
1153 2804 1218 2837 que
1244 2794 1279 2827 Z
1430 2796 1574 2828 cunctas
1601 2795 1633 2827 Z

180 2848 316 2882 saecula
346 2849 404 2890 P,
430 2850 606 2884 saeculum
633 2851 665 2884 Z
848 2852 1037 2886 saluatoris
1067 2853 1107 2891 T,
1134 2851 1292 2885 saluator
1318 2862 1362 2885 ex
1387 2851 1591 2885 saluatioris
1619 2855 1631 2884 t
