2032 3248
802 262 929 296 Liber
956 263 980 296 1.
1583 263 1630 303 19

154 378 202 418 lis
242 377 484 418 sublimibus
527 379 622 418 sunt
664 377 769 418 elata
812 376 1006 430 fastigiis:
1060 378 1180 418 silent
1228 377 1374 418 inrisae
1415 377 1627 418 numinum

152 446 369 498 potestates
415 458 484 487 nec
531 446 656 486 liuore
702 445 933 486 afficiuntur
973 445 1075 493 ullo,
1122 447 1225 498 quod
1271 446 1347 486 sibi
1380 447 1628 498 comparatas

151 515 421 556 animantium
463 513 606 555 uilium
648 514 902 567 conspiciunt
940 515 1190 556 sanctitates.
1242 514 1356 556 nobis
1396 514 1492 556 solis
1533 516 1629 555 sunt

152 583 325 632 inimici,
368 584 480 624 nobis
521 583 728 635 asperrimi
770 582 825 623 dii
868 583 1024 635 hostes,
1067 583 1161 635 quia
1202 584 1358 635 patrem
1391 595 1627 623 ueneramur

122 651 334 701 aillorum,
379 665 447 703 per
479 664 615 704 quem,
665 651 697 692 si
729 652 845 701 sunt,
893 663 977 692 esse
1008 654 1047 692 et
1079 651 1223 692 habere
1264 651 1534 692 substantiam
1565 652 1625 691 sui

151 720 328 761 numinis
371 721 671 772 maiestatisque
711 721 942 773 coeperunt,
991 733 1014 761 a
1044 733 1120 773 quo
1163 721 1291 772 ipsam
1323 720 1538 769 deitatem,
1584 722 1630 761 ut

150 790 207 830 ita
239 790 391 839 dicam,
436 789 568 830 sortiti
603 801 687 829 esse
718 789 950 830 sentiuntur
981 791 1021 830 et
1052 790 1093 830 in
1126 802 1261 830 rerum
1292 801 1458 829 numero
1490 801 1627 842 recog-

151 860 388 901 noscuntur.
429 858 542 898 cuius
575 857 783 898 uoluntate
814 859 853 898 et
885 857 1053 899 arbitrio
1085 859 1125 898 et
1156 858 1322 898 interire
1355 858 1394 898 et
1424 857 1527 899 solui
1559 869 1629 898 nec

150 927 251 968 solui
293 929 460 980 possunt
502 939 571 967 nec
612 927 805 967 interire?
855 939 948 967 nam
981 927 1013 968 si
1047 938 1182 967 omnes
1215 926 1470 967 concedimus
1502 940 1628 967 unum

105 1008 233 1037 messe
264 996 485 1048 principem
516 995 667 1045 solum,
702 1008 820 1048 quem
853 996 966 1037 nulla
999 1009 1059 1037 res
1090 996 1171 1036 alia
1202 997 1407 1037 uetustate
1438 995 1629 1048 temporis

149 1065 378 1114 antecedat,
422 1065 512 1116 post
543 1064 662 1104 illum
695 1077 853 1106 necesse
885 1066 946 1106 est
977 1067 1121 1106 cuncta
1153 1066 1194 1106 et
1225 1066 1319 1106 nata
1351 1076 1434 1105 esse
1466 1066 1506 1104 et
1536 1074 1628 1116 pro—

148 1133 233 1173 dita
264 1135 302 1174 et
334 1133 374 1173 in
407 1132 468 1174 sui
503 1133 674 1174 nominis
708 1133 940 1185 prosiluisse
979 1135 1179 1174 naturam.
1231 1133 1335 1186 quod
1368 1133 1401 1173 si
1434 1132 1557 1173 fixum
1589 1133 1629 1172 et

148 1203 283 1242 ratum
315 1203 387 1251 est,
421 1202 496 1242 erit
527 1201 639 1242 nobis
672 1214 914 1254 consequens
945 1202 1125 1243 confiteri
1157 1204 1196 1243 et
1229 1202 1320 1243 deos
1349 1213 1433 1242 esse
1467 1200 1626 1242 natiuos

148 1272 187 1311 et
219 1284 240 1311 a
272 1270 450 1323 principe
489 1283 622 1311 rerum
663 1270 769 1312 fonte
807 1272 919 1312 ortus
957 1271 1020 1311 sui
1059 1271 1254 1324 originem
1285 1270 1439 1311 ducere.
1491 1270 1559 1322 qui
1592 1269 1627 1310 si

104 1355 132 1378 15
148 1341 241 1380 sunt
261 1340 390 1380 natiui
414 1340 454 1379 et
475 1340 615 1393 geniti,
649 1341 687 1380 et
710 1339 1013 1381 interitionibus
1037 1340 1174 1393 utique
1196 1340 1465 1392 periculisque
1489 1338 1624 1379 uicini.

147 1408 188 1447 at
228 1408 335 1448 enim
375 1420 458 1448 esse
498 1408 715 1448 creduntur
752 1408 1003 1449 immortales
1048 1408 1231 1460 perpetui
1272 1409 1310 1449 et
1348 1408 1498 1449 nullius
1536 1421 1627 1449 um-

147 1489 267 1529 quam
300 1476 518 1530 participes
550 1476 653 1517 finis.
705 1489 798 1531 ergo
831 1477 941 1518 istud
972 1490 1120 1518 munus
1151 1477 1214 1518 dei
1246 1476 1372 1530 patris
1405 1479 1445 1518 et
1476 1478 1626 1518 donum

147 1547 228 1594 est,
276 1545 321 1586 ut
362 1544 522 1586 infinita
563 1544 785 1586 meruerint
826 1545 932 1586 idem
973 1557 1057 1586 esse
1097 1558 1165 1598 per
1197 1546 1374 1595 saecula,
1422 1558 1513 1586 cum
1545 1545 1627 1587 sint

148 1614 289 1655 labiles
335 1612 606 1666 solubilesque
654 1615 810 1655 natura.
871 1615 992 1666 atque
1034 1614 1189 1655 utinam
1230 1615 1394 1656 daretur
1433 1614 1475 1654 in
1508 1614 1626 1655 unius
1643 1610 1693 1649 29

101 1698 132 1722 20
147 1682 319 1736 speciem
360 1682 555 1724 contionis
588 1683 672 1723 toto
703 1682 795 1723 orbe
834 1682 1037 1723 contracto
1076 1682 1253 1725 oratione
1283 1682 1357 1723 hac
1388 1683 1449 1723 uti
1481 1684 1521 1723 et
1552 1682 1626 1723 hu-

148 1752 255 1791 mani
289 1752 329 1792 in
359 1752 516 1804 generis
543 1751 547 1806 l
574 1751 777 1793 audientia
809 1750 1017 1793 conlocari.
1070 1763 1212 1805 ergone
1245 1751 1393 1805 impiae
1424 1751 1627 1804 religionis
1642 1757 1662 1789 f.
1682 1756 1738 1788 10⁶

147 1832 287 1861 sumus
320 1820 427 1873 apud
459 1831 528 1860 uos
560 1820 637 1870 rei,
679 1824 716 1860 et
746 1820 851 1872 quod
888 1821 1008 1873 caput
1049 1832 1183 1861 rerum
1212 1820 1251 1860 et
1283 1821 1467 1862 columen
1507 1832 1626 1860 uene-

148 1888 346 1929 rabilibus
379 1888 538 1929 adimus
562 1887 775 1940 obsequiis,
818 1889 863 1928 ut
893 1887 1071 1929 conuicio
1099 1889 1263 1929 utamur
1284 1889 1429 1939 uestro,
1462 1888 1625 1929 infausti

147 1958 187 1996 et
218 1956 325 1996 athei
364 1958 668 2008 nuncupamur?
719 1957 758 1997 et
789 1956 878 2008 quis
910 1956 1040 2009 magis
1086 1956 1232 1997 rectius
1263 1956 1406 1998 horum
1438 1957 1537 1998 feret
1567 1958 1626 1998 in-

100 2024 298 2065 uuidiam
342 2024 570 2073 nominum,
615 2036 735 2076 quam
766 2023 835 2076 qui
866 2024 993 2065 alium
1023 2037 1117 2076 prae
1149 2024 1222 2066 hoc
1263 2025 1382 2066 deum
1414 2026 1484 2065 aut
1514 2026 1627 2066 nouit

145 2094 215 2133 aut
254 2092 483 2133 sciscitatur
521 2093 591 2133 aut
632 2092 788 2133 credit?
839 2105 965 2133 nonne
1006 2092 1098 2133 huic
1138 2105 1277 2134 omnes
1320 2093 1512 2134 debemus
1554 2093 1626 2135 hoc

146 2161 278 2212 ipsum
312 2161 500 2213 primum,
535 2161 638 2213 quod
671 2173 824 2212 sumus,
858 2162 962 2214 quod
984 2174 1068 2203 esse
1090 2162 1271 2203 homines
1303 2162 1488 2211 dicimur,
1522 2163 1626 2214 quod

146 2229 195 2271 ab
228 2241 271 2270 eo
304 2229 367 2270 uel
401 2230 544 2270 missae
575 2231 732 2271 animae
764 2230 827 2271 1101
859 2232 993 2283 lapsae
1024 2231 1215 2272 caecitate
1249 2230 1366 2271 huius
1389 2231 1429 2271 in
1452 2232 1625 2283 corporis

146 2299 426 2339 continemur?
478 2310 555 2338 non
588 2299 693 2351 quod
725 2298 964 2348 incedimus,
997 2299 1101 2351 quod
1133 2299 1332 2351 spiramus
1363 2301 1403 2340 et
1435 2299 1625 2347 uiuimus,

102 2379 133 2403 3ο
146 2366 194 2407 ab
226 2378 268 2406 eo
300 2366 350 2407 ad
382 2378 451 2407 nos
485 2366 595 2407 uenit
629 2366 746 2418 uique
779 2367 863 2419 ipsa
896 2367 1058 2408 uiuendi
1092 2367 1216 2408 eflicit
1248 2379 1316 2408 nos
1358 2380 1441 2408 esse
1472 2370 1512 2409 et
1542 2369 1625 2408 ani·

148 2434 244 2475 mali
285 2435 504 2487 agitatione
546 2435 720 2475 motari?
772 2448 898 2476 11011110
940 2435 987 2475 ab
1031 2435 1102 2475 1100
1143 2435 1313 2476 effluunt
1355 2448 1513 2488 causae,
1557 2448 1625 2490 per

193 2582 212 2611 2
238 2580 346 2613 libore
374 2581 407 2613 Ρ
544 2580 730 2614 afficiuntur
756 2580 787 2613 P
925 2583 1143 2623 comparatas
1170 2582 1202 2614 P
1339 2583 1359 2616 5
1388 2583 1623 2618 substantiam

149 2637 229 2679 δαὶ),
246 2647 285 2670 r:
311 2636 510 2671 substantia
529 2638 561 2670 P
698 2637 716 2670 7
744 2637 886 2670 sortitos
913 2648 984 2671 esse
1009 2648 1044 2670 sc
1069 2638 1135 2671 Urs
1160 2639 1276 2672 sortiti
1295 2649 1329 2672 se
1346 2650 1417 2673 esse
1437 2640 1534 2674 Salm

148 2693 345 2726 sentiuntur
377 2695 522 2736 scripsi.-
564 2693 723 2727 sentiunt
759 2694 793 2727 1>
990 2698 1282 2736 recognoscuntur
1319 2697 1464 2739 scripsi:
1506 2708 1622 2741 recog—

148 2751 294 2783 noscunt
320 2750 352 2783 Ι)
446 2751 486 2784 10
512 2752 705 2784 uestustate
734 2750 765 2783 Ι)
789 2761 867 2784 corr
965 2751 1001 2783 14
1027 2763 1046 2785 a
1067 2751 1159 2785 Sub:
1184 2762 1226 2795 ap
1254 2752 1285 2785 P
1379 2754 1420 2786 15
1445 2755 1623 2797 periculis-

149 2816 212 2848 que
244 2807 279 2839 P
429 2809 467 2841 115
505 2807 547 2840 ad
586 2808 618 2840 P
642 2818 720 2840 corr
868 2807 911 2840 20
948 2811 1124 2841 contracto
1158 2808 1248 2842 Sub:
1289 2812 1466 2844 contracta.
1502 2812 1534 2845 P

149 2862 187 2895 21
226 2862 384 2896 collocari
425 2864 505 2897 Uel.-
546 2864 721 2897 conlocare
760 2864 791 2897 l’
941 2864 984 2897 25
1022 2865 1116 2898 missi
1155 2866 1223 2899 Sal)
1379 2868 1512 2901 animae
1549 2868 1623 2902 add

150 2918 412 2954 Klussmannus
550 2920 638 2963 lapsi
666 2920 735 2953 Sub

1442 2949 1487 2980 2*
