<?xml version="1.0" encoding="UTF-8"?>
<!DOCTYPE html PUBLIC "-//W3C//DTD XHTML 1.0 Transitional//EN"
    "http://www.w3.org/TR/xhtml1/DTD/xhtml1-transitional.dtd">
<html xmlns="http://www.w3.org/1999/xhtml" xml:lang="en" lang="en">
 <head>
  <title>
</title>
<meta http-equiv="Content-Type" content="text/html;charset=utf-8" />
  <meta name='ocr-system' content='tesseract 3.04.00' />
  <meta name='ocr-capabilities' content='ocr_page ocr_carea ocr_par ocr_line ocrx_word'/>
</head>
<body>
  <div class='ocr_page' id='page_1' title='image "./corpusscriptorum03cypruoft/corpusscriptorum03cypruoft_0231.png"; bbox 0 0 2032 3248; ppageno 0'>
   <div class='ocr_carea' id='block_1_1' title="bbox 618 242 1703 285">
    <p class='ocr_par' dir='ltr' id='par_1_1' title="bbox 618 242 1703 285">
     <span class='ocr_line' id='line_1_1' title="bbox 618 242 1703 285; baseline -0.001 -10"><span class='ocrx_word' id='word_1_1' title='bbox 618 243 674 276; x_wconf 82' lang='lat' dir='ltr'>De</span> <span class='ocrx_word' id='word_1_2' title='bbox 698 242 875 285; x_wconf 79' lang='lat' dir='ltr'>duplici</span> <span class='ocrx_word' id='word_1_3' title='bbox 902 242 1120 285; x_wconf 76' lang='lat' dir='ltr'>martyrio</span> <span class='ocrx_word' id='word_1_4' title='bbox 1148 242 1301 275; x_wconf 50' lang='grc'><strong>111-2.</strong></span> <span class='ocrx_word' id='word_1_5' title='bbox 1626 244 1703 285; x_wconf 67' lang='lat'>2221</span> 
     </span>
    </p>
   </div>
   <div class='ocr_carea' id='block_1_2' title="bbox 163 348 1753 2867">
    <p class='ocr_par' dir='ltr' id='par_1_2' title="bbox 163 348 1714 1770">
     <span class='ocr_line' id='line_1_2' title="bbox 207 348 1711 392; baseline -0.001 -6"><span class='ocrx_word' id='word_1_6' title='bbox 207 350 253 386; x_wconf 84' lang='lat' dir='ltr'>ad</span> <span class='ocrx_word' id='word_1_7' title='bbox 284 348 601 386; x_wconf 80' lang='lat' dir='ltr'>exstimulandum</span> <span class='ocrx_word' id='word_1_8' title='bbox 635 348 797 385; x_wconf 85' lang='lat' dir='ltr'>officium</span> <span class='ocrx_word' id='word_1_9' title='bbox 829 359 975 392; x_wconf 88' lang='lat' dir='ltr'>meum,</span> <span class='ocrx_word' id='word_1_10' title='bbox 1014 350 1052 384; x_wconf 88' lang='lat' dir='ltr'>ut</span> <span class='ocrx_word' id='word_1_11' title='bbox 1085 348 1192 386; x_wconf 88' lang='lat' dir='ltr'>unico</span> <span class='ocrx_word' id='word_1_12' title='bbox 1233 348 1360 385; x_wconf 89' lang='lat' dir='ltr'>libello</span> <span class='ocrx_word' id='word_1_13' title='bbox 1393 348 1711 386; x_wconf 73' lang='lat' dir='ltr'>commilitonibus</span> 
     </span>
     <span class='ocr_line' id='line_1_3' title="bbox 207 416 1710 464; baseline 0.001 -10"><span class='ocrx_word' id='word_1_14' title='bbox 207 417 346 455; x_wconf 90' lang='lat' dir='ltr'>nostris</span> <span class='ocrx_word' id='word_1_15' title='bbox 367 417 563 454; x_wconf 78' lang='lat' dir='ltr'>materiam</span> <span class='ocrx_word' id='word_1_16' title='bbox 588 416 927 461; x_wconf 86' lang='lat' dir='ltr'>subministrarem,</span> <span class='ocrx_word' id='word_1_17' title='bbox 951 417 1047 453; x_wconf 84' lang='lat' dir='ltr'>unde</span> <span class='ocrx_word' id='word_1_18' title='bbox 1069 416 1140 453; x_wconf 87' lang='lat' dir='ltr'>sibi</span> <span class='ocrx_word' id='word_1_19' title='bbox 1163 417 1287 464; x_wconf 89' lang='lat' dir='ltr'>gratia</span> <span class='ocrx_word' id='word_1_20' title='bbox 1318 417 1475 464; x_wconf 87' lang='lat' dir='ltr'>spiritus</span> <span class='ocrx_word' id='word_1_21' title='bbox 1498 418 1710 464; x_wconf 82' lang='lat' dir='ltr'>opitulante</span> 
     </span>
     <span class='ocr_line' id='line_1_4' title="bbox 209 484 1711 537; baseline -0.001 -14"><span class='ocrx_word' id='word_1_22' title='bbox 209 486 442 523; x_wconf 87' lang='lat' dir='ltr'>munimenta</span> <span class='ocrx_word' id='word_1_23' title='bbox 462 485 612 532; x_wconf 82' lang='lat' dir='ltr'>telaque</span> <span class='ocrx_word' id='word_1_24' title='bbox 636 484 913 522; x_wconf 75' lang='lat' dir='ltr'>fabricarentur</span> <span class='ocrx_word' id='word_1_25' title='bbox 935 485 1116 537; x_wconf 73' lang='lat' dir='ltr'>aduersus</span> <span class='ocrx_word' id='word_1_26' title='bbox 1138 486 1440 532; x_wconf 78' lang='lat' dir='ltr'>persecutionum</span> <span class='ocrx_word' id='word_1_27' title='bbox 1462 486 1651 531; x_wconf 86' lang='lat' dir='ltr'>incursus,</span> <span class='ocrx_word' id='word_1_28' title='bbox 1674 488 1711 522; x_wconf 91' lang='lat' dir='ltr'>et</span> 
     </span>
     <span class='ocr_line' id='line_1_5' title="bbox 209 553 1710 601; baseline 0 -10"><span class='ocrx_word' id='word_1_29' title='bbox 209 554 300 592; x_wconf 91' lang='lat' dir='ltr'>mihi</span> <span class='ocrx_word' id='word_1_30' title='bbox 332 554 430 601; x_wconf 89' lang='lat' dir='ltr'>quod</span> <span class='ocrx_word' id='word_1_31' title='bbox 460 554 614 600; x_wconf 75' lang='lat' dir='ltr'>petebas</span> <span class='ocrx_word' id='word_1_32' title='bbox 644 553 794 591; x_wconf 75' lang='lat' dir='ltr'>conanti</span> <span class='ocrx_word' id='word_1_33' title='bbox 817 564 890 589; x_wconf 75' lang='lat' dir='ltr'>non</span> <span class='ocrx_word' id='word_1_34' title='bbox 914 553 1117 600; x_wconf 82' lang='lat' dir='ltr'>dedignata</span> <span class='ocrx_word' id='word_1_35' title='bbox 1140 555 1199 590; x_wconf 90' lang='lat' dir='ltr'>est</span> <span class='ocrx_word' id='word_1_36' title='bbox 1220 554 1364 599; x_wconf 77' lang='lat' dir='ltr'>adesse,</span> <span class='ocrx_word' id='word_1_37' title='bbox 1388 556 1423 591; x_wconf 90' lang='lat' dir='ltr'>et</span> <span class='ocrx_word' id='word_1_38' title='bbox 1445 554 1543 601; x_wconf 80' lang='lat' dir='ltr'>quod</span> <span class='ocrx_word' id='word_1_39' title='bbox 1565 554 1710 591; x_wconf 90' lang='lat' dir='ltr'>utrius—</span> 
     </span>
     <span class='ocr_line' id='line_1_6' title="bbox 179 621 1711 670; baseline -0.001 -10"><span class='ocrx_word' id='word_1_40' title='bbox 179 636 192 659; x_wconf 75' lang='lat'>5</span> <span class='ocrx_word' id='word_1_41' title='bbox 208 634 278 670; x_wconf 85' lang='lat' dir='ltr'>que</span> <span class='ocrx_word' id='word_1_42' title='bbox 314 624 485 659; x_wconf 87' lang='lat' dir='ltr'>nostrum</span> <span class='ocrx_word' id='word_1_43' title='bbox 525 633 673 668; x_wconf 87' lang='lat' dir='ltr'>operam</span> <span class='ocrx_word' id='word_1_44' title='bbox 704 632 777 658; x_wconf 89' lang='lat' dir='ltr'>non</span> <span class='ocrx_word' id='word_1_45' title='bbox 813 633 925 667; x_wconf 80' lang='lat' dir='ltr'>passa</span> <span class='ocrx_word' id='word_1_46' title='bbox 947 623 1004 659; x_wconf 88' lang='lat' dir='ltr'>cst</span> <span class='ocrx_word' id='word_1_47' title='bbox 1025 632 1107 659; x_wconf 88' lang='lat' dir='ltr'>esse</span> <span class='ocrx_word' id='word_1_48' title='bbox 1130 621 1310 667; x_wconf 82' lang='lat' dir='ltr'>sterilem,</span> <span class='ocrx_word' id='word_1_49' title='bbox 1347 623 1416 659; x_wconf 91' lang='grc'><strong>1100</strong></span> <span class='ocrx_word' id='word_1_50' title='bbox 1438 623 1497 660; x_wconf 89' lang='lat' dir='ltr'>est</span> <span class='ocrx_word' id='word_1_51' title='bbox 1519 623 1616 670; x_wconf 85' lang='lat' dir='ltr'>quod</span> <span class='ocrx_word' id='word_1_52' title='bbox 1638 622 1711 660; x_wconf 90' lang='lat' dir='ltr'>mei</span> 
     </span>
     <span class='ocr_line' id='line_1_7' title="bbox 208 689 1711 738; baseline -0.001 -10"><span class='ocrx_word' id='word_1_53' title='bbox 208 690 410 729; x_wconf 84' lang='lat' dir='ltr'>Fortunati</span> <span class='ocrx_word' id='word_1_54' title='bbox 447 691 550 738; x_wconf 88' lang='lat' dir='ltr'>pium</span> <span class='ocrx_word' id='word_1_55' title='bbox 582 691 810 728; x_wconf 87' lang='lat' dir='ltr'>desiderium</span> <span class='ocrx_word' id='word_1_56' title='bbox 841 690 934 728; x_wconf 90' lang='lat' dir='ltr'>bene</span> <span class='ocrx_word' id='word_1_57' title='bbox 957 689 1177 737; x_wconf 85' lang='lat' dir='ltr'>fortunauit,</span> <span class='ocrx_word' id='word_1_58' title='bbox 1216 692 1254 728; x_wconf 91' lang='lat' dir='ltr'>et</span> <span class='ocrx_word' id='word_1_59' title='bbox 1275 690 1441 728; x_wconf 89' lang='lat' dir='ltr'>ministri</span> <span class='ocrx_word' id='word_1_60' title='bbox 1464 690 1522 728; x_wconf 91' lang='lat' dir='ltr'>sui</span> <span class='ocrx_word' id='word_1_61' title='bbox 1545 690 1711 728; x_wconf 83' lang='lat' dir='ltr'>officium</span> 
     </span>
     <span class='ocr_line' id='line_1_8' title="bbox 207 758 1711 807; baseline -0.001 -9"><span class='ocrx_word' id='word_1_62' title='bbox 207 761 329 798; x_wconf 90' lang='lat' dir='ltr'>uoluit</span> <span class='ocrx_word' id='word_1_63' title='bbox 364 771 444 798; x_wconf 87' lang='lat' dir='ltr'>esse</span> <span class='ocrx_word' id='word_1_64' title='bbox 476 760 603 807; x_wconf 85' lang='lat' dir='ltr'>gregis</span> <span class='ocrx_word' id='word_1_65' title='bbox 640 760 697 796; x_wconf 89' lang='lat' dir='ltr'>sui</span> <span class='ocrx_word' id='word_1_66' title='bbox 727 758 962 796; x_wconf 87' lang='lat' dir='ltr'>beneficium.</span> <span class='ocrx_word' id='word_1_67' title='bbox 1005 758 1141 797; x_wconf 88' lang='lat' dir='ltr'>scribis</span> <span class='ocrx_word' id='word_1_68' title='bbox 1171 759 1270 797; x_wconf 90' lang='lat' dir='ltr'>enim</span> <span class='ocrx_word' id='word_1_69' title='bbox 1301 771 1345 797; x_wconf 85' lang='lat' dir='ltr'>ex</span> <span class='ocrx_word' id='word_1_70' title='bbox 1366 771 1407 797; x_wconf 89' lang='lat' dir='ltr'>eo</span> <span class='ocrx_word' id='word_1_71' title='bbox 1429 759 1526 796; x_wconf 91' lang='lat' dir='ltr'>libro</span> <span class='ocrx_word' id='word_1_72' title='bbox 1550 759 1711 796; x_wconf 85' lang='lat' dir='ltr'>multum</span> 
     </span>
     <span class='ocr_line' id='line_1_9' title="bbox 206 827 1712 873; baseline -0.001 -6"><span class='ocrx_word' id='word_1_73' title='bbox 206 829 351 867; x_wconf 88' lang='lat' dir='ltr'>roboris</span> <span class='ocrx_word' id='word_1_74' title='bbox 369 831 406 866; x_wconf 90' lang='lat' dir='ltr'>et</span> <span class='ocrx_word' id='word_1_75' title='bbox 424 827 635 866; x_wconf 79' lang='lat' dir='ltr'>alacritatis</span> <span class='ocrx_word' id='word_1_76' title='bbox 654 828 856 865; x_wconf 79' lang='lat' dir='ltr'>accessisse</span> <span class='ocrx_word' id='word_1_77' title='bbox 873 828 1051 873; x_wconf 84' lang='lat' dir='ltr'>strenuis,</span> <span class='ocrx_word' id='word_1_78' title='bbox 1074 827 1328 865; x_wconf 84' lang='lat' dir='ltr'>timidioribus</span> <span class='ocrx_word' id='word_1_79' title='bbox 1346 830 1471 865; x_wconf 87' lang='lat' dir='ltr'>autem</span> <span class='ocrx_word' id='word_1_80' title='bbox 1494 830 1531 866; x_wconf 87' lang='lat' dir='ltr'>et</span> <span class='ocrx_word' id='word_1_81' title='bbox 1553 828 1712 865; x_wconf 91' lang='lat' dir='ltr'>infirmis</span> 
     </span>
     <span class='ocr_line' id='line_1_10' title="bbox 208 896 1711 944; baseline -0.001 -9"><span class='ocrx_word' id='word_1_82' title='bbox 208 900 357 935; x_wconf 88' lang='lat' dir='ltr'>tantum</span> <span class='ocrx_word' id='word_1_83' title='bbox 394 898 602 934; x_wconf 89' lang='lat' dir='ltr'>animorum</span> <span class='ocrx_word' id='word_1_84' title='bbox 632 907 715 934; x_wconf 90' lang='lat' dir='ltr'>esse</span> <span class='ocrx_word' id='word_1_85' title='bbox 745 897 927 941; x_wconf 87' lang='lat' dir='ltr'>additum,</span> <span class='ocrx_word' id='word_1_86' title='bbox 965 898 1007 933; x_wconf 90' lang='lat' dir='ltr'>ut</span> <span class='ocrx_word' id='word_1_87' title='bbox 1036 908 1079 934; x_wconf 80' lang='lat' dir='ltr'>ex</span> <span class='ocrx_word' id='word_1_88' title='bbox 1110 896 1170 934; x_wconf 86' lang='lat' dir='ltr'>his</span> <span class='ocrx_word' id='word_1_89' title='bbox 1201 908 1347 944; x_wconf 83' lang='lat' dir='ltr'>quoque</span> <span class='ocrx_word' id='word_1_90' title='bbox 1369 908 1434 943; x_wconf 83' lang='lat' dir='ltr'>per</span> <span class='ocrx_word' id='word_1_91' title='bbox 1456 896 1525 934; x_wconf 93' lang='lat' dir='ltr'>Dei</span> <span class='ocrx_word' id='word_1_92' title='bbox 1547 896 1711 944; x_wconf 82' lang='lat' dir='ltr'>gratiam</span> 
     </span>
     <span class='ocr_line' id='line_1_11' title="bbox 163 965 1709 1012; baseline 0.001 -11"><span class='ocrx_word' id='word_1_93' title='bbox 163 978 193 1001; x_wconf 83' lang='grc' dir='ltr'>ιο</span> <span class='ocrx_word' id='word_1_94' title='bbox 208 969 348 1005; x_wconf 86' lang='lat' dir='ltr'>certam</span> <span class='ocrx_word' id='word_1_95' title='bbox 370 966 566 1004; x_wconf 89' lang='lat' dir='ltr'>uictoriam</span> <span class='ocrx_word' id='word_1_96' title='bbox 589 966 697 1003; x_wconf 87' lang='lat' dir='ltr'>nobis</span> <span class='ocrx_word' id='word_1_97' title='bbox 718 965 939 1012; x_wconf 84' lang='lat' dir='ltr'>promittere</span> <span class='ocrx_word' id='word_1_98' title='bbox 970 965 1183 1003; x_wconf 84' lang='lat' dir='ltr'>debeamus.</span> <span class='ocrx_word' id='word_1_99' title='bbox 1226 977 1342 1012; x_wconf 85' lang='lat' dir='ltr'>eoque</span> <span class='ocrx_word' id='word_1_100' title='bbox 1364 966 1543 1003; x_wconf 90' lang='lat' dir='ltr'>libentius</span> <span class='ocrx_word' id='word_1_101' title='bbox 1567 965 1709 1002; x_wconf 86' lang='lat' dir='ltr'>obtem-</span> 
     </span>
     <span class='ocr_line' id='line_1_12' title="bbox 207 1033 1710 1083; baseline -0.001 -10"><span class='ocrx_word' id='word_1_102' title='bbox 207 1035 336 1083; x_wconf 85' lang='lat' dir='ltr'>peraui</span> <span class='ocrx_word' id='word_1_103' title='bbox 359 1034 632 1081; x_wconf 81' lang='lat' dir='ltr'>posterioribus</span> <span class='ocrx_word' id='word_1_104' title='bbox 655 1033 731 1071; x_wconf 90' lang='lat' dir='ltr'>tuis</span> <span class='ocrx_word' id='word_1_105' title='bbox 753 1033 906 1079; x_wconf 86' lang='lat' dir='ltr'>litteriS,</span> <span class='ocrx_word' id='word_1_106' title='bbox 931 1034 1068 1080; x_wconf 86' lang='lat' dir='ltr'>quibus</span> <span class='ocrx_word' id='word_1_107' title='bbox 1092 1036 1174 1071; x_wconf 90' lang='lat' dir='ltr'>orat</span> <span class='ocrx_word' id='word_1_108' title='bbox 1196 1036 1262 1071; x_wconf 89' lang='lat' dir='ltr'>tua</span> <span class='ocrx_word' id='word_1_109' title='bbox 1284 1033 1437 1080; x_wconf 86' lang='lat' dir='ltr'>caritas,</span> <span class='ocrx_word' id='word_1_110' title='bbox 1468 1037 1510 1071; x_wconf 90' lang='lat' dir='ltr'>ut</span> <span class='ocrx_word' id='word_1_111' title='bbox 1533 1034 1710 1082; x_wconf 90' lang='lat' dir='ltr'>quoniam</span> 
     </span>
     <span class='ocr_line' id='line_1_13' title="bbox 207 1102 1711 1151; baseline -0.001 -9"><span class='ocrx_word' id='word_1_112' title='bbox 207 1105 277 1142; x_wconf 88' lang='lat' dir='ltr'>hoc</span> <span class='ocrx_word' id='word_1_113' title='bbox 313 1102 491 1151; x_wconf 85' lang='lat' dir='ltr'>auspiciis</span> <span class='ocrx_word' id='word_1_114' title='bbox 528 1102 677 1139; x_wconf 88' lang='lat' dir='ltr'>Domini</span> <span class='ocrx_word' id='word_1_115' title='bbox 714 1102 833 1139; x_wconf 88' lang='lat' dir='ltr'>nostri</span> <span class='ocrx_word' id='word_1_116' title='bbox 866 1102 951 1140; x_wconf 90' lang='lat' dir='ltr'>Iesu</span> <span class='ocrx_word' id='word_1_117' title='bbox 974 1102 1118 1139; x_wconf 85' lang='lat' dir='ltr'>Christi</span> <span class='ocrx_word' id='word_1_118' title='bbox 1140 1102 1234 1140; x_wconf 88' lang='lat' dir='ltr'>bene</span> <span class='ocrx_word' id='word_1_119' title='bbox 1257 1104 1451 1148; x_wconf 88' lang='lat' dir='ltr'>successit,</span> <span class='ocrx_word' id='word_1_120' title='bbox 1487 1103 1622 1140; x_wconf 86' lang='lat' dir='ltr'>addam</span> <span class='ocrx_word' id='word_1_121' title='bbox 1643 1115 1711 1140; x_wconf 90' lang='grc'><strong>110-</strong></span> 
     </span>
     <span class='ocr_line' id='line_1_14' title="bbox 207 1171 1713 1219; baseline -0.001 -9"><span class='ocrx_word' id='word_1_122' title='bbox 207 1173 333 1210; x_wconf 90' lang='lat' dir='ltr'>lumen</span> <span class='ocrx_word' id='word_1_123' title='bbox 369 1172 531 1209; x_wconf 89' lang='lat' dir='ltr'>alterum</span> <span class='ocrx_word' id='word_1_124' title='bbox 561 1172 604 1208; x_wconf 90' lang='lat' dir='ltr'>de</span> <span class='ocrx_word' id='word_1_125' title='bbox 635 1171 775 1218; x_wconf 86' lang='lat' dir='ltr'>duplici</span> <span class='ocrx_word' id='word_1_126' title='bbox 806 1171 978 1219; x_wconf 75' lang='lat' dir='ltr'>martyrii</span> <span class='ocrx_word' id='word_1_127' title='bbox 1002 1181 1160 1218; x_wconf 84' lang='lat' dir='ltr'>genere:</span> <span class='ocrx_word' id='word_1_128' title='bbox 1194 1183 1352 1219; x_wconf 89' lang='lat' dir='ltr'>quorum</span> <span class='ocrx_word' id='word_1_129' title='bbox 1376 1184 1489 1209; x_wconf 88' lang='lat' dir='ltr'>unum</span> <span class='ocrx_word' id='word_1_130' title='bbox 1512 1171 1713 1210; x_wconf 83' lang='lat' dir='ltr'>exhibetur</span> 
     </span>
     <span class='ocr_line' id='line_1_15' title="bbox 208 1240 1714 1287; baseline -0.001 -8"><span class='ocrx_word' id='word_1_131' title='bbox 208 1253 291 1279; x_wconf 91' lang='lat' dir='ltr'>cum</span> <span class='ocrx_word' id='word_1_132' title='bbox 322 1241 443 1278; x_wconf 89' lang='lat' dir='ltr'>saeuit</span> <span class='ocrx_word' id='word_1_133' title='bbox 475 1242 659 1278; x_wconf 86' lang='lat' dir='ltr'>tortorum</span> <span class='ocrx_word' id='word_1_134' title='bbox 692 1240 921 1286; x_wconf 85' lang='lat' dir='ltr'>immanitas,</span> <span class='ocrx_word' id='word_1_135' title='bbox 959 1240 1122 1277; x_wconf 89' lang='lat' dir='ltr'>alterum</span> <span class='ocrx_word' id='word_1_136' title='bbox 1152 1240 1336 1278; x_wconf 83' lang='lat' dir='ltr'>occultius</span> <span class='ocrx_word' id='word_1_137' title='bbox 1367 1241 1516 1287; x_wconf 87' lang='lat' dir='ltr'>quidem</span> <span class='ocrx_word' id='word_1_138' title='bbox 1538 1242 1608 1287; x_wconf 89' lang='lat' dir='ltr'>est,</span> <span class='ocrx_word' id='word_1_139' title='bbox 1647 1241 1714 1278; x_wconf 90' lang='lat' dir='ltr'>sed</span> 
     </span>
     <span class='ocr_line' id='line_1_16' title="bbox 164 1308 1714 1356; baseline -0.001 -8"><span class='ocrx_word' id='word_1_140' title='bbox 164 1326 194 1349; x_wconf 84' lang='lat'>15</span> <span class='ocrx_word' id='word_1_141' title='bbox 209 1310 455 1348; x_wconf 89' lang='lat' dir='ltr'>nihilominus</span> <span class='ocrx_word' id='word_1_142' title='bbox 492 1309 627 1346; x_wconf 88' lang='lat' dir='ltr'>fortem</span> <span class='ocrx_word' id='word_1_143' title='bbox 664 1308 829 1346; x_wconf 88' lang='lat' dir='ltr'>animum</span> <span class='ocrx_word' id='word_1_144' title='bbox 863 1308 1033 1356; x_wconf 88' lang='lat' dir='ltr'>postulat</span> <span class='ocrx_word' id='word_1_145' title='bbox 1069 1309 1262 1356; x_wconf 87' lang='lat' dir='ltr'>multaque</span> <span class='ocrx_word' id='word_1_146' title='bbox 1300 1309 1484 1346; x_wconf 88' lang='lat' dir='ltr'>diuinitus</span> <span class='ocrx_word' id='word_1_147' title='bbox 1521 1311 1714 1346; x_wconf 83' lang='lat' dir='ltr'>armatura</span> 
     </span>
     <span class='ocr_line' id='line_1_17' title="bbox 211 1377 1713 1424; baseline -0.001 -7"><span class='ocrx_word' id='word_1_148' title='bbox 211 1379 493 1418; x_wconf 86' lang='lat' dir='ltr'>communitum.</span> <span class='ocrx_word' id='word_1_149' title='bbox 529 1378 672 1415; x_wconf 89' lang='lat' dir='ltr'>utinam</span> <span class='ocrx_word' id='word_1_150' title='bbox 704 1379 741 1415; x_wconf 91' lang='lat' dir='ltr'>et</span> <span class='ocrx_word' id='word_1_151' title='bbox 770 1378 840 1415; x_wconf 87' lang='lat' dir='ltr'>hoc</span> <span class='ocrx_word' id='word_1_152' title='bbox 862 1389 996 1415; x_wconf 88' lang='lat' dir='ltr'>munus</span> <span class='ocrx_word' id='word_1_153' title='bbox 1019 1377 1162 1414; x_wconf 83' lang='lat' dir='ltr'>Christi</span> <span class='ocrx_word' id='word_1_154' title='bbox 1185 1377 1341 1424; x_wconf 87' lang='lat' dir='ltr'>spiritus</span> <span class='ocrx_word' id='word_1_155' title='bbox 1363 1389 1428 1424; x_wconf 89' lang='lat' dir='ltr'>per</span> <span class='ocrx_word' id='word_1_156' title='bbox 1450 1389 1508 1415; x_wconf 90' lang='lat' dir='ltr'>me</span> <span class='ocrx_word' id='word_1_157' title='bbox 1529 1377 1713 1415; x_wconf 85' lang='lat' dir='ltr'>fratribus</span> 
     </span>
     <span class='ocr_line' id='line_1_18' title="bbox 209 1446 1712 1493; baseline -0.001 -8"><span class='ocrx_word' id='word_1_158' title='bbox 209 1449 246 1485; x_wconf 91' lang='lat' dir='ltr'>et</span> <span class='ocrx_word' id='word_1_159' title='bbox 268 1447 588 1487; x_wconf 88' lang='lat' dir='ltr'>commilitonibus</span> <span class='ocrx_word' id='word_1_160' title='bbox 609 1446 750 1484; x_wconf 87' lang='lat' dir='ltr'>nostris</span> <span class='ocrx_word' id='word_1_161' title='bbox 771 1446 906 1493; x_wconf 88' lang='lat' dir='ltr'>largiri</span> <span class='ocrx_word' id='word_1_162' title='bbox 943 1446 1122 1493; x_wconf 82' lang='lat' dir='ltr'>dignetur</span> <span class='ocrx_word' id='word_1_163' title='bbox 1152 1448 1189 1483; x_wconf 90' lang='lat' dir='ltr'>et</span> <span class='ocrx_word' id='word_1_164' title='bbox 1223 1447 1319 1493; x_wconf 88' lang='lat' dir='ltr'>quod</span> <span class='ocrx_word' id='word_1_165' title='bbox 1343 1446 1488 1483; x_wconf 85' lang='lat' dir='ltr'>dederit</span> <span class='ocrx_word' id='word_1_166' title='bbox 1509 1446 1603 1484; x_wconf 90' lang='lat' dir='ltr'>bene</span> <span class='ocrx_word' id='word_1_167' title='bbox 1625 1458 1712 1493; x_wconf 91' lang='lat' dir='ltr'>pro-</span> 
     </span>
     <span class='ocr_line' id='line_1_19' title="bbox 210 1514 1712 1564; baseline -0.001 -11"><span class='ocrx_word' id='word_1_168' title='bbox 210 1527 373 1564; x_wconf 87' lang='lat' dir='ltr'>sperare.</span> <span class='ocrx_word' id='word_1_169' title='bbox 415 1515 723 1563; x_wconf 86' lang='lat' dir='ltr'>quemadmodum</span> <span class='ocrx_word' id='word_1_170' title='bbox 760 1515 858 1552; x_wconf 88' lang='lat' dir='ltr'>enim</span> <span class='ocrx_word' id='word_1_171' title='bbox 895 1514 992 1551; x_wconf 85' lang='lat' dir='ltr'>nihil</span> <span class='ocrx_word' id='word_1_172' title='bbox 1029 1517 1201 1552; x_wconf 87' lang='lat' dir='ltr'>sanctum</span> <span class='ocrx_word' id='word_1_173' title='bbox 1237 1514 1312 1551; x_wconf 91' lang='lat' dir='ltr'>nisi</span> <span class='ocrx_word' id='word_1_174' title='bbox 1342 1514 1408 1551; x_wconf 86' lang='lat' dir='ltr'>illo</span> <span class='ocrx_word' id='word_1_175' title='bbox 1439 1514 1712 1560; x_wconf 87' lang='lat' dir='ltr'>sanctificante,</span> 
     </span>
     <span class='ocr_line' id='line_1_20' title="bbox 210 1583 1713 1632; baseline -0.001 -10"><span class='ocrx_word' id='word_1_176' title='bbox 210 1585 305 1622; x_wconf 90' lang='lat' dir='ltr'>nihil</span> <span class='ocrx_word' id='word_1_177' title='bbox 327 1586 462 1632; x_wconf 88' lang='lat' dir='ltr'>potens</span> <span class='ocrx_word' id='word_1_178' title='bbox 484 1584 557 1621; x_wconf 93' lang='lat' dir='ltr'>nisi</span> <span class='ocrx_word' id='word_1_179' title='bbox 580 1583 644 1621; x_wconf 91' lang='grc'><strong>1110</strong></span> <span class='ocrx_word' id='word_1_180' title='bbox 667 1584 957 1621; x_wconf 86' lang='lat' dir='ltr'>corroborante:</span> <span class='ocrx_word' id='word_1_181' title='bbox 991 1583 1045 1620; x_wconf 89' lang='lat' dir='ltr'>ita</span> <span class='ocrx_word' id='word_1_182' title='bbox 1074 1583 1172 1620; x_wconf 87' lang='lat' dir='ltr'>nihil</span> <span class='ocrx_word' id='word_1_183' title='bbox 1209 1583 1312 1629; x_wconf 78' lang='lat' dir='ltr'>felix,</span> <span class='ocrx_word' id='word_1_184' title='bbox 1343 1583 1438 1620; x_wconf 89' lang='lat' dir='ltr'>nihil</span> <span class='ocrx_word' id='word_1_185' title='bbox 1475 1583 1713 1630; x_wconf 90' lang='lat' dir='ltr'>auspicatum</span> 
     </span>
     <span class='ocr_line' id='line_1_21' title="bbox 164 1652 1710 1700; baseline -0.004 -6"><span class='ocrx_word' id='word_1_186' title='bbox 164 1669 196 1694; x_wconf 85' lang='lat'>20</span> <span class='ocrx_word' id='word_1_187' title='bbox 210 1655 283 1691; x_wconf 91' lang='lat' dir='ltr'>nisi</span> <span class='ocrx_word' id='word_1_188' title='bbox 321 1653 385 1691; x_wconf 90' lang='lat' dir='ltr'>illo</span> <span class='ocrx_word' id='word_1_189' title='bbox 423 1655 681 1700; x_wconf 83' lang='lat' dir='ltr'>prosperante.</span> <span class='ocrx_word' id='word_1_190' title='bbox 725 1664 813 1690; x_wconf 87' lang='lat' dir='ltr'>sane</span> <span class='ocrx_word' id='word_1_191' title='bbox 844 1655 881 1689; x_wconf 89' lang='lat' dir='ltr'>et</span> <span class='ocrx_word' id='word_1_192' title='bbox 914 1652 1052 1689; x_wconf 89' lang='lat' dir='ltr'>uestris</span> <span class='ocrx_word' id='word_1_193' title='bbox 1084 1652 1258 1700; x_wconf 87' lang='lat' dir='ltr'>precibus</span> <span class='ocrx_word' id='word_1_194' title='bbox 1290 1655 1327 1689; x_wconf 89' lang='lat' dir='ltr'>et</span> <span class='ocrx_word' id='word_1_195' title='bbox 1359 1652 1509 1690; x_wconf 89' lang='lat' dir='ltr'>Domini</span> <span class='ocrx_word' id='word_1_196' title='bbox 1541 1652 1710 1690; x_wconf 85' lang='lat' dir='ltr'>bonitate</span> 
     </span>
     <span class='ocr_line' id='line_1_22' title="bbox 209 1722 564 1770; baseline -0.006 -10"><span class='ocrx_word' id='word_1_197' title='bbox 209 1723 330 1761; x_wconf 87' lang='lat' dir='ltr'>fretus</span> <span class='ocrx_word' id='word_1_198' title='bbox 352 1722 564 1770; x_wconf 86' lang='lat' dir='ltr'>aggrediar.</span> 
     </span>
    </p>

    <p class='ocr_par' dir='ltr' id='par_1_3' title="bbox 210 1789 1753 1974">
     <span class='ocr_line' id='line_1_23' title="bbox 265 1789 1753 1839; baseline -0.001 -11"><span class='ocrx_word' id='word_1_199' title='bbox 265 1792 423 1839; x_wconf 69' lang='lat' dir='ltr'>Martyr,</span> <span class='ocrx_word' id='word_1_200' title='bbox 446 1793 488 1828; x_wconf 92' lang='lat' dir='ltr'>ut</span> <span class='ocrx_word' id='word_1_201' title='bbox 510 1790 556 1827; x_wconf 88' lang='lat' dir='ltr'>iis</span> <span class='ocrx_word' id='word_1_202' title='bbox 578 1802 725 1837; x_wconf 86' lang='lat' dir='ltr'>quoque</span> <span class='ocrx_word' id='word_1_203' title='bbox 747 1791 875 1827; x_wconf 87' lang='lat' dir='ltr'>notum</span> <span class='ocrx_word' id='word_1_204' title='bbox 896 1792 954 1827; x_wconf 89' lang='lat' dir='ltr'>est</span> <span class='ocrx_word' id='word_1_205' title='bbox 977 1790 1041 1837; x_wconf 92' lang='lat' dir='ltr'>qui</span> <span class='ocrx_word' id='word_1_206' title='bbox 1059 1789 1198 1827; x_wconf 83' lang='lat' dir='ltr'>Graece</span> <span class='ocrx_word' id='word_1_207' title='bbox 1220 1791 1404 1836; x_wconf 89' lang='lat' dir='ltr'>nesciunt,</span> <span class='ocrx_word' id='word_1_208' title='bbox 1428 1792 1563 1827; x_wconf 88' lang='lat' dir='ltr'>testem</span> <span class='ocrx_word' id='word_1_209' title='bbox 1587 1791 1709 1827; x_wconf 87' lang='lat' dir='ltr'>sonat.</span> <span class='ocrx_word' id='word_1_210' title='bbox 1731 1794 1753 1829; x_wconf 78' lang='grc'>2</span> 
     </span>
     <span class='ocr_line' id='line_1_24' title="bbox 210 1858 1713 1907; baseline -0.001 -10"><span class='ocrx_word' id='word_1_211' title='bbox 210 1871 435 1907; x_wconf 82' lang='lat' dir='ltr'>quamquam</span> <span class='ocrx_word' id='word_1_212' title='bbox 467 1861 591 1897; x_wconf 89' lang='lat' dir='ltr'>autem</span> <span class='ocrx_word' id='word_1_213' title='bbox 623 1861 707 1906; x_wconf 87' lang='lat' dir='ltr'>post</span> <span class='ocrx_word' id='word_1_214' title='bbox 738 1860 904 1896; x_wconf 84' lang='lat' dir='ltr'>exortam</span> <span class='ocrx_word' id='word_1_215' title='bbox 927 1858 1168 1906; x_wconf 87' lang='lat' dir='ltr'>euangelicae</span> <span class='ocrx_word' id='word_1_216' title='bbox 1190 1859 1366 1896; x_wconf 88' lang='lat' dir='ltr'>ueritatis</span> <span class='ocrx_word' id='word_1_217' title='bbox 1388 1858 1508 1896; x_wconf 90' lang='lat' dir='ltr'>lucem</span> <span class='ocrx_word' id='word_1_218' title='bbox 1530 1858 1713 1896; x_wconf 87' lang='lat' dir='ltr'>ecclesia-</span> 
     </span>
     <span class='ocr_line' id='line_1_25' title="bbox 210 1927 1713 1974; baseline -0.002 -8"><span class='ocrx_word' id='word_1_219' title='bbox 210 1929 305 1966; x_wconf 89' lang='lat' dir='ltr'>stica</span> <span class='ocrx_word' id='word_1_220' title='bbox 342 1929 569 1966; x_wconf 87' lang='lat' dir='ltr'>consuetudo</span> <span class='ocrx_word' id='word_1_221' title='bbox 599 1927 831 1974; x_wconf 83' lang='lat' dir='ltr'>cognominis</span> <span class='ocrx_word' id='word_1_222' title='bbox 867 1927 978 1964; x_wconf 89' lang='lat' dir='ltr'>huius</span> <span class='ocrx_word' id='word_1_223' title='bbox 1000 1928 1179 1965; x_wconf 90' lang='lat' dir='ltr'>honorem</span> <span class='ocrx_word' id='word_1_224' title='bbox 1201 1928 1351 1974; x_wconf 88' lang='lat' dir='ltr'>proprie</span> <span class='ocrx_word' id='word_1_225' title='bbox 1373 1927 1559 1965; x_wconf 81' lang='lat' dir='ltr'>tribueret</span> <span class='ocrx_word' id='word_1_226' title='bbox 1579 1927 1626 1964; x_wconf 91' lang='lat' dir='ltr'>iis</span> <span class='ocrx_word' id='word_1_227' title='bbox 1649 1927 1713 1974; x_wconf 91' lang='lat' dir='ltr'>qui</span> 
     </span>
    </p>

    <p class='ocr_par' dir='ltr' id='par_1_4' title="bbox 164 1994 1716 2867">
     <span class='ocr_line' id='line_1_26' title="bbox 164 1994 1713 2043; baseline -0.003 -8"><span class='ocrx_word' id='word_1_228' title='bbox 164 1998 247 2035; x_wconf 80' lang='lat' dir='ltr'>25in</span> <span class='ocrx_word' id='word_1_229' title='bbox 285 1997 483 2035; x_wconf 88' lang='lat' dir='ltr'>tormentis</span> <span class='ocrx_word' id='word_1_230' title='bbox 515 2007 632 2043; x_wconf 81' lang='lat' dir='ltr'>usque</span> <span class='ocrx_word' id='word_1_231' title='bbox 664 1997 710 2033; x_wconf 85' lang='lat' dir='ltr'>ad</span> <span class='ocrx_word' id='word_1_232' title='bbox 741 1998 898 2033; x_wconf 88' lang='lat' dir='ltr'>mortem</span> <span class='ocrx_word' id='word_1_233' title='bbox 930 1996 1183 2042; x_wconf 87' lang='lat' dir='ltr'>perdurarunt</span> <span class='ocrx_word' id='word_1_234' title='bbox 1214 1995 1253 2032; x_wconf 92' lang='lat' dir='ltr'>in</span> <span class='ocrx_word' id='word_1_235' title='bbox 1284 1995 1516 2043; x_wconf 85' lang='lat' dir='ltr'>professione</span> <span class='ocrx_word' id='word_1_236' title='bbox 1548 1994 1713 2033; x_wconf 89' lang='lat' dir='ltr'>nominis</span> 
     </span>
     <span class='ocr_line' id='line_1_27' title="bbox 210 2063 1713 2112; baseline -0.001 -10"><span class='ocrx_word' id='word_1_237' title='bbox 210 2066 294 2103; x_wconf 86' lang='lat' dir='ltr'>Iesu</span> <span class='ocrx_word' id='word_1_238' title='bbox 318 2065 461 2102; x_wconf 86' lang='lat' dir='ltr'>Christi</span> <span class='ocrx_word' id='word_1_239' title='bbox 484 2067 520 2102; x_wconf 90' lang='lat' dir='ltr'>et</span> <span class='ocrx_word' id='word_1_240' title='bbox 542 2063 804 2112; x_wconf 86' lang='lat' dir='ltr'>euangelicum</span> <span class='ocrx_word' id='word_1_241' title='bbox 828 2063 1120 2101; x_wconf 87' lang='lat' dir='ltr'>instrumentum</span> <span class='ocrx_word' id='word_1_242' title='bbox 1150 2064 1333 2112; x_wconf 90' lang='lat' dir='ltr'>sanguine</span> <span class='ocrx_word' id='word_1_243' title='bbox 1369 2076 1434 2101; x_wconf 90' lang='lat' dir='ltr'>suo</span> <span class='ocrx_word' id='word_1_244' title='bbox 1471 2064 1577 2102; x_wconf 88' lang='lat' dir='ltr'>uelut</span> <span class='ocrx_word' id='word_1_245' title='bbox 1612 2063 1713 2101; x_wconf 91' lang='lat' dir='ltr'>obsi-</span> 
     </span>
     <span class='ocr_line' id='line_1_28' title="bbox 210 2132 1713 2182; baseline -0.001 -11"><span class='ocrx_word' id='word_1_246' title='bbox 210 2136 373 2182; x_wconf 84' lang='lat' dir='ltr'>gnarunt</span> <span class='ocrx_word' id='word_1_247' title='bbox 391 2134 489 2181; x_wconf 87' lang='lat' dir='ltr'>apud</span> <span class='ocrx_word' id='word_1_248' title='bbox 507 2133 739 2170; x_wconf 85' lang='lat' dir='ltr'>incredulos:</span> <span class='ocrx_word' id='word_1_249' title='bbox 763 2133 883 2170; x_wconf 90' lang='lat' dir='ltr'>omnis</span> <span class='ocrx_word' id='word_1_250' title='bbox 900 2134 1026 2170; x_wconf 87' lang='lat' dir='ltr'>tamen</span> <span class='ocrx_word' id='word_1_251' title='bbox 1044 2134 1190 2179; x_wconf 89' lang='lat' dir='ltr'>piorum</span> <span class='ocrx_word' id='word_1_252' title='bbox 1207 2133 1287 2170; x_wconf 90' lang='lat' dir='ltr'>uita</span> <span class='ocrx_word' id='word_1_253' title='bbox 1309 2133 1565 2170; x_wconf 85' lang='lat' dir='ltr'>testimonium</span> <span class='ocrx_word' id='word_1_254' title='bbox 1588 2132 1713 2169; x_wconf 86' lang='lat' dir='ltr'>reddit</span> 
     </span>
     <span class='ocr_line' id='line_1_29' title="bbox 210 2201 1715 2249; baseline -0.001 -10"><span class='ocrx_word' id='word_1_255' title='bbox 210 2204 299 2249; x_wconf 89' lang='lat' dir='ltr'>Deo,</span> <span class='ocrx_word' id='word_1_256' title='bbox 332 2215 405 2240; x_wconf 82' lang='lat' dir='ltr'>non</span> <span class='ocrx_word' id='word_1_257' title='bbox 438 2202 537 2249; x_wconf 86' lang='lat' dir='ltr'>quod</span> <span class='ocrx_word' id='word_1_258' title='bbox 569 2202 631 2239; x_wconf 89' lang='lat' dir='ltr'>ille</span> <span class='ocrx_word' id='word_1_259' title='bbox 664 2202 885 2249; x_wconf 85' lang='lat' dir='ltr'>cuiusquam</span> <span class='ocrx_word' id='word_1_260' title='bbox 923 2203 1032 2249; x_wconf 86' lang='lat' dir='ltr'>egeat</span> <span class='ocrx_word' id='word_1_261' title='bbox 1065 2201 1294 2247; x_wconf 87' lang='lat' dir='ltr'>testimonio,</span> <span class='ocrx_word' id='word_1_262' title='bbox 1329 2202 1392 2247; x_wconf 82' lang='lat' dir='ltr'>qui</span> <span class='ocrx_word' id='word_1_263' title='bbox 1424 2213 1466 2238; x_wconf 81' lang='lat' dir='ltr'>ex</span> <span class='ocrx_word' id='word_1_264' title='bbox 1490 2212 1528 2238; x_wconf 90' lang='lat' dir='ltr'>se</span> <span class='ocrx_word' id='word_1_265' title='bbox 1551 2201 1634 2238; x_wconf 87' lang='lat' dir='ltr'>fons</span> <span class='ocrx_word' id='word_1_266' title='bbox 1657 2201 1715 2238; x_wconf 85' lang='lat' dir='ltr'>est</span> 
     </span>
     <span class='ocr_line' id='line_1_30' title="bbox 211 2268 1713 2318; baseline -0.002 -9"><span class='ocrx_word' id='word_1_267' title='bbox 211 2274 385 2309; x_wconf 86' lang='lat' dir='ltr'>aeternae</span> <span class='ocrx_word' id='word_1_268' title='bbox 418 2271 573 2318; x_wconf 86' lang='lat' dir='ltr'>gloriae,</span> <span class='ocrx_word' id='word_1_269' title='bbox 611 2272 653 2307; x_wconf 90' lang='lat' dir='ltr'>ut</span> <span class='ocrx_word' id='word_1_270' title='bbox 682 2281 749 2308; x_wconf 89' lang='lat' dir='ltr'>nec</span> <span class='ocrx_word' id='word_1_271' title='bbox 782 2270 872 2308; x_wconf 89' lang='lat' dir='ltr'>ullis</span> <span class='ocrx_word' id='word_1_272' title='bbox 902 2270 1097 2308; x_wconf 87' lang='lat' dir='ltr'>hominum</span> <span class='ocrx_word' id='word_1_273' title='bbox 1119 2269 1325 2307; x_wconf 89' lang='lat' dir='ltr'>honoribus</span> <span class='ocrx_word' id='word_1_274' title='bbox 1349 2268 1429 2306; x_wconf 83' lang='lat' dir='ltr'>sieri</span> <span class='ocrx_word' id='word_1_275' title='bbox 1450 2269 1570 2316; x_wconf 88' lang='lat' dir='ltr'>possit</span> <span class='ocrx_word' id='word_1_276' title='bbox 1595 2270 1713 2307; x_wconf 91' lang='lat' dir='ltr'>hono-</span> 
     </span>
     <span class='ocr_line' id='line_1_31' title="bbox 165 2336 1714 2386; baseline -0.005 -6"><span class='ocrx_word' id='word_1_277' title='bbox 165 2357 197 2380; x_wconf 86' lang='lat'>30</span> <span class='ocrx_word' id='word_1_278' title='bbox 211 2341 328 2377; x_wconf 90' lang='lat' dir='ltr'>ratior</span> <span class='ocrx_word' id='word_1_279' title='bbox 351 2351 418 2378; x_wconf 89' lang='lat' dir='ltr'>nec</span> <span class='ocrx_word' id='word_1_280' title='bbox 441 2340 528 2378; x_wconf 93' lang='lat' dir='ltr'>ullis</span> <span class='ocrx_word' id='word_1_281' title='bbox 549 2339 763 2377; x_wconf 87' lang='lat' dir='ltr'>mortalium</span> <span class='ocrx_word' id='word_1_282' title='bbox 785 2339 1003 2386; x_wconf 75' lang='lat' dir='ltr'>ignominiis</span> <span class='ocrx_word' id='word_1_283' title='bbox 1025 2337 1238 2376; x_wconf 86' lang='lat' dir='ltr'>obscurior:</span> <span class='ocrx_word' id='word_1_284' title='bbox 1273 2338 1338 2375; x_wconf 88' lang='lat' dir='ltr'>sed</span> <span class='ocrx_word' id='word_1_285' title='bbox 1365 2340 1489 2374; x_wconf 87' lang='lat' dir='ltr'>tamen</span> <span class='ocrx_word' id='word_1_286' title='bbox 1513 2337 1565 2374; x_wconf 82' lang='lat' dir='ltr'>ita</span> <span class='ocrx_word' id='word_1_287' title='bbox 1588 2336 1714 2374; x_wconf 90' lang='lat' dir='ltr'>uisum</span> 
     </span>
     <span class='ocr_line' id='line_1_32' title="bbox 211 2405 1715 2455; baseline -0.003 -9"><span class='ocrx_word' id='word_1_288' title='bbox 211 2411 267 2447; x_wconf 90' lang='lat' dir='ltr'>est</span> <span class='ocrx_word' id='word_1_289' title='bbox 299 2410 448 2446; x_wconf 87' lang='lat' dir='ltr'>aeterno</span> <span class='ocrx_word' id='word_1_290' title='bbox 479 2408 583 2446; x_wconf 89' lang='lat' dir='ltr'>illius</span> <span class='ocrx_word' id='word_1_291' title='bbox 613 2408 814 2455; x_wconf 86' lang='lat' dir='ltr'>diuinoque</span> <span class='ocrx_word' id='word_1_292' title='bbox 843 2407 1013 2454; x_wconf 88' lang='lat' dir='ltr'>consilio,</span> <span class='ocrx_word' id='word_1_293' title='bbox 1051 2409 1092 2444; x_wconf 87' lang='lat' dir='ltr'>ut</span> <span class='ocrx_word' id='word_1_294' title='bbox 1113 2418 1218 2444; x_wconf 88' lang='lat' dir='ltr'>suam</span> <span class='ocrx_word' id='word_1_295' title='bbox 1242 2406 1449 2444; x_wconf 88' lang='lat' dir='ltr'>bonitatem</span> <span class='ocrx_word' id='word_1_296' title='bbox 1487 2405 1715 2452; x_wconf 86' lang='lat' dir='ltr'>sapientiam</span> 
     </span>
     <span class='ocr_line' id='line_1_33' title="bbox 211 2474 1716 2524; baseline -0.003 -10"><span class='ocrx_word' id='word_1_297' title='bbox 211 2489 252 2514; x_wconf 88' lang='lat' dir='ltr'>ac</span> <span class='ocrx_word' id='word_1_298' title='bbox 275 2477 479 2524; x_wconf 85' lang='lat' dir='ltr'>potentiam</span> <span class='ocrx_word' id='word_1_299' title='bbox 503 2478 601 2524; x_wconf 87' lang='lat' dir='ltr'>apud</span> <span class='ocrx_word' id='word_1_300' title='bbox 623 2477 792 2514; x_wconf 87' lang='lat' dir='ltr'>homiues</span> <span class='ocrx_word' id='word_1_301' title='bbox 815 2488 880 2524; x_wconf 89' lang='lat' dir='ltr'>per</span> <span class='ocrx_word' id='word_1_302' title='bbox 900 2476 1069 2514; x_wconf 90' lang='lat' dir='ltr'>homines</span> <span class='ocrx_word' id='word_1_303' title='bbox 1086 2476 1182 2513; x_wconf 91' lang='lat' dir='ltr'>uelit</span> <span class='ocrx_word' id='word_1_304' title='bbox 1199 2475 1396 2521; x_wconf 87' lang='lat' dir='ltr'>illustrari,</span> <span class='ocrx_word' id='word_1_305' title='bbox 1421 2474 1518 2512; x_wconf 90' lang='lat' dir='ltr'>sicut</span> <span class='ocrx_word' id='word_1_306' title='bbox 1535 2475 1716 2511; x_wconf 90' lang='lat' dir='ltr'>mundum</span> 
     </span>
     <span class='ocr_line' id='line_1_34' title="bbox 211 2542 1713 2592; baseline -0.003 -10"><span class='ocrx_word' id='word_1_307' title='bbox 211 2546 413 2592; x_wconf 86' lang='lat' dir='ltr'>gubernari</span> <span class='ocrx_word' id='word_1_308' title='bbox 451 2546 571 2582; x_wconf 90' lang='lat' dir='ltr'>uoluit</span> <span class='ocrx_word' id='word_1_309' title='bbox 606 2556 672 2592; x_wconf 86' lang='lat' dir='ltr'>per</span> <span class='ocrx_word' id='word_1_310' title='bbox 696 2545 862 2592; x_wconf 87' lang='lat' dir='ltr'>angelos,</span> <span class='ocrx_word' id='word_1_311' title='bbox 901 2556 981 2582; x_wconf 91' lang='lat' dir='ltr'>cum</span> <span class='ocrx_word' id='word_1_312' title='bbox 1012 2543 1230 2592; x_wconf 86' lang='lat' dir='ltr'>angelorum</span> <span class='ocrx_word' id='word_1_313' title='bbox 1263 2542 1472 2580; x_wconf 84' lang='lat' dir='ltr'>ministerio</span> <span class='ocrx_word' id='word_1_314' title='bbox 1494 2554 1566 2579; x_wconf 88' lang='lat' dir='ltr'>non</span> <span class='ocrx_word' id='word_1_315' title='bbox 1591 2543 1713 2589; x_wconf 84' lang='lat' dir='ltr'>egeat,</span> 
     </span>
     <span class='ocr_line' id='line_1_35' title="bbox 211 2612 1713 2662; baseline -0.003 -11"><span class='ocrx_word' id='word_1_316' title='bbox 211 2614 402 2662; x_wconf 86' lang='lat' dir='ltr'>multaque</span> <span class='ocrx_word' id='word_1_317' title='bbox 425 2614 638 2652; x_wconf 88' lang='lat' dir='ltr'>hominibus</span> <span class='ocrx_word' id='word_1_318' title='bbox 661 2626 727 2662; x_wconf 89' lang='lat' dir='ltr'>per</span> <span class='ocrx_word' id='word_1_319' title='bbox 747 2613 918 2651; x_wconf 89' lang='lat' dir='ltr'>homines</span> <span class='ocrx_word' id='word_1_320' title='bbox 940 2613 1139 2660; x_wconf 81' lang='lat' dir='ltr'>largiatur,</span> <span class='ocrx_word' id='word_1_321' title='bbox 1172 2624 1266 2660; x_wconf 82' lang='lat' dir='ltr'>quae</span> <span class='ocrx_word' id='word_1_322' title='bbox 1288 2623 1354 2659; x_wconf 88' lang='lat' dir='ltr'>per</span> <span class='ocrx_word' id='word_1_323' title='bbox 1377 2623 1416 2649; x_wconf 85' lang='lat' dir='ltr'>se</span> <span class='ocrx_word' id='word_1_324' title='bbox 1439 2612 1530 2649; x_wconf 89' lang='lat' dir='ltr'>dare</span> <span class='ocrx_word' id='word_1_325' title='bbox 1552 2612 1713 2658; x_wconf 84' lang='lat' dir='ltr'>poterat,</span> 
     </span>
     <span class='ocr_line' id='line_1_36' title="bbox 167 2681 1714 2730; baseline -0.005 -8"><span class='ocrx_word' id='word_1_326' title='bbox 167 2697 197 2722; x_wconf 84' lang='lat'>35</span> <span class='ocrx_word' id='word_1_327' title='bbox 213 2684 275 2730; x_wconf 88' lang='lat' dir='ltr'>qui</span> <span class='ocrx_word' id='word_1_328' title='bbox 311 2683 492 2730; x_wconf 84' lang='lat' dir='ltr'>quidquid</span> <span class='ocrx_word' id='word_1_329' title='bbox 529 2682 611 2720; x_wconf 90' lang='lat' dir='ltr'>uult</span> <span class='ocrx_word' id='word_1_330' title='bbox 640 2684 734 2720; x_wconf 86' lang='lat' dir='ltr'>nutu</span> <span class='ocrx_word' id='word_1_331' title='bbox 764 2684 889 2729; x_wconf 89' lang='lat' dir='ltr'>potest</span> <span class='ocrx_word' id='word_1_332' title='bbox 922 2683 959 2719; x_wconf 89' lang='lat' dir='ltr'>et</span> <span class='ocrx_word' id='word_1_333' title='bbox 989 2682 1047 2719; x_wconf 88' lang='lat' dir='ltr'>cui</span> <span class='ocrx_word' id='word_1_334' title='bbox 1070 2682 1235 2719; x_wconf 91' lang='lat' dir='ltr'>uoluisse</span> <span class='ocrx_word' id='word_1_335' title='bbox 1258 2681 1394 2718; x_wconf 84' lang='lat' dir='ltr'>fecisse</span> <span class='ocrx_word' id='word_1_336' title='bbox 1416 2682 1486 2718; x_wconf 87' lang='lat' dir='ltr'>est.</span> <span class='ocrx_word' id='word_1_337' title='bbox 1519 2681 1556 2716; x_wconf 91' lang='lat' dir='ltr'>et</span> <span class='ocrx_word' id='word_1_338' title='bbox 1578 2690 1714 2726; x_wconf 86' lang='lat' dir='ltr'>quam-</span> 
     </span>
     <span class='ocr_line' id='line_1_37' title="bbox 212 2748 1710 2798; baseline -0.003 -10"><span class='ocrx_word' id='word_1_339' title='bbox 212 2763 321 2798; x_wconf 86' lang='lat' dir='ltr'>quam</span> <span class='ocrx_word' id='word_1_340' title='bbox 353 2754 393 2788; x_wconf 87' lang='lat' dir='ltr'>ut</span> <span class='ocrx_word' id='word_1_341' title='bbox 424 2752 500 2788; x_wconf 76' lang='lat' dir='ltr'>dixi</span> <span class='ocrx_word' id='word_1_342' title='bbox 534 2751 580 2788; x_wconf 89' lang='lat' dir='ltr'>ad</span> <span class='ocrx_word' id='word_1_343' title='bbox 611 2751 714 2788; x_wconf 87' lang='lat' dir='ltr'>illam</span> <span class='ocrx_word' id='word_1_344' title='bbox 751 2750 978 2788; x_wconf 82' lang='lat' dir='ltr'>ineffabilem</span> <span class='ocrx_word' id='word_1_345' title='bbox 1002 2750 1239 2787; x_wconf 83' lang='lat' dir='ltr'>maiestatem</span> <span class='ocrx_word' id='word_1_346' title='bbox 1269 2749 1372 2786; x_wconf 88' lang='lat' dir='ltr'>nulla</span> <span class='ocrx_word' id='word_1_347' title='bbox 1395 2748 1578 2795; x_wconf 87' lang='lat' dir='ltr'>pertingit</span> <span class='ocrx_word' id='word_1_348' title='bbox 1601 2748 1710 2794; x_wconf 88' lang='lat' dir='ltr'>igno-</span> 
     </span>
     <span class='ocr_line' id='line_1_38' title="bbox 214 2815 1711 2867; baseline -0.003 -11"><span class='ocrx_word' id='word_1_349' title='bbox 214 2820 341 2865; x_wconf 87' lang='lat' dir='ltr'>minia,</span> <span class='ocrx_word' id='word_1_350' title='bbox 375 2823 499 2857; x_wconf 89' lang='lat' dir='ltr'>tamen</span> <span class='ocrx_word' id='word_1_351' title='bbox 527 2820 565 2857; x_wconf 92' lang='lat' dir='ltr'>in</span> <span class='ocrx_word' id='word_1_352' title='bbox 599 2819 799 2867; x_wconf 88' lang='lat' dir='ltr'>scripturis</span> <span class='ocrx_word' id='word_1_353' title='bbox 821 2819 875 2856; x_wconf 88' lang='lat' dir='ltr'>ita</span> <span class='ocrx_word' id='word_1_354' title='bbox 896 2819 1078 2866; x_wconf 83' lang='lat' dir='ltr'>loquitur,</span> <span class='ocrx_word' id='word_1_355' title='bbox 1115 2818 1224 2866; x_wconf 85' lang='lat' dir='ltr'>quasi</span> <span class='ocrx_word' id='word_1_356' title='bbox 1246 2829 1312 2865; x_wconf 92' lang='lat' dir='ltr'>per</span> <span class='ocrx_word' id='word_1_357' title='bbox 1334 2829 1400 2855; x_wconf 89' lang='lat' dir='ltr'>uos</span> <span class='ocrx_word' id='word_1_358' title='bbox 1424 2818 1628 2854; x_wconf 81' lang='lat' dir='ltr'>honoretur</span> <span class='ocrx_word' id='word_1_359' title='bbox 1650 2815 1711 2853; x_wconf 89' lang='lat' dir='ltr'>uel</span> 
     </span>
    </p>
   </div>
  </div>
 </body>
</html>
