2032 3248
547 216 608 250 Ad
642 216 943 251 Nouatianuni
979 228 1005 250 c.
1041 218 1184 251 10—12.
1560 223 1607 263 61

170 322 338 369 Denique
375 323 444 360 hoc
475 323 511 359 in
542 323 737 370 euangelio
776 325 1039 371 conprobatur,
1078 324 1141 360 ubi
1170 323 1237 360 illa
1266 323 1402 361 mulier
1423 325 1611 371 peccatrix
1627 325 1675 361 11

113 390 367 436 describitur,
405 402 498 437 quae
532 391 636 428 uenit
672 391 720 428 ad
753 392 901 429 domum
939 393 1131 430 cuiusdam
1170 392 1394 438 Pharisaei,
1434 393 1496 430 ubi
1532 396 1613 430 erat·

113 459 293 497 Dominus
316 461 471 497 uocatus
493 471 576 496 cum
598 459 816 506 discipulis.
854 463 1010 507 portans
1040 472 1107 498 uas
1137 460 1341 508 unguenti:
1381 472 1474 508 quae
1504 462 1614 499 stetit

112 529 158 565 ad
180 529 291 575 pedes
313 527 463 565 Domini
485 529 522 565 et
552 528 719 565 lacrimis
750 529 829 566 suis
859 529 954 566 lauit
984 530 1098 577 pedes
1121 530 1202 567 eius
1225 531 1261 567 et
1284 529 1433 576 capillis
1456 530 1613 568 extersit

83 598 149 634 5et
187 596 315 634 oscula
349 596 485 643 infixit,
516 598 557 633 ut
585 597 813 634 excitaretur
835 598 912 634 illic
936 598 1165 635 Pharisaeus
1195 600 1232 634 et
1263 597 1421 635 diceret:
1461 598 1541 635 hic
1574 598 1614 635 si

111 667 240 702 esset
281 666 544 712 propheta,
588 665 737 703 sciret
779 677 896 712 quae
939 669 984 703 et
1021 666 1181 713 qualis
1218 666 1351 703 esset
1386 665 1485 703 ista
1520 678 1613 703 mu-

110 733 203 771 lier
235 745 352 781 quae
389 745 486 771 eum
522 734 697 781 tangit,
738 735 846 782 quia
883 735 1133 782 peccatrix
1171 736 1257 773 est.
1302 734 1398 771 unde
1421 734 1459 770 in
1491 734 1612 771 conti-

110 800 218 840 nenti
253 802 435 839 Dominus
472 803 710 849 peccatorum
746 803 926 841 remissor
956 805 993 841 et
1021 802 1298 850 paenitentium
1334 804 1505 849 receptor
1535 802 1610 840 ait:

111 872 274 917 Petre,
324 871 474 908 habeo
524 870 618 908 tibi
668 871 863 918 aliquid
905 872 1079 909 dicere.
1137 873 1183 908 at
1223 870 1313 909 ille
1354 870 1615 918 respondit

66 939 300 978 10dicens:
331 940 576 987 magister,
607 940 692 978 dic.
725 942 762 978 et
784 940 986 978 Dominus:
1017 942 1104 979 duo
1135 940 1383 978 debitores
1414 940 1616 979 fuerunt

111 1009 295 1047 cuidam
350 1008 646 1055 feneratori,
704 1021 826 1047 unus
882 1010 960 1057 qui
1017 1009 1058 1046 ei
1115 1009 1328 1047 debebat
1384 1009 1614 1046 denarios

110 1077 408 1125 quingentos
450 1078 495 1115 et
535 1077 665 1115 alius
702 1078 1088 1126 quinquaginta:
1127 1076 1174 1116 et
1210 1089 1310 1115 cum
1347 1088 1440 1115 non
1475 1078 1615 1114 habe-

109 1148 219 1183 rent
258 1146 379 1184 unde
420 1146 689 1193 soluerent,
732 1148 962 1185 ambobus
1004 1147 1220 1185 donauit.
1263 1150 1300 1185 et
1337 1147 1612 1195 interrogauit:

111 1214 219 1261 quis
251 1227 409 1253 eorum
444 1216 556 1262 plus
592 1215 794 1262 diligit?
832 1218 876 1253 et
914 1217 1171 1264 respondit
1208 1217 1405 1254 Petrus:
1444 1216 1615 1262 utique

69 1283 204 1321 15ille
254 1284 330 1321 cui
377 1283 487 1331 plus
537 1284 765 1331 donauit,
817 1286 854 1322 et
903 1285 1037 1323 adiecit
1079 1285 1225 1323 dicens:
1281 1284 1419 1323 uides
1468 1284 1613 1322 istam

110 1351 392 1390 mulierem?
449 1352 660 1389 introiui
701 1353 748 1390 in
789 1354 970 1391 domum
1019 1355 1168 1400 tuam,
1225 1354 1442 1391 osculum
1495 1353 1614 1391 mihi

110 1432 198 1457 non
241 1420 446 1458 dedisti:
488 1422 605 1459 haec
646 1422 805 1459 autem
845 1433 935 1459 non
976 1422 1196 1459 cessauit
1237 1421 1502 1460 osculando
1538 1432 1614 1468 pe-

112 1489 193 1526 des
243 1500 377 1527 meos.
436 1490 581 1537 pedes
630 1500 756 1527 meos
798 1501 887 1527 non
935 1489 1144 1528 lauasti:
1194 1491 1310 1528 haec
1351 1491 1506 1528 autem
1547 1490 1612 1526 la-

111 1557 280 1595 crimis
337 1557 438 1595 suis
487 1557 613 1596 lauit
669 1560 714 1596 et
763 1558 968 1606 capillis
1024 1558 1247 1597 extersit.
1306 1559 1412 1597 oleo
1467 1558 1612 1606 pedes

65 1636 236 1663 zomeos
278 1638 367 1663 non
398 1627 633 1666 unexisti.
670 1628 785 1664 haec
826 1629 984 1665 autem
1024 1627 1206 1665 uncxit.
1248 1629 1451 1675 propter
1492 1627 1615 1674 quod

113 1694 218 1733 dico
259 1694 377 1741 tibi,
421 1695 579 1741 Petre‚
623 1695 734 1742 quia
768 1696 1093 1734 remittuntur
1134 1695 1215 1733 illi
1256 1698 1458 1743 peccata
1499 1696 1615 1734 eius.

113 1774 197 1802 ecce
219 1764 401 1801 Dominus
424 1764 596 1811 utrisque
620 1765 855 1804 debitoribus
871 1766 981 1813 larga
998 1777 1065 1804 sua
1086 1765 1226 1813 pietate
1247 1766 1414 1803 debitum
1433 1765 1615 1803 concedit.

114 1843 198 1871 ecce
221 1832 359 1870 delicta
389 1834 604 1880 donantem,
641 1845 724 1871 ecce
758 1834 955 1872 mulierem
977 1834 1226 1881 peccatricem
1248 1834 1502 1881 paenitentem
1522 1835 1615 1872 flen-

112 1903 188 1940 tem
211 1901 472 1949 deprecantem
494 1904 531 1939 et
553 1901 749 1940 remissam
770 1904 1006 1949 peccatorum
1029 1903 1289 1950 accipientem.

67 1977 99 2004 25
170 1969 357 2008 Erubesce
388 1970 462 2007 iam
493 1982 603 2017 nunc,
638 1970 670 2008 si
701 1970 782 2008 fieri
802 1973 941 2018 potest,
973 1971 1198 2018 Nouatiane,
1232 1970 1360 2009 desine
1382 1971 1613 2019 argumentis
1633 1975 1684 2013 12

111 2037 188 2074 tuis
219 2037 346 2084 impiis
376 2038 546 2076 incautos
577 2039 767 2086 decipere,
814 2039 942 2077 desine
974 2039 1083 2077 unius
1130 2039 1287 2087 capituli
1318 2039 1615 2086 praescriptione

113 2109 268 2143 terrere.
301 2106 462 2153 legimus
494 2108 531 2145 et
562 2108 759 2145 adoramus
790 2120 856 2146 nec
886 2108 1224 2155 praetermittimus
1246 2108 1444 2145 caelestem
1465 2106 1616 2145 Domini

114 2175 340 2212 sententiam
388 2175 451 2221 qui
497 2176 550 2213 ait
594 2179 819 2224 negaturum
852 2188 890 2214 se
935 2178 1159 2223 negantem,
1204 2176 1385 2223 numquid
1416 2177 1454 2214 et
1483 2175 1615 2223 paeni-

113 2245 282 2281 tentem?
329 2246 367 2281 et
412 2243 502 2291 quid
547 2255 615 2292 ego
662 2244 806 2282 tamdiu
837 2245 881 2282 de
913 2245 1217 2282 miserationibus
1262 2245 1420 2291 probare
1466 2244 1618 2292 singula

204 2394 225 2427 5
249 2394 333 2429 Luc.
362 2394 392 2435 7,
417 2394 562 2428 39-47.

206 2544 226 2576 5
256 2545 422 2578 excitaret
448 2544 489 2578 K
663 2544 739 2578 illic
763 2543 913 2577 fariseus
940 2543 988 2584 K,
1015 2542 1076 2576 ille
1101 2543 1161 2587 ph.
1189 2554 1207 2577 v
1393 2544 1413 2577 9
1439 2544 1538 2587 petre
1564 2542 1614 2586 K,

114 2600 228 2634 simon
255 2611 283 2641 v,
309 2602 353 2643 cf.
382 2602 482 2644 epist.
503 2612 541 2645 p.
568 2603 646 2641 486,
673 2603 717 2635 16
886 2600 930 2635 10
955 2600 1100 2634 fuerunt
1126 2600 1174 2642 K,
1200 2601 1300 2633 erant
1326 2610 1345 2634 v
1516 2599 1557 2633 11
1588 2599 1619 2632 ei

114 2657 264 2691 debebat
289 2658 343 2701 K,
369 2657 523 2692 habebat
550 2669 568 2692 υ
755 2658 797 2691 12
822 2658 909 2691 alios
936 2658 978 2691 K
1158 2658 1193 2691 et
1218 2667 1296 2691 cum
1323 2657 1371 2698 K,
1397 2667 1475 2691 cum
1499 2667 1520 2691 v

115 2715 158 2749 14
182 2715 323 2748 illorum
349 2727 369 2750 v
491 2715 638 2759 diligent
665 2714 706 2747 K
817 2716 935 2759 petrus
963 2714 1010 2756 K,
1038 2714 1154 2748 simon
1179 2725 1200 2749 v
1322 2714 1364 2747 16
1390 2712 1562 2747 introiui*
1582 2712 1623 2746 K

115 2774 146 2816 (t
171 2774 289 2813 eras),
315 2772 450 2806 intraui
477 2783 498 2807 v
637 2772 680 2805 21
707 2773 804 2815 petre
830 2772 885 2813 K,
912 2772 1026 2805 simon
1053 2782 1072 2805 v
1212 2771 1256 2805 22
1283 2770 1374 2815 ecce]
1399 2770 1463 2804 hoc
1488 2769 1531 2804 K

117 2828 160 2862 24
185 2829 331 2863 remissa
357 2829 399 2863 K
534 2829 577 2863 28
603 2829 664 2873 qui
692 2829 742 2873 K,
770 2839 838 2872 qua
863 2840 882 2863 υ
