2032 3248
386 226 466 268 102
787 226 983 262 Arnobii
1015 228 1230 263 aduersus
1258 228 1468 263 nationes

382 343 423 381 et
454 339 698 383 lautioribus
729 341 984 383 successibus
1020 342 1227 385 institutis
1257 355 1335 384 non
1365 343 1553 396 antiquas
1592 342 1877 385 adamauerint

383 409 542 451 casulas
573 421 646 451 nec
675 409 751 452 sub
791 410 961 463 rupibus
993 412 1035 454 et
1067 412 1251 453 cauernis
1287 412 1618 466 praeoptauerint
1655 414 1702 453 ut
1733 411 1877 453 beluae

382 481 646 532 permanere?
691 491 904 521 commune
944 480 1005 521 est
1043 480 1234 522 omnibus
1266 481 1307 523 et
1336 480 1386 522 ab
1416 481 1518 535 ipsis
1548 493 1675 534 paene
1706 480 1875 522 incuna-

381 547 479 590 bilis
501 548 715 600 traditum,
739 547 845 590 bona
866 549 986 590 malis
1008 549 1220 602 anteferre,
1242 550 1458 592 inutilibus
1480 549 1602 592 utilia
1622 562 1876 604 praeponere,

383 617 423 658 et
454 616 560 670 quod
600 629 687 659 esse
728 618 960 659 constiterit
998 618 1237 672 pretiosius,
1280 619 1452 669 laetius,
1498 619 1540 660 id
1582 619 1805 661 consectari
1836 620 1877 660 et
1907 635 1922 659 5

382 687 517 740 petere
554 686 597 728 in
638 699 763 740 eoque
800 686 974 742 defigere
1012 700 1126 741 spem
1166 688 1315 730 salutis
1348 688 1388 729 et
1419 688 1666 729 salutarium
1697 699 1875 730 commo-

314 755 366 796 67
382 755 540 797 dorum.
590 755 731 809 itaque
777 768 869 797 cum
910 756 1025 799 nobis
1071 756 1289 799 intenditis
1335 757 1589 799 auersionem
1627 769 1650 798 a
1680 756 1876 811 religione

379 824 574 879 priorum,
606 836 772 866 causam
802 825 990 867 conuenit
1020 826 1067 867 ut
1096 826 1340 879 inspiciatis,
1372 838 1451 868 non
1471 825 1643 877 factum,
1675 837 1747 866 nec
1778 825 1876 878 quid

380 893 666 946 reliquerimus
697 905 910 947 opponere,
942 894 1012 936 sed
1043 895 1172 937 secuti
1204 895 1301 949 quid
1332 894 1460 937 simus
1491 895 1754 948 potissimum
1785 906 1877 935 con-

379 962 497 1004 tueri.
543 974 639 1004 nam
677 962 712 1003 si
753 962 914 1004 mutare
952 962 1197 1005 sententiam
1236 963 1356 1018 culpa
1396 964 1458 1005 est
1495 964 1582 1005 ulla
1620 963 1686 1005 1161
1725 963 1878 1005 crimen
1891 977 1925 1002 ιο

379 1032 420 1074 et
451 1044 474 1073 a
505 1031 712 1073 ueteribus
750 1031 955 1073 institutis
985 1031 1027 1073 111
1059 1032 1162 1074 alias
1194 1045 1258 1074 res
1296 1045 1423 1074 nouas
1454 1032 1767 1085 uoluntatesque
1798 1032 1877 1073 mi-

379 1113 514 1155 grare,
555 1100 790 1142 criminatio
821 1100 902 1142 ista
933 1101 974 1142 et
1003 1112 1075 1143 uos
1107 1102 1285 1155 spectat,
1326 1102 1395 1155 qui
1438 1101 1589 1143 totiens
1621 1101 1753 1143 uitam
1784 1113 1876 1142 0011-

379 1169 716 1223 suetudinemque
746 1169 960 1221 mutastis,
999 1170 1069 1224 qui
1099 1170 1142 1212 in
1173 1182 1306 1213 mores
1337 1171 1438 1213 alios
1471 1171 1593 1224 atque
1632 1170 1733 1211 alios
1771 1170 1877 1211 ritus

284 1247 307 1281 f.
322 1248 365 1280 60
377 1237 560 1292 priorum
591 1238 926 1280 condemnatione
956 1239 1177 1281 transistis
1218 1239 1419 1293 numquid
1455 1237 1459 1295 Ι
1496 1240 1605 1281 6111111
1638 1239 1814 1292 quinque
1834 1240 1877 1280 in

379 1308 528 1350 classes
566 1307 729 1350 habetis
766 1308 963 1361 populum
1003 1307 1293 1359 distributum,
1332 1309 1460 1350 uestri
1492 1308 1590 1350 olim
1622 1309 1668 1349 ut
1698 1308 1877 1349 habuere
1892 1318 1922 1343 1⁵

378 1377 581 1419 maiores?
611 1376 812 1429 numquid
842 1377 1113 1431 magistratus
1143 1390 1215 1430 per
1241 1379 1439 1431 populum
1470 1378 1645 1419 creatis?
1676 1376 1877 1418 militaria

378 1445 533 1488 urbana
571 1446 803 1488 communia
842 1458 945 1499 quae
976 1445 1059 1488 sint
1089 1447 1256 1488 comitia
1293 1447 1436 1488 scitis?
1483 1447 1656 1489 seruatis
1688 1446 1735 1487 de
1766 1445 1877 1488 caelo

377 1516 449 1557 aut
484 1515 634 1557 otiosas
673 1515 810 1557 facitis
842 1515 1221 1557 obnuntiationibus
1251 1516 1460 1558 actiones?
1505 1515 1539 1557 si
1569 1515 1723 1568 paratis
1755 1514 1875 1565 bella,

379 1583 542 1638 signum
580 1584 820 1626 monstratis
860 1596 906 1625 ex
947 1587 1067 1626 arce?
1113 1585 1187 1627 aut
1224 1584 1384 1627 fetialia
1420 1584 1509 1625 iura
1546 1584 1762 1625 tractatis?
1807 1595 1878 1635 per

378 1653 688 1707 clarigationem
718 1653 904 1706 repetitis
935 1665 998 1695 res
1029 1654 1198 1707 raptas?
1228 1655 1301 1695 aut
1321 1653 1520 1695 Martium
1542 1652 1760 1695 discrimen
1783 1652 1876 1693 obe·
1889 1663 1923 1690 20

378 1723 497 1764 untes
529 1735 644 1776 spem
674 1722 819 1776 proelii
850 1722 1017 1764 sumitis
1050 1735 1096 1764 ex
1127 1722 1386 1764 acuminibus
1414 1721 1642 1776 auspicati?
1672 1721 1715 1762 in
1738 1721 1874 1774 potes-

377 1791 535 1833 tatibus
566 1790 761 1833 obeundis
792 1791 905 1845 leges
935 1790 1189 1832 conseruatis
1221 1791 1441 1833 annarias?
1472 1791 1516 1832 in
1548 1790 1677 1841 donis,
1710 1790 1752 1830 in
1783 1802 1876 1830 mu-

378 1860 542 1902 neribus
574 1858 763 1902 Cincias?
801 1859 845 1900 in
876 1859 1114 1901 cohibendis
1146 1859 1348 1901 censorias
1379 1858 1642 1912 sumptibus?
1682 1858 1724 1899 in
1755 1870 1876 1910 pene-

360 1916 556 1972 'tralibus
586 1930 627 1971 et
648 1928 795 1970 culinis
815 1929 1031 1983 perpetuos
1053 1928 1204 1970 fouetis
1226 1929 1336 1970 focos
1351 1930 1371 1969 ἱ)
1402 1940 1535 1970 sacras
1556 1927 1694 1969 facitis
1715 1938 1876 1968 mensas

377 1997 604 2041 salinorum
635 1998 824 2051 adpositu
856 2000 896 2039 et
927 1997 1160 2039 simulacris
1192 1998 1389 2039 deorum?
1421 2010 1515 2039 cum
1546 1997 1590 2037 in
1611 1995 1877 2038 matrimonia
1890 2011 1922 2037 25

377 2066 624 2118 conuenitis,
666 2067 764 2121 toga
801 2067 986 2108 sternitis
1023 2066 1196 2108 lectulos
1227 2067 1268 2107 et
1298 2066 1560 2116 maritorum,
1580 2065 1719 2120 genios
1750 2064 1875 2106 aduo-

378 2136 511 2179 catis?
542 2135 788 2178 nubentium
819 2136 971 2178 crinem
1003 2135 1195 2177 caelibari
1232 2135 1351 2177 hasta
1382 2135 1607 2177 mulcetis?
1645 2134 1876 2188 puellarum

376 2205 539 2261 togulas
585 2206 808 2247 Fortunam
854 2204 1022 2247 defertis
1068 2205 1119 2246 ad
1162 2204 1451 2259 Virginalem?
1496 2206 1650 2246 matres
1695 2202 1876 2245 familias

425 2356 443 2388 1
469 2353 661 2388 secessibus
688 2353 848 2398 Scaliyer
1008 2353 1030 2387 2
1055 2352 1178 2387 ueluae
1203 2352 1239 2386 P
1258 2362 1340 2387 corr
1501 2352 1523 2386 5
1553 2351 1757 2386 constiterit
1790 2350 1877 2385 Urs:

378 2412 606 2447 constituerit
623 2411 659 2445 P
785 2410 996 2455 praetiosius
1015 2410 1049 2444 P
1180 2410 1198 2443 7
1217 2409 1416 2444 intendetis
1435 2408 1507 2444 Sab
1637 2419 1658 2442 a
1679 2408 1762 2442 Gel:
1788 2410 1824 2442 et
1843 2407 1879 2441 P

378 2479 417 2503 ex
437 2468 507 2503 Sab
644 2467 815 2512 religione
839 2467 932 2502 Sab:
956 2467 1162 2512 religionem
1183 2467 1217 2501 P
1346 2466 1563 2501 auersionem
1580 2476 1600 2499 a
1618 2475 1714 2499 more
1738 2466 1773 2498 et
1794 2464 1876 2498 reli-

377 2527 482 2571 gione
507 2526 781 2560 Klussmannus
917 2526 939 2560 9
964 2536 1084 2559 sumus
1112 2525 1184 2559 Sab
1325 2525 1365 2558 11
1391 2523 1572 2558 institutis
1597 2523 1634 2556 in
1654 2522 1737 2564 Sab,
1756 2533 1796 2556 r.-
1821 2522 1876 2555 in-

378 2583 501 2618 stituti
525 2583 598 2617 sint
623 2584 658 2617 P
811 2582 855 2617 14
885 2581 1050 2626 numquit
1075 2582 1111 2616 P
1134 2592 1216 2616 corr
1383 2581 1424 2615 16
1455 2579 1620 2624 numquit
1646 2580 1681 2614 P
1706 2589 1786 2614 corr

379 2641 419 2675 17
438 2651 503 2684 que
521 2641 555 2674 P
687 2641 731 2675 18
748 2639 898 2674 uitiosas
916 2639 1103 2684 Riyaltius
1234 2638 1264 2672 si
1281 2638 1417 2683 paratis
1435 2637 1639 2682 Riyaltz'us:
1657 2636 1828 2681 reparatis
1846 2635 1880 2669 P

378 2709 457 2733 cum
483 2698 614 2742 paratis
640 2697 712 2732 Sab
851 2697 894 2731 21
919 2696 1041 2740 proelii
1066 2696 1222 2740 sumitis]
1248 2695 1475 2740 praesumitis
1500 2694 1567 2729 Urs
1706 2705 1744 2728 ex
1764 2693 1875 2737 scrip-

377 2756 426 2790 si.-
444 2758 479 2790 et
496 2766 534 2789 ex
552 2755 586 2789 P
701 2754 873 2799 auspicati
899 2754 986 2788 Urs.-
1004 2753 1196 2797 auspicatis
1212 2753 1247 2786 P
1366 2752 1410 2786 23
1426 2752 1473 2785 im
1492 2750 1733 2795 penetralibus
1751 2750 1785 2784 P

376 2812 420 2847 24
446 2815 481 2846 et
508 2811 635 2846 culinis
663 2811 843 2856 Scaliyer:
868 2812 903 2845 et
928 2810 1091 2854 coliginis
1117 2810 1152 2844 P
1175 2810 1303 2845 Vestae
1327 2808 1422 2854 ignis
1449 2808 1522 2843 Sab
1548 2807 1675 2843 Vestae
1701 2807 1768 2843 Urs
1793 2806 1875 2841 0011-

378 2869 473 2914 ginis
500 2868 600 2903 Salm
624 2870 659 2902 et
684 2868 793 2902 tholis
817 2867 913 2912 ignis
943 2867 1114 2902 Oehlerus
1253 2867 1299 2901 25
1322 2866 1550 2900 matrimonia
1568 2866 1603 2899 P
1739 2865 1781 2898 27
1807 2864 1875 2898 cri-

377 2937 456 2961 nem
484 2925 575 2961 Sab:
608 2924 736 2959 crimen
761 2925 796 2959 P
