2032 3248
448 219 507 251 De
533 218 763 251 montibus
789 218 894 251 Sina
920 219 962 251 et
988 217 1092 250 Sion
1125 228 1151 251 e.
1180 218 1324 252 10-14.
1555 220 1634 260 117

135 331 213 365 tum
236 337 274 363 se
314 325 458 367 uideat,
499 326 605 372 pater
628 324 665 361 in
688 323 763 362 filio
785 326 822 361 et
845 324 943 361 filius
967 323 1004 359 in
1034 326 1139 370 patre
1179 326 1355 370 utrosque
1395 335 1433 362 se
1456 324 1493 361 in
1516 336 1554 362 se
1578 323 1635 361 ui-

135 396 243 432 dent:
289 395 368 431 ideo
412 393 588 440 speculus
632 392 897 430 inmaculatus.
946 404 1031 429 nam
1069 394 1107 428 et
1142 403 1208 429 nos
1247 392 1311 438 qui
1355 392 1408 429 illi
1451 393 1635 430 eredimus

135 463 324 500 Christum
350 462 386 498 in
424 462 531 498 nobis
570 463 760 507 tamquam
783 460 821 497 in
853 460 1004 507 speculo
1040 459 1210 497 uidemus
1233 460 1312 507 ipso
1334 472 1402 498 uos
1426 461 1635 498 instruente

135 533 171 569 et
194 532 365 568 monente
388 531 425 567 in
463 529 628 577 epistula
661 529 838 567 Iohannis
876 530 1052 576 discipuli
1087 530 1145 566 sui
1168 529 1215 566 ad
1237 530 1435 576 populum:
1470 530 1539 567 ita
1571 541 1636 568 me

105 600 179 637 sin
226 599 364 636 uobis
414 600 592 644 uidete,
641 599 868 645 quomodo
916 597 1023 644 quis
1068 600 1281 635 uestrum
1328 609 1375 635 se
1422 599 1557 636 uidet
1589 599 1635 635 in

133 679 296 715 aquam
319 670 401 704 aut
423 667 469 704 in
493 677 573 714 spe
586 667 755 711 culum,
779 668 816 703 et
835 662 1070 703 confirmauit
1087 666 1359 704 salomonicum
1377 667 1515 704 dietmn
1534 668 1578 704 de
1596 677 1635 704 se

134 737 341 774 dicentem:
379 736 484 783 quis
516 738 591 773 est
623 734 856 781 speculus
888 734 1228 772 immaculatus
1259 735 1429 782 patris.

189 805 284 842 Vero
322 804 435 842 etiam
458 806 494 841 et
528 803 645 841 uitem
668 814 792 840 ueram
816 814 855 839 se
877 814 958 840 esse
981 803 1089 848 dixit,
1112 805 1257 850 patrem
1281 815 1390 841 suum
1412 803 1628 850 agricolam.
1650 804 1702 842 14

133 874 165 910 si
188 885 276 920 ergo
299 873 472 910 Christus
496 872 585 909 uitis
608 874 666 908 est
688 883 790 917 uera,
828 872 955 919 utique
992 874 1141 909 constat
1162 872 1249 919 quia
1272 874 1309 909 et
1330 884 1397 910 uos
1420 872 1483 919 qui
1506 872 1543 908 in
1566 871 1630 909 illo

86 953 118 977 ιο
133 941 316 979 eredimus
338 943 375 978 et
398 940 519 988 ipsum
542 940 731 977 induimus
754 951 882 977 sumus
904 940 995 977 uitis
1018 951 1106 977 uera
1128 952 1222 987 quae
1244 943 1302 978 est
1319 940 1362 976 in
1380 940 1488 978 uinea
1510 941 1629 978 domi-

131 1010 226 1052 nica.
261 1013 297 1046 et
329 1009 501 1046 Christus
538 1011 666 1047 eustos
689 1010 819 1046 uineae
843 1020 930 1047 suae
953 1009 1098 1046 dicente
1121 1010 1338 1047 Salomone:
1372 1020 1542 1056 posuer
1553 1012 1632 1047 unt

130 1089 194 1115 me
236 1079 481 1116 custodem
513 1078 561 1115 in
601 1078 801 1115 uineam.
834 1078 1046 1115 inuenimus
1087 1089 1174 1116 uero
1217 1079 1254 1115 in
1296 1090 1479 1116 eonuersu
1520 1078 1630 1115 huius

130 1147 257 1183 mundi
280 1147 317 1183 in
340 1146 626 1184 similitudinem
663 1146 872 1193 spiritalem
896 1146 1107 1194 figuraliter
1142 1158 1225 1185 esse
1261 1147 1408 1184 uine-am
1430 1147 1631 1184 habentem

131 1215 319 1252 dominum
342 1219 378 1253 et
401 1226 655 1262 possessorem
679 1227 800 1252 suum.
834 1227 921 1253 uero
944 1217 1110 1262 tempore
1140 1218 1284 1253 maturo
1308 1227 1421 1263 prope
1443 1216 1522 1253 dies
1545 1216 1629 1253 uin-

84 1294 116 1318 15
133 1283 336 1321 demiarum
370 1287 512 1330 ponunt
543 1284 580 1321 in
614 1284 774 1322 mediam
808 1284 955 1321 uineaiu
977 1285 1169 1322 custodem
1191 1296 1346 1331 puerum
1369 1285 1407 1321 in
1430 1284 1504 1322 alto
1527 1284 1630 1330 ligno

130 1352 248 1389 media
272 1353 381 1389 uinea
402 1353 542 1389 confixo
566 1354 602 1389 et
626 1353 663 1388 in
686 1364 727 1389 eo
750 1352 852 1399 liguo
876 1352 1020 1390 faciunt
1040 1353 1232 1400 speculum
1251 1353 1475 1400 quadratum
1497 1353 1541 1390 de
1559 1353 1628 1390 ha-

128 1421 348 1458 rundinibus
371 1421 559 1467 quassatis
582 1422 618 1458 et
640 1432 705 1468 per
727 1421 877 1468 singula
899 1421 1019 1459 latera
1049 1422 1299 1468 quadraturae
1322 1421 1464 1468 speculi
1486 1421 1629 1459 faciunt

128 1500 289 1526 cauerua
309 1491 429 1528 terna.
453 1501 547 1536 quae
570 1489 664 1526 fiunt
686 1499 847 1526 eauerna
870 1489 1086 1528 duodecim:
1120 1500 1189 1537 per
1219 1502 1331 1537 quam
1362 1491 1630 1536 quadraturam

127 1568 369 1595 oauernorum
392 1560 516 1594 custos
539 1568 633 1604 puer
649 1569 793 1595 omnem
818 1558 965 1596 uineam
993 1558 1225 1605 perspiciens
1251 1558 1439 1596 custodiat
1461 1561 1630 1605 cantans,

80 1636 113 1660 20
130 1636 173 1662 ne
196 1626 319 1663 uiator
355 1626 568 1673 ingrediens
606 1626 752 1664 uineam
790 1626 1014 1665 dominicam
1052 1627 1124 1663 sibi
1161 1627 1399 1674 adsignatam
1438 1629 1547 1665 uexet
1570 1627 1629 1665 uel

216 1794 236 1826 4
262 1795 278 1826 ¹?
305 1796 320 1826 ’ἐ
496 1794 514 1827 7
542 1793 620 1838 Sap.
649 1794 679 1828 7.
706 1794 760 1827 213.
933 1796 953 1828 ὅ
980 1795 1031 1829 lo,
1060 1795 1111 1835 15,
1140 1795 1170 1829 1.
1343 1796 1383 1828 11
1410 1795 1511 1830 Cant.
1539 1796 1568 1836 1,
1596 1797 1626 1829 (3.

220 1968 234 1999 1
263 1966 407 1999 uidebat
434 1967 477 2000 M
636 1967 736 2009 pater
762 1976 899 2009 quoque
926 1967 973 1999 M
1140 1968 1288 2010 utroque
1315 1967 1368 2006 M,
1396 1968 1536 2011 utrique
1561 1979 1581 2002 v

125 2034 159 2056 se
186 2023 221 2055 in
248 2035 283 2055 se
310 2034 373 2057 om.
403 2024 447 2057 M
622 2022 718 2056 uidet
747 2023 785 2058 T,
812 2023 973 2056 uidentes
1000 2037 1024 2067 μ
1202 2024 1223 2057 2
1250 2025 1428 2068 speculum
1456 2026 1625 2059 immacu-

125 2081 238 2114 latum
267 2092 284 2114 z·
460 2081 482 2114 4
508 2079 550 2113 ad
577 2080 759 2124 populum]
786 2080 829 2114 ad
856 2081 1000 2124 paulum
1030 2081 1067 2121 T,
1095 2091 1159 2115 om.
1187 2094 1210 2125 μ
1389 2082 1410 2115 5
1436 2082 1621 2126 quomodo]

124 2128 192 2180 quo
219 2151 241 2181 μ
367 2139 387 2170 ⁴3
413 2148 501 2181 aqua
528 2148 558 2171 a.
585 2138 607 2170 i.
635 2138 774 2181 speculo
800 2149 847 2182 μυ
966 2139 1148 2171 confirmat
1172 2150 1203 2179 υ,
1229 2139 1509 2172 eontrafirlnauit
1536 2139 1584 2173 M

124 2194 164 2228 de
191 2205 225 2227 se
251 2194 383 2228 dietum
412 2195 459 2227 ΙΙΙ
649 2195 667 2227 ῖ
693 2194 810 2228 <licens
835 2206 867 2235 v,
892 2194 1031 2229 dicente
1057 2196 1111 2235 M,
1137 2206 1202 2229 om.
1230 2209 1252 2239 μ
1446 2196 1505 2239 qui
1532 2208 1578 2238 μυ

125 2252 302 2295 ¹<peculum
332 2251 598 2285 immaculatum
625 2262 645 2285 υ
783 2253 804 2286 8
831 2262 952 2285 uerum
979 2264 1025 2296 μκ
1166 2252 1273 2286 uitem
1301 2255 1479 2286 aeternam
1507 2256 1542 2286 et
1559 2265 1579 2288 v

124 2312 157 2342 et
186 2311 320 2352 patrem
347 2323 367 2353 μ
526 2310 547 2342 9
572 2311 625 2342 est
652 2320 732 2342 uera
759 2323 793 2352 μ,
819 2311 853 2342 et
879 2320 961 2343 uera
991 2311 1029 2344 T.
1057 2321 1137 2343 uera
1163 2310 1229 2344 Mv
1381 2310 1508 2352 ubique
1535 2312 1575 2353 μ1

126 2366 167 2398 10
192 2367 276 2399 uitis
296 2367 342 2399 M
357 2377 382 2399 s.
401 2367 422 2401 l.
444 2378 484 2399 m.
506 2371 527 2400 2
628 2367 662 2399 in
680 2366 810 2400 addidi
921 2368 961 2400 11
987 2370 1106 2401 custus
1132 2368 1177 2402 M
1270 2367 1403 2411 uineae]
1431 2368 1526 2401 uitae
1547 2368 1579 2401 T

123 2423 294 2456 dicentem
322 2423 533 2456 salomonem
561 2424 639 2457 MT
754 2425 795 2457 12
821 2424 923 2457 uinea
950 2434 996 2467 μυ
1112 2435 1298 2458 conuersus
1329 2426 1411 2468 171²,
1438 2435 1621 2459 conuersos

124 2481 178 2513 M.
206 2480 470 2513 conuersatione
495 2492 515 2514 v
642 2481 683 2514 13
710 2481 844 2525 mundi]
872 2481 966 2515 modi
996 2482 1026 2514 T
1149 2481 1304 2524 spiritali
1337 2482 1368 2515 T
1390 2482 1414 2514 li
1440 2483 1477 2515 in
1503 2493 1573 2516 ras.

126 2536 164 2569 14
191 2538 346 2580 tempore
374 2548 452 2570 uero
479 2548 508 2577 v,
536 2548 655 2570 uerum
682 2540 838 2582 tempore
865 2552 887 2581 μ
1087 2539 1129 2571 1;“)
1155 2550 1281 2581 ponam
1310 2539 1347 2578 T,
1376 2539 1529 2582 positum
1557 2551 1575 2573 z·

123 2593 157 2625 in
184 2604 247 2626 om.
269 2594 346 2626 MT
437 2594 550 2628 media
575 2595 677 2628 uinea
706 2608 741 2638 μ.
768 2595 908 2628 uineam
934 2607 953 2629 ν
1050 2595 1090 2628 16
1117 2596 1293 2639 speculam
1320 2595 1529 2639 quadratam
1556 2607 1575 2629 Γ

122 2650 176 2693 ‹lel
203 2655 237 2683 et
264 2651 303 2683 ‹l-=
331 2652 376 2685 M
514 2653 554 2685 17
582 2654 617 2685 et
643 2666 665 2695 μ
684 2662 710 2685 s.
729 2653 750 2686 l.
772 2663 814 2686 m.
835 2654 859 2685 :2
999 2652 1159 2695 speculae
1185 2663 1204 2686 v
1354 2653 1440 2686 facit
1467 2653 1570 2695 ΜΤμ

122 2706 164 2739 18
188 2718 351 2740 eauernas
378 2710 496 2742 ternas
525 2720 569 2750 μι·
793 2709 891 2753 quae]
920 2712 979 2753 qui
1010 2710 1040 2742 T
1261 2710 1365 2751 fiunt]
1394 2710 1528 2743 faciunt
1556 2721 1574 2744 v

120 2774 286 2797 cauernae
314 2777 358 2806 μι·
470 2766 511 2798 19
537 2776 764 2798 eauernarum
791 2777 837 2809 μι·
957 2767 1053 2810 puer}
1083 2777 1140 2808 per
1170 2766 1197 2798 'l'
1305 2766 1504 2800 custodiens
1531 2767 1575 2800 M

119 2825 240 2853 cautas
268 2822 375 2855 M¹1'¹
