2032 3248
353 268 433 310 112
761 269 950 304 Arnobii
980 270 1190 305 aduersus
1221 270 1431 305 nationes

714 864 1007 937 LIBER
1066 864 1488 938 TERTIVS

316 1026 331 1064 l
407 1007 660 1069 Iamdudum
691 1025 859 1079 quidem
889 1027 1129 1068 criminibus
1159 1027 1224 1068 his
1253 1026 1459 1078 omnibus,
1492 1026 1854 1068 maledictionibus

350 1094 485 1147 potius
533 1095 579 1136 ut
616 1107 711 1136 uera
750 1095 954 1147 dicamus,
996 1096 1046 1137 ab
1085 1096 1375 1137 excellentibus
1414 1096 1530 1149 parte
1570 1096 1614 1138 in
1646 1095 1721 1138 hac
1751 1095 1854 1137 uiris

351 1164 392 1204 et
429 1163 645 1205 ueritatem
684 1163 808 1206 istam
847 1165 1099 1206 commeritis
1137 1176 1253 1206 nosse
1292 1164 1392 1206 satis
1431 1165 1548 1217 plene
1584 1165 1852 1217 accurateque

350 1244 588 1286 responsum
617 1233 679 1274 est
708 1245 836 1286 neque
866 1245 967 1287 apex
994 1233 1105 1275 ullus
1134 1234 1261 1275 ullius
1282 1233 1593 1287 praetermissus
1624 1234 1686 1275 est
1706 1245 1853 1286 quaes-
1884 1245 1900 1269 ⁵

350 1302 473 1343 tionis
523 1302 593 1355 qui
643 1313 723 1343 non
773 1302 828 1343 sit
872 1302 1003 1344 modis
1048 1302 1164 1344 mille
1210 1303 1251 1344 et
1296 1302 1526 1345 rationibus
1579 1301 1854 1344 ualidissimis

351 1371 568 1412 refutatus.
619 1382 699 1412 non
742 1372 804 1412 est
848 1370 980 1425 igitur
1025 1371 1300 1413 necessarium
1346 1371 1462 1424 parte
1504 1371 1548 1413 in
1586 1371 1663 1413 hac
1708 1383 1854 1413 causae

236 1442 260 1475 f.
276 1441 337 1475 641’
353 1440 507 1481 diutius
544 1438 548 1495 Ι
584 1435 794 1481 inmorari.
842 1452 971 1493 neque
1005 1440 1114 1481 enim
1146 1452 1210 1482 res
1232 1440 1340 1482 stare
1363 1440 1449 1481 sine
1471 1440 1749 1482 adsertoribus
1773 1451 1854 1481 non

349 1510 504 1562 potest,
550 1508 694 1563 religio
726 1508 958 1551 Christiana
998 1510 1069 1550 aut
1100 1521 1144 1550 eo
1176 1521 1262 1551 esse
1300 1509 1632 1562 comprobabitur
1662 1522 1778 1560 uera,
1820 1508 1855 1550 si

350 1577 666 1630 adstipulatores
696 1574 886 1635 habuerit
915 1578 1116 1631 plurimos
1148 1579 1191 1620 et
1222 1578 1513 1620 auctoritatem
1545 1578 1596 1620 ab
1617 1578 1854 1620 hominibus
1871 1592 1903 1617 10

352 1646 586 1700 sumpserit.
633 1646 718 1689 suis
755 1647 830 1688 illa
868 1648 1060 1689 contenta
1090 1647 1152 1689 est
1183 1647 1343 1688 uiribus
1375 1648 1416 1689 et
1446 1647 1637 1689 ueritatis
1667 1646 1856 1701 propriae

352 1714 660 1758 fundaminibus
691 1716 840 1757 nititur
870 1729 943 1758 nec
977 1716 1178 1770 spoliatur
1209 1716 1252 1757 ui
1284 1729 1370 1767 sua,
1403 1717 1568 1758 etiamsi
1587 1716 1749 1758 nullum
1781 1716 1855 1757 ha-

352 1784 446 1826 beat
475 1785 695 1835 uindicem,
727 1786 855 1827 immo
887 1785 922 1826 si
944 1785 1109 1839 linguae
1131 1798 1270 1827 omnes
1301 1787 1440 1827 contra
1461 1786 1614 1827 faciant
1635 1787 1856 1838 contraque

354 1853 541 1895 nitantur
585 1855 626 1896 et
666 1854 717 1896 ad
760 1854 884 1896 fidem
930 1854 1046 1896 illius
1086 1854 1365 1909 abrogandam
1406 1854 1678 1896 consensionis
1718 1854 1857 1896 unitae

315 1922 615 1964 zanimositate
660 1923 904 1976 conspirent.
963 1936 1071 1965 nunc
1102 1923 1154 1965 ad
1194 1923 1378 1965 ordinem
1417 1924 1673 1965 reuertamur
1716 1935 1739 1965 a
1779 1934 1856 1975 quo
1871 1940 1903 1964 ιε»

356 2004 499 2034 sumus
536 1992 762 2034 necessario
798 1992 920 2045 paulo
961 1992 1056 2034 ante
1097 1992 1294 2046 digressi,
1340 2004 1390 2033 ne
1429 1992 1587 2034 diutius
1626 1992 1858 2045 interrupta

354 2061 533 2103 defensio
563 2061 746 2114 palmam
777 2060 962 2103 criminis
1002 2060 1255 2114 comprobati
1295 2060 1663 2103 calumniatoribus
1694 2072 1857 2102 conces-

354 2129 454 2172 sisse
492 2129 665 2171 dicatur.
713 2129 921 2171 subiciunt
959 2130 1067 2171 enim
1103 2129 1221 2171 haec:
1264 2130 1300 2171 si
1330 2129 1447 2171 uobis
1479 2129 1622 2171 diuina
1651 2142 1714 2171 res
1746 2128 1858 2171 cordi

354 2199 428 2248 est,
461 2211 531 2239 cur
561 2198 662 2240 alios
693 2198 905 2240 nobiscum
937 2211 1067 2251 neque
1098 2198 1192 2240 deos
1223 2198 1361 2240 colitis
1400 2211 1530 2251 neque
1570 2198 1747 2239 adoratis
1784 2210 1858 2239 1100

355 2279 449 2308 cum
484 2267 635 2309 uestris
673 2267 864 2321 gentibus
902 2267 1135 2309 communia
1178 2280 1291 2309 sacra
1321 2267 1507 2309 miscetis
1538 2268 1579 2309 et
1609 2267 1857 2321 religionum
1871 2281 1904 2306 20

353 2335 603 2391 coniungitis
633 2335 767 2378 ritus?
797 2348 1016 2389 possumus
1047 2335 1215 2378 interim
1247 2336 1400 2378 dicere:
1433 2337 1484 2378 ad
1514 2336 1671 2378 cultum
1703 2335 1856 2376 diuini-

355 2405 456 2447 tatis
501 2404 731 2446 obeundum
774 2404 875 2447 satis
907 2405 970 2447 est
999 2405 1116 2447 nobis
1148 2405 1246 2447 deus
1282 2405 1460 2459 primus,
1508 2405 1625 2457 deus,
1671 2405 1854 2457 inquam,

354 2474 533 2527 primus,
574 2474 692 2527 pater
736 2487 874 2516 rerum
914 2486 960 2516 ac
1006 2474 1217 2525 dominus,
1257 2474 1506 2516 constitutor
1545 2474 1857 2526 moderatorque

401 2609 423 2643 8
440 2611 531 2642 Stare
549 2608 584 2643 P
721 2618 776 2642 res
801 2608 906 2653 stare]
925 2609 1020 2642 stare
1037 2607 1110 2643 Sab
1136 2610 1267 2642 restare
1291 2608 1478 2643 Meursius
1502 2612 1687 2652 tamquam
1705 2619 1722 2642 e
1739 2608 1858 2642 codice

355 2676 416 2710 per
440 2676 475 2700 se
502 2668 594 2700 stare
619 2665 894 2700 Klussmannus
1078 2666 1100 2700 9
1125 2667 1160 2699 et
1184 2665 1308 2710 religio
1335 2665 1437 2700 Salm
1613 2665 1798 2700 christiani
1824 2665 1860 2700 P

357 2733 436 2758 corr
453 2727 481 2757 c‘
596 2722 723 2767 religio
741 2722 946 2758 Christiana
961 2722 1108 2757 seclusit
1125 2722 1279 2757 Zinkius
1395 2723 1439 2757 10
1455 2722 1617 2757 omnibus
1635 2723 1671 2757 P
1686 2733 1767 2757 corr

358 2780 402 2814 14
418 2779 520 2814 fidem
539 2779 630 2815 Sab:
646 2780 753 2814 finem
770 2780 806 2814 P
927 2779 1167 2823 abrogandam
1185 2779 1278 2814 Sab:
1297 2780 1536 2823 adrogantiam
1554 2780 1589 2814 P
1721 2780 1763 2814 17
1780 2790 1858 2814 con-

357 2837 483 2871 cessise
508 2836 543 2871 P
685 2838 728 2872 18
752 2836 877 2871 diuina
901 2837 937 2871 P
1080 2836 1126 2870 20
1150 2836 1344 2880 gentilibus
1369 2836 1522 2871 Zinkz'us
1659 2837 1859 2871 cummunia

358 2896 394 2930 P
416 2905 497 2930 corr
