2032 3248
358 181 442 225 250
762 178 954 213 Arnobii
992 179 1204 213 aduersus
1235 179 1443 214 nationes

359 307 459 350 opus
498 294 656 337 structa
692 293 973 336 foedissimum
1012 294 1134 348 atque
1163 294 1207 336 in
1244 294 1381 337 sedem
1420 293 1621 336 fabricata
1659 294 1849 337 fetorum.

297 363 346 405 16
360 364 461 419 quid
492 363 648 416 dicitis,
680 374 703 404 o
733 362 835 405 isti?
880 374 1026 418 ergone
1060 363 1133 405 ille
1169 363 1292 418 putor
1329 362 1400 417 qui
1440 376 1488 405 ex
1528 363 1648 405 coriis
1687 363 1851 405 tollitur

240 443 264 476 f.
279 444 343 477 142
360 433 483 486 atque
522 432 679 487 expirat
716 431 965 483 ardentibus,
1000 430 1007 486 Ι
1043 431 1114 485 qui
1147 444 1193 474 ex
1223 431 1401 482 ossibus,
1442 431 1512 484 qui
1551 444 1597 474 ex
1626 431 1771 483 saetis,
1804 444 1849 474 ex

358 513 558 557 agnorum
588 500 747 543 lanitiis
779 500 1108 555 gallinarumque
1138 500 1188 542 de
1207 500 1374 554 plumis,
1406 500 1471 542 dei
1491 512 1641 542 munus
1662 501 1704 542 et
1723 500 1850 542 honor

359 571 440 622 est,
482 570 795 623 mactanturque
831 569 906 611 hoc
942 569 1008 610 illi
1045 581 1217 623 quorum
1254 568 1410 622 templa
1449 581 1544 611 cum
1573 568 1685 611 adire
1715 569 1851 622 dispo·
1883 586 1897 609 s

357 639 469 690 nitis,
503 638 554 681 ab
585 639 695 681 omni
715 650 786 680 uos
814 637 906 679 labe
926 649 1060 691 puros,
1091 637 1228 680 lautos
1255 636 1586 691 castissimosque
1605 637 1852 691 praestatis?

359 709 400 751 et
431 708 529 762 quid
565 720 650 750 esse
684 707 749 748 his
789 707 924 763 potest
960 706 1258 760 coinquinatius
1288 706 1456 748 fetidius
1485 705 1668 759 spurcius
1677 739 1688 760 ,
1729 719 1851 760 quam

359 778 394 820 si
430 777 492 819 ita
528 776 627 818 facti
658 778 755 818 sunt
792 788 935 818 sensus
973 775 1037 817 sui
1075 775 1240 827 natura,
1282 776 1330 818 ut
1358 775 1403 817 in
1434 775 1642 818 amoribus
1671 775 1852 817 habeant

358 847 443 888 tam
476 858 597 888 saeua
626 845 788 899 sintque
818 845 904 886 illis
934 844 978 886 in
1008 844 1221 898 uoluptate
1251 845 1436 898 putores,
1477 856 1576 898 quos
1611 856 1741 898 neque
1770 844 1850 898 ipsi

360 914 633 958 sacrificantes
674 913 778 956 ferre
815 925 889 955 nec
926 912 1126 968 ingenuae
1165 913 1366 955 sustinere
1404 914 1557 955 tractos
1587 913 1753 955 ualeant
1780 926 1852 967 per
1866 928 1898 952 ιο

360 983 555 1038 spiritum
594 985 743 1025 nares?
789 982 932 1036 quodsi
965 982 1240 1024 animantium
1271 993 1412 1023 cruore
1441 982 1632 1024 honorari
1663 982 1703 1023 et
1733 981 1852 1023 adfici

360 1064 600 1107 superorum
641 1051 800 1093 animos
840 1051 1107 1101 existimatis,
1148 1064 1219 1093 cur
1256 1062 1337 1092 non
1374 1050 1432 1092 eis
1463 1052 1504 1093 et
1534 1050 1668 1092 mulos
1699 1050 1740 1093 et
1769 1051 1852 1092 ele-

358 1121 534 1176 phantos
563 1120 757 1163 mactatis
789 1120 830 1162 et
861 1119 1028 1162 asinos?
1058 1132 1131 1162 cur
1159 1131 1238 1161 non
1269 1120 1311 1162 et
1333 1132 1464 1171 canes,
1496 1131 1611 1162 ursos
1634 1120 1673 1161 et
1693 1120 1851 1174 uulpes,

360 1190 535 1232 camelos
566 1189 607 1232 et
636 1188 779 1231 belbas
811 1188 851 1230 et
881 1189 1050 1231 leones?
1096 1191 1138 1230 et
1168 1189 1361 1242 quoniam
1399 1189 1585 1231 uolucres
1625 1189 1850 1230 hostiarum

361 1271 519 1313 quoque
549 1258 592 1300 in
622 1257 802 1300 numeris
832 1257 999 1311 ponitiS,
1043 1270 1114 1299 cur
1143 1269 1224 1298 non
1254 1257 1458 1299 uulturios
1489 1257 1648 1311 aquilas
1679 1257 1851 1300 ciconias
1866 1269 1897 1294 1⁵

359 1327 598 1370 inmussilos
642 1326 840 1369 buteones
887 1338 1027 1369 coruos
1074 1326 1289 1379 accipitres
1333 1327 1504 1369 noctuas
1551 1338 1723 1380 cumque
1766 1326 1853 1369 illis

361 1396 640 1439 salamandras
678 1395 854 1437 natrices
891 1395 1053 1448 uiperas
1092 1395 1290 1450 solifugas
1306 1398 1327 1438 Ρ
1370 1408 1517 1450 nempe
1546 1395 1688 1438 subest
1716 1396 1757 1437 et
1785 1396 1850 1438 his

360 1465 526 1521 sanguis
565 1466 606 1507 et
645 1463 849 1507 consimili
880 1464 1037 1506 ratione
1078 1464 1199 1506 uitali
1231 1464 1442 1519 agitantur
1471 1463 1633 1518 spiritu.
1680 1464 1778 1517 quid
1807 1464 1851 1506 in

359 1534 445 1576 illis
475 1533 642 1576 maioris
672 1534 735 1575 est
764 1532 897 1587 operis
928 1534 1001 1574 aut
1031 1532 1238 1575 sollertiae
1267 1532 1312 1574 in
1333 1532 1398 1574 his
1419 1533 1568 1584 minus,
1598 1533 1645 1575 ut
1665 1532 1748 1575 ista
1768 1545 1850 1574 non

360 1603 551 1658 augeant,
582 1614 822 1657 superorum
851 1601 926 1643 illa
956 1601 1209 1654 amplificent
1240 1601 1515 1656 dignitatem?
1546 1601 1642 1654 quia
1662 1602 1784 1644 rebus
1806 1614 1853 1644 ex
1865 1613 1898 1640 πο

358 1671 437 1721 his,
468 1671 614 1725 inquit,
647 1671 741 1712 deos
773 1682 846 1724 par
875 1670 938 1712 est
963 1670 1161 1712 honorare
1183 1670 1388 1722 caelestes,
1420 1671 1568 1724 quibus
1589 1671 1668 1725 ipsi
1689 1671 1853 1726 alimur,

361 1740 641 1782 sustentamur
671 1739 711 1781 et
741 1739 923 1781 uiuimus
953 1741 994 1781 et
1024 1751 1125 1793 quas
1154 1739 1270 1781 nobis
1303 1740 1354 1781 ad
1384 1739 1542 1782 uictum
1572 1739 1637 1781 sui
1673 1740 1854 1782 numinis

361 1808 542 1851 tribuere
570 1808 826 1863 benignitate
860 1807 1020 1863 dignati
1057 1811 1166 1850 sunt.
1203 1810 1273 1851 sed
1294 1809 1335 1851 et
1357 1809 1568 1851 cuminum
1598 1809 1854 1850 nasturcium

356 1878 458 1931 'rapa
502 1877 649 1919 bulbos
694 1877 833 1931 apium
878 1878 1047 1920 carduos
1091 1877 1245 1920 radices
1292 1877 1523 1920 cucurbitas
1564 1878 1702 1920 rutam
1741 1891 1854 1920 men-

360 1947 448 1988 tam
484 1946 663 1988 ocimum
700 1946 887 1999 puleium
925 1959 1171 2001 porrumque
1208 1947 1411 1989 sectiuum
1447 1946 1558 1989 idem
1587 1946 1767 1989 tribuere
1797 1946 1855 1988 dii
1869 1956 1900 1982 25

362 2015 478 2058 uobis
509 2027 673 2069 esseque
703 2014 746 2057 in
776 2015 919 2057 usibus
949 2015 1100 2058 uestris
1122 2015 1410 2058 alimoniarum
1436 2016 1480 2057 in
1499 2016 1614 2070 parte
1634 2015 1852 2057 iusserunt.

363 2083 461 2137 quid
491 2095 584 2138 ergo
616 2084 782 2126 cessatis
813 2084 1013 2126 altaribus
1045 2084 1086 2126 et
1116 2084 1216 2126 haec
1257 2084 1353 2127 dare
1388 2086 1587 2138 rebusque
1628 2084 1692 2126 his
1722 2083 1856 2126 omni-

362 2152 438 2195 bus
467 2152 645 2195 conilam
675 2165 985 2208 superspergere
1014 2153 1216 2195 bubulam
1248 2154 1288 2195 et
1318 2154 1561 2196 acrimonias
1578 2153 1855 2195 intermiscere

302 2224 347 2265 17
364 2223 588 2275 ceparum?
632 2234 735 2273 ecce,
772 2221 776 2276 Ι
814 2221 848 2263 si
887 2233 959 2263 uos
997 2234 1116 2264 canes
1146 2246 1195 2252 —
1234 2234 1395 2264 necesse
1426 2222 1487 2264 est
1517 2222 1626 2264 enim
1656 2222 1855 2275 quaedam

227 2280 350 2314 f.142b
362 2289 475 2345 fingi,
505 2289 680 2344 perspici
710 2290 758 2331 ut
787 2289 985 2343 liquidius
1015 2304 1079 2333 res
1109 2291 1268 2344 possint
1299 2315 1347 2322 —
1371 2291 1419 2342 si,
1449 2291 1632 2344 inquam,
1663 2303 1783 2333 canes
1814 2291 1903 2333 etsso

365 2358 492 2410 asini,
538 2358 574 2399 si
615 2358 849 2401 motacillae
895 2371 988 2400 cum
1024 2359 1088 2401 his
1127 2359 1273 2411 simul,
1319 2360 1354 2402 si
1392 2359 1631 2402 hirundines
1668 2360 1856 2414 garrulae

411 2507 431 2540 1
456 2506 630 2541 factorum
647 2506 681 2541 P
849 2506 871 2540 5
896 2508 1139 2551 mactaturque
1164 2506 1237 2542 Sal>
1398 2507 1454 2541 illi
1479 2506 1597 2542 Salm:
1632 2506 1707 2541 illis
1732 2506 1769 2541 P

366 2563 387 2597 6
412 2564 718 2608 castissimosquae
734 2564 770 2598 P
906 2563 926 2597 7
951 2563 1096 2598 fetidius
1117 2564 1322 2599 Meursz'us:
1347 2564 1526 2599 infelicius
1550 2564 1586 2598 P
1723 2564 1767 2598 12
1790 2565 1856 2599 ele-

366 2612 483 2654 fantos
509 2621 544 2655 P
704 2621 748 2655 14
771 2620 936 2655 camellos
961 2621 996 2655 P
1027 2622 1063 2655 et
1094 2621 1243 2655 camelos
1269 2621 1341 2656 Sab
1500 2621 1621 2656 belbas
1646 2621 1767 2657 Salm:
1800 2621 1856 2656 be-

365 2677 441 2711 luas
458 2679 492 2710 P
628 2679 670 2713 16
687 2677 914 2712 immussulos
934 2677 1006 2713 Sab
1143 2678 1310 2713 buteones
1328 2679 1364 2713 P
1502 2678 1544 2712 17
1561 2678 1764 2723 solipungas
1788 2679 1858 2714 Urs

366 2734 546 2778 solipugas
572 2735 788 2770 Stewechius
924 2735 968 2770 23
993 2735 1208 2770 cuminum„
1228 2736 1264 2770 P
1400 2735 1444 2770 28
1469 2735 1618 2771 conilam
1635 2735 1857 2772 Hildebrau-

367 2803 468 2838 dius.-
501 2803 578 2838 coli.
604 2794 652 2837 na
674 2804 711 2838 P
740 2804 893 2839 cunilam
924 2804 989 2839 Gez
