2032 3248
579 234 809 267 uerborum
836 236 876 268 et
901 235 1175 270 locutionum

100 350 333 395 procellarum
366 348 528 382 turbines
553 349 846 392 tempestatesque

147 407 201 449 30,
220 407 239 441 9
265 405 473 440 discrimina
489 406 524 438 et
542 405 713 448 procellae
734 406 809 448 110,
827 406 847 438 6
878 416 881 447 i,

102 474 264 509 processu
288 463 415 507 pedum
449 472 564 497 carere
594 463 669 504 245,
688 462 731 496 28
772 473 847 496 cuni

149 531 310 565 processu
335 522 534 563 temporum
560 519 613 562 62,
633 520 674 553 19

102 580 308 624 procreator
327 576 555 611 candidorum
574 586 719 610 ouorum
740 577 816 617 160,
830 576 850 609 6

101 635 321 680 procreatrix
347 634 424 675 170,
444 634 462 667 7

102 693 223 737 procul
248 702 321 726 esse
347 691 391 725 ab
409 690 509 724 nobis
526 692 557 732 ὅ,
577 690 618 724 27
646 691 688 724 ab
707 690 850 725 deorum

148 750 269 795 procul
295 759 365 783 esse
392 749 521 782 natura
546 748 622 787 269,
641 748 684 781 29

101 817 292 852 procurare
318 805 428 840 uictui
455 805 624 849 potuique
651 806 726 847 129,
745 806 765 840 2

103 864 242 898 rituum
265 862 621 907 procurationumque
641 861 757 896 officia
775 862 852 905 254,
883 877 885 884 ⁴

150 922 167 955 1

103 922 251 1022 prodere
277 988 416 1012 causam
443 976 518 1019 107,
539 977 556 1009 1

103 1035 354 1080 prodigialiter
381 1035 435 1077 12,
455 1034 497 1068 18

105 1091 329 1137 prodigiosas
339 1093 516 1126 ostentare
530 1090 735 1124 formidines
747 1090 824 1131 215,
833 1091 854 1124 4

106 1150 293 1193 producere
312 1160 347 1183 se
365 1149 401 1183 in
429 1147 689 1183 maximitatem
714 1148 791 1190 230,
811 1147 855 1181 20
885 1168 886 1180 2

152 1210 193 1242 ut
218 1208 254 1241 in
272 1207 372 1240 nefas
390 1208 594 1241 extraneum
620 1215 696 1239 mea
720 1205 796 1239 uita
820 1206 854 1238 et

150 1264 352 1298 innocentia
379 1263 590 1306 producatur
613 1263 691 1306 243,
709 1263 753 1296 30

106 1321 316 1365 proeliorum
343 1320 519 1364 expeditio
549 1320 608 1363 (cle
626 1322 760 1363 amore)
778 1319 853 1361 118,

152 1379 197 1413 20

105 1436 275 1480 profanus
301 1450 344 1465 =
371 1435 503 1478 impius
532 1435 586 1476 17,
608 1435 649 1468 12

107 1492 283 1537 proficisci
320 1492 363 1525 ad
401 1492 582 1526 dominum
622 1502 737 1525 rerum
777 1491 854 1525 tota

152 1553 268 1584 mente
292 1550 396 1593 atque
426 1550 542 1583 animo
568 1549 622 1589 96,
641 1550 685 1583 25

106 1606 307 1651 profligatis
333 1606 518 1640 curriculis
544 1606 685 1648 272,12

106 1663 282 1707 profiuuia
308 1663 494 1708 sanguinis
519 1664 573 1706 29,
592 1663 636 1696 27

107 1720 277 1764 profluxit
311 1720 383 1754 eius
416 1720 546 1754 notitia
582 1721 619 1753 in
645 1719 707 1754 has
741 1720 855 1763 partes

155 1777 232 1819 259,
251 1778 293 1810 ‘26

107 1833 310 1878 prohibitor
336 1834 448 1875 279,2

108 1891 263 1934 prolatio
290 1890 466 1934 cupidinis
492 1893 597 1934 atque
622 1892 693 1924 irae
718 1891 796 1933 210,
816 1891 857 1924 19

107 1948 281 1992 prolatare
309 1948 456 1990 posteris
484 1948 536 1981 sui
562 1948 728 1991 temporis
755 1951 857 1983 notas

155 2006 363 2049 scriptorum
391 2006 626 2049 perpetuitate
650 2005 706 2046 44,
723 2006 767 2039 23

109 2063 238 2106 prolem
267 2061 455 2096 extundere
482 2063 687 2096 concinnare
714 2062 856 2106 conpin-

157 2244 236 2267 cunr
263 2233 348 2276 ipsis
374 2233 593 2277 genitalibus
622 2234 694 2275 173,
714 2237 734 2265 8

111 2290 285 2333 proloquii
305 2291 479 2324 sententia
498 2291 602 2332 176,8
617 2291 858 2325 communibus

158 2347 192 2381 in
220 2348 415 2391 proloquiis
435 2350 635 2391 promptum
661 2349 737 2390 207,
756 2349 798 2382 23

111 2406 268 2448 proluere
295 2405 393 2439 sitini
421 2406 495 2444 1:35,
514 2405 558 2438 20

113 2463 299 2505 promereri
338 2473 398 2505 per
438 2462 571 2495 hostias
607 2462 687 2496 deos
725 2463 860 2503 2;“)6,23

158 2519 446 2553 uenerationibus
474 2519 549 2561 113,
568 2520 588 2550 :3

113 2578 274 2619 prompta
312 2577 346 2609 in
386 2576 461 2609 lucc
498 2577 552 2617 30,
573 2576 616 2609 27

161 2634 265 2676 atque
292 2633 486 2676 expositum
514 2633 666 2676 passioni
695 2634 745 2673 70,
761 2633 781 2665 6

114 2691 334 2724 notabiliora
377 2692 412 2724 in
446 2690 675 2733 pronominis
717 2688 861 2722 relatiua·

158 2748 327 2790 syntaxi:
369 2747 460 2791 quod
501 2747 598 2780 istud
635 2746 686 2784 74,
706 2746 726 2777 6
775 2754 860 2786 quae

158 2805 278 2837 tamen
304 2805 386 2838 haec
412 2805 487 2847 ipsa
516 2803 652 2844 145,10
681 2801 743 2834 hoc
770 2800 859 2843 quod

158 2860 188 2893 si
227 2862 266 2895 tu
303 2861 339 2895 id
380 2861 518 2895 auidius
561 2860 748 2903 sumpseris
783 2857 860 2899 261,

1578 240 1659 282 339

961 351 1011 383 18.
1031 370 1072 375 -
1088 351 1183 385 euius
1202 362 1340 385 manus.
1357 380 1361 385 .
1379 353 1578 397 .sugiobant
1595 363 1659 386 un-

959 405 1231 442 dac,..uitabat
1262 409 1375 452 liquor
1406 412 1440 443 et
1475 410 1657 453 turgentia

960 463 1094 498 uiscera
1115 466 1260 500 salutari
1290 466 1454 500 ariditate
1480 466 1658 501 deflabant

960 523 1015 566 29,
1040 523 1082 557 23
1107 534 1177 567 sqq.
1206 524 1300 557 illius
1326 523 1471 565 arboris,
1498 525 1560 557 sub
1593 535 1659 567 qua

962 579 1027 613 sibi
1047 581 1165 614 furens
1184 591 1307 614 manus
1325 584 1359 614 ct
1378 580 1495 614 infelix
1521 581 1661 615 adules-

961 637 1120 671 centulus
1148 638 1270 671 intulit
1295 641 1330 671 et
1355 639 1509 681 genetrix
1536 637 1659 672 diuum

961 694 997 726 in
1017 695 1183 729 solatium
1202 695 1254 728 sui
1273 694 1427 728 uulneris
1442 695 1658 728 consecrauit

964 751 1041 794 185,
1060 752 1102 784 15
1126 763 1195 795 sqq.
1214 752 1268 786 cui
1295 753 1461 795 punctum
1486 754 1579 784 terra
1605 754 1658 786 est

962 811 997 842 et
1023 808 1087 842 sub
1113 812 1202 843 nutu
1227 808 1344 842 omnia
1369 808 1561 842 constituta
1580 809 1657 849 284,

965 867 1006 900 18

917 923 1186 967 pronuntiatum
1213 922 1373 955 ueritatis
1403 922 1456 963 54,
1475 922 1517 955 26
1558 923 1652 965 sapi-

964 980 1097 1014 entium
1136 979 1224 1012 scita
1256 980 1290 1012 et
1322 979 1551 1022 pronuntiata
1579 979 1656 1020 215,

965 1037 1008 1070 14

918 1093 1128 1137 propriatim
1154 1092 1233 1126 deos
1260 1093 1345 1126 scire
1374 1091 1447 1134 140,
1466 1093 1508 1125 22

918 1151 1150 1195 propudiosae
1161 1149 1305 1183 Veneris
1318 1149 1573 1193 complexiones
1583 1148 1661 1191 203,

965 1208 983 1242 7
1033 1206 1235 1251 propudiosi
1284 1206 1489 1240 concubitus
1539 1207 1613 1247 168,
1643 1207 1662 1239 6

966 1265 1192 1309 propudiosae
1217 1264 1355 1297 fabulae
1384 1264 1459 1304 171,
1477 1264 1496 1295 9
1537 1274 1661 1307 propu-

966 1322 1063 1356 diosa
1081 1321 1275 1355 obscenitas
1297 1321 1371 1362 14⁸,
1388 1321 1429 1353 10
1454 1320 1665 1363 propudiosa

967 1389 1147 1422 corporum
1181 1377 1375 1411 obscenitas
1403 1377 1540 1417 198,18
1585 1386 1661 1420 pro·

966 1436 1104 1479 pudiosi
1131 1435 1296 1468 facinoris
1326 1434 1521 1468 obscenitas
1549 1433 1623 1475 197,
1645 1434 1664 1466 9

921 1493 1142 1537 propulsator
1168 1492 1244 1533 279,
1263 1492 1283 1525 2

921 1550 1090 1594 proritare
1110 1549 1147 1582 in
1165 1549 1254 1582 uitia
1279 1548 1333 1590 87,
1353 1548 1391 1581 17

921 1608 1071 1643 ulterius
1096 1617 1235 1651 prorsus
1254 1605 1353 1638 euelli
1384 1605 1438 1645 49,
1456 1605 1499 1637 26
1524 1614 1665 1648 pergere

968 1676 1106 1708 prorsus
1132 1664 1208 1701 279,
1227 1665 1248 1697 5

922 1722 1080 1766 prosilire
1100 1720 1308 1754 feminarum
1327 1730 1364 1753 ex
1380 1718 1593 1763 genitalibus
1613 1718 1664 1759 79,

967 1780 1011 1813 22
1035 1778 1069 1811 in
1099 1778 1150 1810 sui
1179 1777 1328 1810 nominis
1358 1778 1519 1809 natura-m
1548 1774 1662 1815 19,12

968 1836 1010 1870 ad
1037 1836 1148 1868 uitam
1174 1835 1227 1875 60,
1247 1834 1290 1866 22

922 1895 1135 1936 Ῑ)]·«)5’ῡι)ῑιιρι·υ
1162 1890 1299 1924 uenalia
1325 1898 1466 1932 corpora
1493 1889 1546 1925 82,
1568 1888 1607 1920 19

889 1951 891 1994 ζ
923 1949 1133 1993 prostituere
1161 1948 1193 1980 in
1222 1947 1340 1980 limine
1367 1946 1443 1985 199,
1459 1945 1499 1977 24

890 2006 891 2010 ’
923 2005 1083 2050 prouolui
1109 2004 1180 2037 suis
1206 2003 1248 2036 ab
1275 2002 1413 2036 sedibus
1438 2002 1513 2042 273,
1535 2001 1575 2034 13

890 2083 892 2098 ;
923 2063 1039 2096 hostes
1054 2062 1123 2095 iarn
1141 2059 1287 2104 proximi
1298 2059 1338 2092 ad
1357 2058 1544 2101 periculum
1561 2056 1663 2090 liber-

154 2130 233 2163 gere
253 2120 328 2160 1133,
349 2119 390 2152 12
417 2119 528 2162 proles
547 2135 589 2149 z
608 2120 763 2154 teslicnlzss
781 2119 857 2162 194,
891 2126 892 2143 ³

156 2178 208 2212 20.
236 2177 312 2216 205,
331 2177 383 2209 23.
410 2176 487 2218 207,
501 2177 553 2210 22.
582 2177 715 2217 257,24
746 2177 858 2220 proles
891 2208 892 2212 ,

969 2119 1054 2152 tatis
1072 2117 1276 2152 auferendae
1297 2115 1503 2159 proeliorum
1531 2123 1666 2157 prospe-

970 2177 1077 2209 ritate
1105 2175 1180 2215 273,
1201 2174 1221 2206 5

891 2236 892 2239 ’
925 2232 1135 2277 publicatrix
1163 2230 1322 2263 intestini
1342 2228 1473 2261 decoris
1499 2228 1551 2266 23,
1569 2227 1612 2260 20

925 2291 1035 2334 pudor
1061 2299 1112 2322 nie
1138 2287 1245 2320 habet
1270 2287 1420 2328 proferro
1449 2286 1521 2320 199,
1541 2284 1558 2316 7

892 2378 893 2388 ,
925 2346 1079 2391 puellula
1105 2344 1179 2384 236,
1197 2343 1214 2375 7

661 2579 858 2619 promptum
892 2603 893 2606 ,

892 2836 894 2846 ι

892 2882 896 2893 t

925 2402 1080 2448 puerculi
1100 2402 1174 2437 151,
1189 2399 1206 2432 4
1236 2398 1387 2442 puerculi
1409 2397 1568 2441 pusiones
1588 2397 1664 2436 275,

974 2461 1013 2493 19

925 2515 1116 2560 pulticulae
1141 2514 1218 2548 271.
1235 2513 1255 2546 2

925 2576 1092 2617 punctum
1130 2570 1189 2603 deo
1231 2572 1322 2601 terra
1360 2569 1412 2600 est
1453 2567 1526 2607 284,
1549 2568 1588 2599 1⁵·
1630 2566 1663 2599 in

970 2628 1090 2673 pun-:ti
1110 2626 1222 2669 spatio
1246 2625 1317 2665 155,
1337 2625 1356 2657 2
1381 2624 1508 2666 puncta
1523 2634 1581 2666 per
1595 2623 1664 2656 siu-

972 2686 1053 2727 gula
1079 2687 1132 2724 9⁴»,
1151 2684 1190 2716 21

926 2743 1098 2786 puritates
1125 2749 1291 2782 aquarum
1318 2737 1474 2770 innoxiae
1502 2737 1576 2770 181.
1594 2737 1613 2768 9

927 2798 1159 2842 purpurantes
1186 2795 1296 2828 uiolae
1328 2794 1397 2830 180,
1416 2796 1435 2827 :3

926 2855 1083 2899 pusiones
1105 2852 1238 2896 paruuli
1255 2852 1331 2892 236,
1348 2851 1400 2884 27,
1429 2850 1506 2884 243,
1535 2849 1561 2881 1.
1588 2847 1663 2887 265,

1461 2906 1529 2925 .).)*
