2032 3248
335 241 421 283 220
966 240 1208 284 Appendix.

333 348 458 385 cadat.
482 347 547 395 qui
568 346 698 384 hostes
720 346 866 394 effugit,
889 347 935 384 ad
956 348 1106 394 tempus
1123 358 1190 395 pro
1212 347 1445 386 salutaribus
1461 348 1584 386 causis
1601 350 1781 397 procedat
1798 350 1845 387 ad

333 415 470 454 faciem
498 417 536 453 et
573 415 711 453 iterum
747 415 822 453 cito
858 415 1052 454 discedere
1084 416 1129 454 de
1167 418 1371 463 conspectu
1406 415 1574 455 festinet.
1607 417 1747 466 ubique
1769 429 1838 466 gu-

334 484 472 522 standa
502 486 562 522 est
593 496 676 523 cum
705 484 947 532 mulieribus,
982 496 1056 522 non
1086 485 1341 523 continuanda
1369 485 1606 533 praesentia,
1638 487 1704 524 sed
1736 487 1846 534 quasi

334 554 582 591 transeunter
618 553 771 591 feminis
808 553 1019 592 exhibenda
1055 556 1115 592 est
1153 555 1318 592 accessio
1356 555 1629 602 quodammodo
1666 555 1843 603 fugitiua.

335 622 599 670 proteruitatis
634 623 734 660 enim
762 622 838 660 iam
867 624 1000 671 coepta
1029 625 1117 660 sunt
1137 623 1416 670 repraesentari
1438 635 1586 672 semper
1607 624 1647 662 in
1667 625 1844 672 medium,
1862 640 1876 663 5

335 692 374 729 et
401 691 630 738 perditionis
659 691 857 730 meditatio
887 693 946 730 est
975 691 1299 740 frequentatiuum
1331 692 1432 730 inter
1453 693 1630 731 mulieres
1652 693 1844 732 celebrare

335 771 565 808 processum.
598 761 642 799 de
665 772 740 808 qua
762 771 801 799 re
824 761 932 799 nobis
954 760 1130 799 Salomon
1150 761 1388 800 moderamen
1417 762 1586 810 inposuit
1615 762 1746 801 dicens
1760 777 1768 801 z
1802 763 1844 801 in

337 829 492 868 medio
523 829 778 868 mulierum
807 830 911 868 noli
941 830 1178 868 assiduus
1217 841 1335 868 esse.
1388 831 1442 869 sic
1481 831 1601 879 igitur
1642 832 1846 878 ambulate,

339 898 394 937 sic
416 898 533 947 agite,
570 900 613 937 ut
644 910 791 947 semper
812 899 852 936 in
882 899 1032 937 clericis
1070 898 1252 938 ecclesiae
1285 901 1440 938 senatus
1470 900 1654 938 candidus
1685 902 1847 939 constet.

337 969 523 1006 seueritas
545 968 584 1005 in
608 968 717 1007 uobis
739 968 838 1006 circa
860 968 1022 1006 feminas
1045 967 1187 1016 uigeat,
1210 968 1420 1007 auctoritas
1437 969 1592 1017 polleat,
1615 970 1724 1018 uigor
1739 972 1845 1009 tene·
1864 984 1894 1009 10

341 1039 440 1084 atur,
464 1037 637 1084 grauitas
659 1038 872 1075 ueneretur.

268 1100 323 1139 46
395 1105 446 1143 Vt
479 1106 593 1144 semel
631 1105 755 1144 omnia
784 1105 1010 1153 colligamus
1046 1107 1094 1143 ad
1125 1106 1348 1153 clausulam,
1385 1107 1618 1145 breuiarium
1645 1107 1849 1155 relegimus

340 1174 448 1212 uobis
472 1176 571 1222 quod
593 1175 640 1212 ad
662 1174 956 1222 conpendiosam
978 1174 1253 1222 plenitudinem
1282 1175 1458 1224 redigens
1491 1176 1684 1224 apostolus
1706 1175 1850 1214 Paulus

337 1244 526 1283 insinuat:
577 1245 630 1283 de
669 1247 831 1283 cetero
845 1274 853 1290 ‚
904 1244 1049 1292 inquit,
1100 1244 1308 1291 fratres,
1361 1257 1686 1294 quaecumque
1737 1246 1850 1283 sunt

340 1325 462 1360 uera,
494 1324 822 1362 quaecumque
852 1312 1040 1361 pudica,
1064 1325 1388 1363 quaecumque
1420 1314 1466 1352 iu
1479 1316 1567 1361 sta,
1601 1325 1897 1362 quaecum-15

338 1395 427 1431 que
458 1384 650 1430 sancta,
696 1392 1027 1430 quaecumque
1059 1382 1312 1430 amabilia,
1345 1394 1673 1431 quaecumque
1703 1383 1853 1421 bonae

338 1453 515 1498 famae,
557 1452 597 1490 si
635 1464 725 1500 qua
756 1451 942 1498 uirtus,
995 1450 1036 1488 si
1074 1462 1167 1499 qua
1204 1451 1313 1489 laus
1355 1451 1680 1500 disciplinae,
1732 1452 1852 1490 haec

339 1520 555 1569 cogitate
598 1532 712 1568 quae
752 1532 803 1559 ac
817 1519 1025 1567 cepistis
1065 1521 1110 1557 et
1148 1519 1409 1559 didicistis
1450 1522 1494 1559 et
1541 1520 1760 1559 audistis
1806 1521 1853 1559 et

338 1590 549 1628 uidistis
580 1589 626 1627 in
657 1600 736 1627 me.
769 1590 890 1627 haec
920 1588 1052 1637 agite
1084 1590 1131 1626 et
1152 1588 1277 1627 Deus
1309 1589 1444 1637 pacis
1476 1591 1525 1627 et
1557 1589 1852 1628 dilectionis

341 1659 439 1697 erit
470 1659 732 1698 uobiscum.
765 1670 885 1697 amen.
1865 1675 1899 1700 20

560 2099 734 2164 XIIII.
786 2099 882 2163 DE
926 2097 1220 2162 DVPLICI
1262 2095 1634 2160 MARTYRIO

823 2225 903 2279 AD
951 2224 1378 2279 FORTVNATVM.

307 2486 327 2522 1
399 2466 661 2519 Multifariam
683 2480 890 2528 multisque
917 2479 1038 2518 modis
1067 2490 1137 2527 ago
1167 2479 1328 2527 gratias,
1363 2479 1567 2516 Fortunate
1589 2476 1684 2515 mihi
1715 2476 1754 2514 in
1776 2477 1852 2515 Do-

344 2550 444 2588 mino
467 2550 675 2597 carissime,
712 2549 863 2588 diuinae
884 2548 1126 2597 benignitati,
1162 2548 1262 2596 quod
1282 2549 1320 2586 et
1342 2549 1447 2586 tuam
1468 2546 1650 2595 pietatem
1672 2545 1852 2584 excitauit

438 2684 457 2717 7
484 2684 547 2718 Sir.
574 2684 629 2726 42,
658 2685 711 2719 12.
865 2684 908 2719 14
933 2682 1026 2717 Phil.
1052 2683 1086 2724 4,
1111 2684 1143 2718 8.
1169 2684 1200 2718 9.

437 2810 458 2844 6
483 2809 788 2853 frequentantium
819 2809 848 2845 G
940 2809 983 2844 13
999 2809 1127 2854 paulus
1147 2808 1331 2853 apostolus
1349 2817 1368 2841 v
1464 2806 1507 2840 14
1531 2805 1652 2850 inquit
1675 2815 1741 2839 om.
1759 2814 1789 2839 v.
1811 2823 1850 2829 --

346 2867 501 2911 Explicit
524 2866 628 2911 (liber
653 2866 737 2902 add.
762 2878 807 2901 m.
833 2868 873 2910 2)
899 2866 941 2901 de
966 2866 1219 2911 singularitate
1244 2865 1448 2899 clericorum
1479 2863 1516 2899 Ο.
1544 2883 1585 2889 -
