2032 3248
386 239 441 282 'TO
1021 235 1265 281 Appendix.

386 355 498 392 quam
527 344 623 381 nihil
652 342 862 390 habituris,
894 343 926 381 si
954 343 1025 382 hoc
1054 354 1201 390 quoque
1231 342 1357 390 adepti
1379 354 1423 381 ex
1445 342 1596 391 integro
1617 354 1692 381 non
1714 342 1890 390 fuissent,

386 413 542 461 perinde
575 423 617 450 ac
654 412 686 449 si
720 423 924 460 numquam
962 412 1148 460 baptizati
1185 412 1225 449 in
1260 411 1409 450 nomine
1447 412 1536 449 Iesu
1571 411 1714 449 Christi
1753 411 1891 449 forent.

391 482 549 529 ideoque
569 481 750 519 nonnulla
772 492 884 528 super
904 481 977 518 hac
998 492 1096 519 noua
1118 480 1338 528 quaestione
1361 479 1503 528 scripta
1523 481 1588 517 aut
1604 480 1790 527 rescripta
1811 491 1898 518 esse

387 550 639 596 iactabantur,
670 550 806 597 quibus
834 551 995 597 utraque
1016 560 1108 601 pars
1130 550 1179 587 ad
1201 549 1430 587 destruenda
1451 547 1574 587 aliena
1596 560 1739 586 summo
1762 548 1887 587 studio

386 619 591 658 nitebatur.
630 618 670 656 in
691 630 763 666 quo
784 628 919 666 genere
938 617 1185 666 quaestionis,
1222 619 1265 655 ut
1293 617 1388 655 mihi
1418 617 1581 663 uidetur,
1617 617 1722 655 nulla
1743 617 1891 655 omnino
1907 631 1925 654 ἃ

385 687 575 737 potuisset
595 687 852 725 controuersia
872 689 937 725 aut
971 686 1193 734 disceptatio
1229 693 1435 734 emergere,
1469 685 1502 723 si
1532 686 1791 733 unusquisque
1823 697 1892 724 no-

388 759 509 795 strum
530 757 730 794 contentus
751 756 961 794 uenerabili
983 756 1227 794 ecclesiarum
1257 755 1422 794 omnium
1452 755 1678 794 auctoritate
1708 757 1746 793 et·
1765 766 1894 794 neces-

390 826 489 864 saria
510 825 728 864 humilitate
749 825 846 863 nihil
868 825 1049 863 innouare
1072 825 1245 873 gestiret,
1269 837 1352 864 cum
1368 824 1492 863 locum
1509 824 1800 863 contradictioni
1821 836 1895 862 non

389 894 596 942 quemlibet
618 894 948 932 animaduerteret.
971 905 1132 942 namque
1156 904 1263 932 omne
1286 894 1384 941 quod
1407 895 1445 932 et
1461 905 1600 941 anceps
1623 895 1659 931 et
1675 893 1895 941 ambiguum

390 964 427 1001 et
448 963 487 1000 in
508 962 672 1001 diuersis
701 962 902 1001 sententiis
931 962 1171 1010 prudentium
1196 975 1239 1001 ac
1260 962 1429 1001 fidelium
1457 963 1625 1001 uirorum
1646 962 1895 1001 constitutum
1911 975 1948 999 ιο

392 1032 462 1079 est,
497 1031 529 1069 si
558 1034 688 1070 contra
716 1032 879 1079 priscam
901 1033 938 1070 et
958 1031 1238 1069 memorabilem
1260 1034 1479 1070 cunctorum
1510 1032 1752 1069 emeritorum
1782 1043 1891 1069 sanc-

391 1102 515 1138 torum
545 1103 582 1138 et
610 1100 778 1138 fidelium
815 1099 1129 1138 solemnissimam
1151 1099 1451 1138 obseruationem
1487 1100 1688 1146 iudicatur,
1725 1100 1896 1138 damnari

389 1169 519 1216 utique
549 1169 672 1217 debet,
702 1180 784 1207 cum
806 1169 845 1206 in
878 1180 918 1207 re
941 1168 1030 1207 olim
1063 1168 1270 1216 composita
1292 1171 1330 1206 et
1352 1169 1536 1215 ordinata,
1559 1169 1816 1216 quodcumque
1838 1170 1896 1206 est

389 1237 482 1275 illud
514 1238 612 1285 quod
642 1239 774 1276 contra
804 1237 1048 1276 ecelesiarum
1080 1237 1247 1285 quietem
1278 1239 1391 1285 atque
1411 1248 1541 1286 pacem
1563 1237 1602 1274 in
1623 1237 1785 1275 medium
1806 1248 1895 1284 pro-

389 1306 548 1344 ducatur
587 1306 683 1344 nihil
723 1308 874 1354 praeter
909 1305 1116 1345 discordias
1151 1307 1189 1344 et
1225 1305 1440 1344 simultates
1477 1308 1514 1344 et
1556 1306 1763 1343 schismata
1797 1306 1892 1343 alla·
1910 1323 1942 1348 15

388 1376 536 1414 turum:
571 1375 637 1414 ubi
672 1376 801 1414 nullus
839 1376 937 1413 alius
968 1375 1115 1414 fructus
1151 1375 1361 1424 reperiatur
1394 1375 1468 1413 nisi
1497 1375 1559 1412 hic
1591 1375 1706 1422 solus,
1736 1376 1779 1412 ut
1799 1386 1896 1413 unus

389 1444 512 1492 homo,
552 1444 776 1492 quicumque
813 1445 879 1482 ille
915 1445 986 1492 est,
1022 1455 1181 1493 magnae
1216 1444 1440 1492 prudentiae
1470 1446 1508 1482 et
1544 1443 1776 1482 constantiae
1812 1455 1896 1482 esse

392 1513 492 1560 apud
527 1514 707 1560 quosdam
747 1513 853 1551 leues
893 1513 1065 1552 homines
1106 1513 1211 1551 inani
1251 1512 1374 1561 gloria
1413 1512 1653 1561 praedicetur
1689 1514 1726 1551 et
1760 1513 1893 1551 haere-

391 1581 551 1620 ticorum
588 1583 739 1630 stupore
771 1582 981 1630 praeditus,
1020 1582 1158 1630 quibus
1186 1582 1257 1620 hoc
1293 1581 1445 1620 unicum
1465 1582 1691 1630 perditionis
1714 1582 1895 1620 solacium

393 1652 451 1690 est
473 1651 504 1688 si
525 1662 599 1689 non
621 1651 692 1689 soli
721 1661 875 1699 peccare
904 1651 1119 1699 uideantur,
1151 1662 1296 1691 errores
1318 1654 1356 1690 et
1376 1651 1472 1689 uitia
1492 1651 1755 1690 uniuersarum
1776 1651 1895 1689 eccle-
1910 1669 1946 1694 20

394 1718 535 1757 siarum
557 1719 760 1758 correxisse
783 1720 883 1767 apud
905 1719 1120 1759 simillimos
1141 1720 1201 1758 sui
1222 1722 1260 1759 et
1289 1731 1481 1769 compares
1507 1720 1730 1759 celebretur.
1764 1721 1897 1759 haere-

392 1787 553 1827 ticorum
574 1789 671 1827 enim
692 1789 857 1827 omnium
878 1790 950 1828 hoc
980 1789 1145 1828 studium
1167 1791 1280 1838 atque
1301 1789 1536 1838 propositum
1558 1791 1616 1827 est
1637 1789 1896 1828 sanctissimae

392 1857 506 1895 matri
542 1859 694 1896 nostrae
730 1857 912 1896 ecclesiae
948 1858 1175 1897 eiuscemodi
1205 1861 1244 1897 et
1273 1858 1456 1907 plurimas
1497 1859 1658 1906 quantas
1690 1858 1898 1896 calumnias

392 1927 541 1965 nectere
563 1928 600 1964 et
628 1926 819 1965 inuenisse
858 1927 1002 1975 aliquid
1036 1929 1133 1975 quod
1155 1927 1189 1966 ei
1219 1927 1367 1967 crimini
1397 1927 1457 1966 uel
1494 1927 1607 1965 etiam
1643 1926 1782 1965 leuiter
1818 1928 1899 1965 dari

391 1996 519 2043 posset
541 2007 723 2033 summam
744 1995 904 2044 gloriam
927 1997 1075 2034 ducere.
1109 1997 1208 2044 quod
1236 2007 1320 2034 cum
1341 1996 1488 2034 nullum
1510 2007 1623 2034 sanae
1645 1996 1783 2034 mentis
1804 1995 1896 2034 fide·
1913 2011 1948 2037 25

392 2063 485 2101 lium
519 2065 647 2102 tenere
686 2064 747 2103 uel
784 2064 945 2103 maxime
979 2065 1127 2103 nullum
1163 2065 1316 2104 omnino
1339 2065 1378 2102 in
1407 2076 1640 2113 quocumque
1675 2065 1773 2103 clero
1809 2077 1897 2103 con-

393 2132 570 2171 stitutum
599 2145 642 2172 ac
670 2133 788 2172 multo
818 2134 939 2181 magis
970 2133 1232 2182 episcoporum
1260 2135 1398 2172 audere
1423 2134 1566 2181 deceat,
1597 2134 1756 2172 monstri
1778 2134 1899 2172 simile

393 2203 451 2240 est
480 2202 583 2250 ipsos
619 2202 817 2251 episcopos
851 2202 945 2240 talia
981 2203 1160 2242 scandala
1190 2203 1358 2251 cogitare
1387 2205 1424 2241 et
1460 2202 1733 2251 turpitudinem
1763 2200 1899 2242 matris

395 2271 587 2321 ecclesiae,
610 2272 642 2310 si
664 2283 775 2320 quam
796 2274 934 2320 putant
955 2272 992 2310 in
1008 2273 1085 2311 hoc
1106 2272 1257 2320 negotio
1274 2283 1368 2319 esse,
1393 2277 1523 2310 contra
1544 2273 1784 2319 praeceptum
1800 2271 1898 2319 legis

393 2340 431 2377 et
460 2340 624 2378 omnium
655 2340 926 2388 scripturarum
956 2341 1069 2379 nimis
1099 2342 1360 2379 inreuerenter
1396 2353 1480 2379 cum
1509 2341 1592 2388 ipsa
1620 2341 1786 2388 ipsorum
1814 2342 1895 2378 tur·
1913 2359 1946 2384 30

392 2408 563 2456 pitudine
586 2410 623 2447 et
651 2409 818 2457 periculo
839 2422 914 2449 non
941 2409 1064 2448 uereri
1094 2410 1282 2457 detegere,
1314 2422 1541 2459 quamquam
1570 2409 1674 2447 nulla
1696 2409 1746 2447 sit
1768 2409 1806 2446 in
1827 2409 1898 2447 hoc

374 2467 468 2514 'nisi
498 2476 536 2514 in
566 2489 690 2516 errore
727 2478 895 2526 ipsorum
931 2479 1083 2517 illorum
1112 2479 1308 2527 turpitudo
1340 2479 1531 2518 ecclesiae.
1569 2478 1696 2526 itaque
1732 2478 1898 2516 deterius

394 2546 627 2595 delinquitur
656 2549 704 2586 ab
732 2548 949 2586 hominibus
977 2547 1174 2595 eiusmodi,
1214 2548 1246 2586 si
1268 2549 1306 2586 id
1329 2548 1428 2597 quod
1449 2548 1488 2585 in
1511 2547 1775 2586 obseruatione
1797 2546 1897 2584 anti-

393 2615 574 2663 quissima
603 2616 689 2654 aliis
719 2618 912 2665 tamquam
941 2628 1015 2655 non
1044 2618 1146 2654 recte
1176 2616 1242 2655 fiat
1274 2616 1573 2667 reprehenditur,
1604 2618 1641 2654 et
1673 2616 1720 2653 ab
1751 2615 1812 2653 his
1834 2616 1898 2663 qui

388 2685 480 2722 ante
509 2696 577 2722 nos
606 2685 773 2732 fuerunt,
808 2687 890 2723 tum
919 2685 1033 2724 etiam
1055 2697 1077 2723 a
1098 2686 1207 2724 nobis
1244 2688 1344 2725 recte
1381 2686 1623 2724 obseruatum
1661 2696 1742 2723 esse
1773 2686 1811 2722 et
1832 2685 1897 2723 ob·
1914 2704 1946 2729 35

486 2802 506 2835 9
526 2802 636 2845 prius
661 2802 697 2835 et
722 2812 787 2837 om.
806 2802 890 2847 Εἰς.
986 2802 1030 2837 15
1054 2804 1196 2847 praeter
1221 2813 1285 2838 om.
1305 2803 1381 2839 cod.
1398 2803 1417 2837 ,9
1509 2802 1554 2837 30
1578 2803 1670 2847 ipsa]
1691 2813 1753 2836 sua
1770 2802 1850 2848 Ro‘y.

392 2857 438 2892 34
462 2859 543 2893 aliis
569 2859 657 2900 cod„
683 2859 727 2894 ab
751 2860 796 2894 iis
822 2860 1016 2901 Bccluzius,
1043 2860 1086 2894 ab
1112 2860 1186 2894 illis
1212 2860 1332 2902 fort.’'
