2032 3248
404 222 461 263 88
1035 214 1284 261 Appendix.

404 326 451 364 et
481 324 766 373 sanguinem
796 324 843 362 Ie
856 334 936 362 sus
968 322 1209 368 Christus,
1241 332 1331 359 non
1362 320 1409 358 in
1440 331 1563 368 aqua
1593 322 1793 366 tantum,
1833 321 1915 358 sed

405 393 452 431 in
493 405 614 441 aqua
645 395 691 431 et
721 392 969 440 sanguine.
1016 393 1062 430 et
1103 391 1315 440 spiritus
1356 391 1429 428 est
1467 389 1548 438 qui
1578 389 1914 428 testimonium

404 462 656 511 perhibet,
699 462 811 510 quia
853 461 1064 509 spiritus
1106 462 1180 499 est
1219 459 1433 498 ueritas:
1481 459 1592 506 quia
1631 460 1735 496 tres
1775 458 1914 496 testi-

402 530 606 570 monium
660 530 943 578 perhibent,
1006 529 1217 578 spiritus
1263 531 1309 567 et
1354 540 1475 576 aqua
1519 530 1565 566 et
1610 527 1822 576 sanguis
1870 530 1915 566 et

402 600 491 639 isti
521 602 566 638 tr
578 611 623 638 es
654 612 679 637 11
689 611 747 637 1111
757 611 794 637 111
826 611 877 637 511
887 601 950 637 1113.
982 600 1025 637 ut
1055 610 1100 637 ex
1130 599 1209 637 illis
1240 596 1465 646 colligamus
1487 599 1525 636 et
1554 609 1691 645 aquam
1721 598 1913 645 praestare
1928 609 1946 633 f>

404 669 582 718 spiritum
602 669 768 716 solitum,
790 670 828 707 et
845 668 1068 717 sanguinem
1083 667 1278 716 proprium
1295 666 1512 706 hominibus
1527 667 1721 715 praestare
1738 666 1915 714 spiritum

403 739 557 777 solitum
587 739 626 776 et
659 738 784 786 ipsum
815 748 962 786 quoque
995 737 1171 785 spiritum
1203 738 1398 785 praestare
1430 736 1607 784 spiritum
1629 736 1794 775 solitum.
1826 748 1915 774 nam

404 819 488 846 cum
522 807 739 845 effundatur
770 817 868 854 aqua
900 806 1013 844 sicuti
1042 808 1081 844 et
1111 806 1280 854 sanguis,
1315 805 1473 853 spiritus
1504 806 1619 843 etiam
1651 806 1792 843 effusus
1822 806 1873 843 5113
1893 817 1916 843 6

403 875 563 914 Domino
593 887 706 923 super
736 886 865 914 omnes
897 875 962 923 qui
982 875 1243 913 crediderunt:
1276 875 1407 923 utique
1430 877 1467 913 et
1487 887 1586 923 aqua
1608 877 1646 913 et
1667 874 1914 913 nihilominus

402 946 553 994 proprio
590 944 773 993 sanguine
789 975 798 992 ,
834 946 925 982 tunc
962 943 1095 982 deinde
1131 946 1169 982 et
1206 944 1343 993 spiritu
1380 946 1509 983 sancto
1545 946 1706 992 possunt
1741 944 1912 982 homines
1929 953 1963 977 16

402 1013 602 1061 baptizari.
635 1014 688 1052 ait
719 1014 818 1051 enim
839 1014 1000 1051 Petrus:
1034 1014 1114 1051 sed
1143 1013 1230 1052 hoc
1261 1015 1334 1052 est
1365 1015 1486 1061 quod
1517 1013 1699 1051 dictum
1730 1015 1804 1051 est
1834 1024 1914 1060 per

402 1084 709 1132 prophetam:
751 1083 846 1122 erit
876 1083 923 1120 in
954 1083 1241 1121 nouissimis
1281 1083 1474 1130 diebus,
1517 1083 1641 1121 dicit
1672 1082 1912 1129 Dominus,

402 1153 652 1192 effundam
683 1152 915 1200 spiritum
945 1163 1091 1190 meum
1121 1164 1263 1200 super
1291 1163 1471 1190 omnem
1499 1163 1704 1199 carnem,
1737 1153 1782 1190 et
1810 1163 1914 1200 pro-

399 1223 675 1270 phetabunt
705 1221 811 1259 filii
841 1209 999 1260 eorum
1028 1223 1074 1259 et
1100 1221 1243 1259 filiae
1275 1233 1435 1260 eorum
1464 1223 1509 1260 613
1537 1222 1737 1259 1111161165
1766 1221 1914 1259 111516-

400 1302 485 1330 1165
526 1291 764 1329 uidebunt
805 1292 850 1328 et
882 1291 1102 1329 seniores
1146 1290 1328 1329 somnia
1371 1291 1690 1329 somniabunt.
1737 1292 1785 1328 et
1816 1290 1914 1337 qui·
1930 1300 1963 1325 1⁵

403 1361 506 1399 dem
538 1371 683 1409 super
714 1371 883 1398 seruos
915 1362 961 1399 613
992 1371 1136 1408 super
1157 1359 1367 1398 ancillas
1389 1360 1635 1398 effundam
1658 1361 1708 1398 de
1730 1359 1915 1408 spiritu

400 1442 438 1467 m
449 1441 467 1467 6
478 1440 511 1467 6.
545 1440 655 1477 quem
688 1428 864 1477 spiritum
897 1428 937 1466 in
969 1429 1092 1467 ueteri
1121 1430 1364 1476 testamento,
1396 1441 1471 1468 non
1502 1430 1653 1477 quidem
1683 1429 1826 1478 passim
1846 1439 1915 1467 nec

403 1499 534 1546 effuse,
570 1498 637 1536 sed
670 1499 984 1537 communicatum
1017 1511 1101 1537 cum
1131 1498 1218 1537 aliis
1249 1500 1314 1536 aut
1344 1498 1459 1537 etiam
1491 1501 1623 1546 sponte
1652 1499 1846 1537 insiluisse
1876 1498 1915 1535 in

405 1567 587 1616 quosdam
608 1567 781 1605 homines
802 1568 864 1605 uel
884 1567 1055 1605 induisse
1077 1578 1140 1606 eos
1162 1568 1223 1606 uel
1240 1567 1359 1606 fuisse
1376 1579 1489 1616 super
1506 1580 1568 1606 eos
1585 1568 1912 1615 deprehendimus,

404 1636 517 1675 sicuti
538 1637 662 1686 Moysi
683 1637 728 1675 de
750 1636 994 1685 septuaginta
1014 1637 1247 1686 presbyteris
1269 1649 1291 1675 a
1306 1637 1465 1676 Domino
1484 1638 1625 1676 dictum
1643 1648 1726 1676 esse
1743 1637 1912 1676 animad-
1928 1644 1963 1669 2⁰

401 1705 609 1744 uertimus:
646 1707 691 1743 et
724 1705 937 1744 auferam
974 1705 1203 1753 spiritum
1239 1706 1320 1754 qui
1357 1718 1501 1755 super
1536 1708 1580 1746 te
1617 1709 1713 1754 est,
1753 1709 1798 1746 et
1834 1707 1912 1745 im-

401 1786 426 1823 p
436 1786 456 1813 6
467 1786 569 1812 nam
601 1786 618 1812 5
628 1786 685 1823 up
696 1786 714 1813 e
724 1786 743 1812 r
777 1786 796 1812 e
807 1787 826 1813 o
837 1787 867 1813 5.
914 1776 1069 1823 propter
1101 1776 1201 1823 quod
1232 1775 1348 1814 etiam
1375 1777 1581 1814 secundum
1601 1776 1914 1824 pollicitationem

403 1855 511 1882 suam
535 1844 636 1882 Deus
659 1844 706 1882 ab
728 1843 801 1882 alio
825 1855 870 1882 ex
891 1844 1031 1892 spiritu
1052 1845 1118 1892 qui
1139 1855 1253 1892 super
1273 1845 1431 1894 Moysen
1453 1845 1578 1884 fuerat
1598 1846 1779 1893 imposuit
1800 1857 1913 1894 super

401 1912 502 1959 illos,
533 1914 570 1950 et
603 1913 929 1960 prophetauerunt
950 1912 989 1950 in
1011 1913 1163 1960 castris,
1197 1914 1296 1961 quod
1327 1914 1476 1962 Moyses
1508 1916 1551 1952 ut
1582 1915 1692 1953 homo
1724 1915 1911 1963 spiritalis

401 1982 457 2019 ita
478 1981 682 2029 contigisse
704 1982 908 2029 gaudebat,
931 1982 1021 2021 licet
1042 1982 1089 2020 ab
1106 1983 1194 2021 Iesu
1215 1982 1291 2020 filio
1308 1983 1414 2021 Naue
1430 1984 1472 2020 ut
1488 1983 1576 2021 huic
1591 1984 1646 2022 rei
1662 1983 1912 2022 intercederet
1926 1992 1963 2017 25>

400 2050 522 2089 inuito
555 2051 797 2097 suadebatur,
834 2053 872 2089 et
893 2051 1032 2090 idcirco
1053 2063 1128 2089 non
1163 2051 1282 2090 fuisse
1314 2053 1338 2099 †
1364 2054 1569 2099 permotus.
1592 2064 1704 2100 porro
1726 2054 1853 2091 autem
1874 2054 1913 2091 in

399 2119 497 2157 libro
527 2119 712 2166 Indicum,
741 2119 832 2157 item
853 2120 892 2157 in
913 2119 1129 2168 Regnorum
1147 2120 1257 2158 libris
1279 2120 1615 2159 animaduertimus
1637 2133 1749 2170 super
1769 2121 1912 2170 pleros-

402 2199 473 2236 que
496 2189 561 2226 aut
592 2185 712 2226 fuisse
735 2188 911 2236 spiritum
933 2188 1085 2226 Domini
1106 2190 1173 2227 aut
1193 2188 1390 2227 insiluisse
1412 2189 1452 2226 in
1475 2201 1550 2238 eos,
1585 2191 1777 2238 tamquam
1799 2202 1912 2238 super

402 2256 600 2295 Gothoniel
636 2257 785 2296 Gedeon
815 2258 978 2305 Iephthe
1009 2258 1165 2296 Samson
1187 2258 1275 2296 Saul
1296 2258 1421 2296 Dauid
1442 2260 1480 2296 et
1502 2260 1646 2297 ceteros
1668 2259 1775 2297 61165.
1815 2260 1914 2306 quod

401 2337 519 2373 usque
553 2327 643 2364 adeo
676 2327 731 2365 ita
763 2338 803 2364 se
836 2327 954 2365 habet
984 2329 1027 2365 ut
1063 2327 1221 2375 spiritus
1258 2327 1381 2365 sancti
1409 2330 1542 2375 sponte
1564 2328 1768 2366 accedendi
1789 2329 1836 2367 ab
1858 2329 1912 2367 eis
1926 2336 1964 2361 30

399 2394 617 2432 libertatem
638 2407 681 2433 ac
702 2395 921 2434 facultatem
942 2396 1252 2434 manifestissime
1273 2408 1342 2434 nos
1364 2396 1547 2434 Dominus
1569 2397 1738 2435 docuerit
1759 2397 1908 2435 dicens:

403 2462 609 2510 spiritus
643 2464 724 2501 ubi
754 2465 862 2503 uult
893 2465 1071 2513 spirat,
1109 2468 1154 2503 et
1183 2476 1236 2503 116
1249 2476 1344 2503 66111
1375 2466 1478 2504 eius
1508 2466 1646 2503 audis
1675 2468 1721 2503 et
1749 2465 1910 2504 nescis

400 2531 522 2568 unde
558 2532 721 2570 ueniat
757 2536 839 2572 aut
874 2546 960 2582 quo
995 2535 1153 2572 uadat.
1190 2534 1246 2572 ita
1275 2536 1317 2572 ut
1346 2534 1445 2572 idem
1474 2534 1631 2582 spiritus
1661 2534 1776 2572 etiam
1798 2546 1912 2582 super

495 2666 536 2699 11
562 2666 639 2701 Act.
658 2667 689 2707 2,
717 2667 769 2702 13⁷.
797 2668 852 2703 18.
991 2668 1034 2702 21
1059 2667 1165 2704 Num.
1193 2668 1246 2710 11,
1275 2669 1327 2703 17.
1467 2669 1512 2704 32
1537 2669 1589 2703 Io.
1616 2668 1647 2710 3,
1674 2669 1705 2703 8.

494 2792 515 2825 5
539 2792 576 2825 in
601 2803 710 2827 unum
736 2794 819 2839 th.
942 2794 963 2828 6
982 2794 1092 2838 prius
1117 2794 1282 2838 spiritum
1308 2805 1375 2830 om.
1402 2795 1479 2831 cod.
1603 2794 1648 2828 23
1674 2794 1717 2829 ab
1742 2794 1824 2838 alio]
1852 2794 1915 2828 ab·

401 2848 476 2882 lato
501 2850 590 2890 fort.
