2032 3248
779 184 906 219 Liber
932 183 980 218 ΙΙ.
1565 181 1616 223 71

134 317 338 372 octoginta
370 315 434 357 uel
465 314 538 356 hoc
569 313 765 367 ampliuS,
812 312 877 354 1161
916 311 1098 354 fecerunt
1135 310 1200 353 uel
1239 322 1377 364 passae
1428 309 1523 351 sunt
1555 308 1619 351 uel

133 387 290 428 locutae
320 387 414 427 sunt
445 384 508 425 uel
548 383 772 425 audierunt.
824 382 857 423 si
903 380 1010 423 enim
1049 380 1253 422 obstaculo
1293 378 1500 433 perficitur
1531 390 1617 421 cor-

135 454 252 507 poris,
287 467 334 495 ne
365 452 627 494 meminerint
658 463 796 493 eorum
828 462 929 503 quae
950 449 1188 491 iamdudum
1221 450 1262 490 et
1293 450 1384 490 ante
1414 447 1618 490 hominem

133 524 324 573 sciebant,
359 522 490 576 inagis
522 522 582 562 est
613 524 658 561 ut
689 533 734 561 ea
773 519 944 560 debeant
974 518 1159 560 obliuisci
1200 530 1300 571 quae
1337 517 1547 560 conclusae
1578 516 1618 558 in

82 616 96 639 5
132 591 364 646 corporibus
409 590 649 632 factitarunt
694 602 813 641 quam
860 600 962 640 quae
1010 587 1105 628 foris
1152 587 1306 639 positae
1352 600 1397 629 ac
1441 586 1617 629 nondum

133 661 363 702 hominibus
410 659 658 714 coniugatae.
707 658 811 710 quod
863 657 967 697 enim
1025 657 1142 698 rebus
1196 657 1388 711 ingressis
1441 656 1618 710 priorum

133 730 400 784 repetentiam
435 728 623 777 detrahit,
656 728 696 768 et
729 727 832 767 intra
863 738 903 766 se
935 728 1050 779 gesta
1082 725 1365 767 inrecordabili
1397 725 1516 768 debet
1549 725 1619 767 ob-

133 799 360 841 literatione
394 797 619 851 deperdere.
659 808 738 836 una
770 796 877 836 enim
909 806 1028 836 causa
1058 806 1120 835 res
1151 794 1251 837 duas
1284 794 1443 837 efficere
1474 808 1520 838 ac
1541 795 1620 837 sibi

132 867 351 910 contrarias
382 878 458 908 non
489 867 634 919 potest,
667 866 713 906 ut
743 864 914 905 aliorum
946 863 1159 906 memorias
1201 864 1343 918 sopiat,
1375 864 1458 907 alia
1487 865 1619 918 patia-

133 938 198 978 tur
229 936 377 978 actoris
407 935 451 977 111
472 933 789 976 recordationem
810 933 960 974 uenire.
995 933 1099 985 quod
1131 933 1166 975 si
1197 933 1355 975 animae
1377 946 1477 987 quas
1500 946 1619 976 uoca-

132 1006 185 1047 tis
216 1006 491 1047 membrorum
538 1003 818 1056 impediuntur
850 1002 1080 1052 obstaculo,
1125 1002 1339 1055 quominus
1381 1003 1488 1045 artes
1529 1015 1621 1045 suas

132 1076 251 1128 atque
274 1075 460 1128 antiquas
484 1073 809 1122 reminiscantur,
841 1071 882 1112 in
905 1071 1137 1124 corporibus
1159 1071 1258 1125 ipsis
1280 1072 1619 1125 quemadmodum

133 1144 374 1186 constitutae
406 1143 679 1185 meminerunt
701 1142 740 1183 et
772 1141 906 1184 sciunt
937 1142 1092 1183 animas
1124 1154 1165 1183 se
1195 1154 1279 1183 esse
1313 1142 1352 1182 et
1374 1142 1621 1196 corporalem

132 1213 405 1255 substantiam
447 1224 525 1253 non
565 1212 732 1259 habere,
780 1210 1091 1252 inmortalitatis
1133 1211 1363 1253 condicione
1406 1212 1619 1263 mactatas,

98 1303 112 1324 5·
132 1296 249 1335 quein
282 1283 443 1323 teneant
475 1281 514 1322 in
546 1281 665 1323 rebus
696 1280 881 1335 gradum,
913 1292 990 1332 quo
1022 1280 1106 1322 sint
1132 1279 1136 1334 Ι
1164 1280 1304 1322 ordine
1335 1293 1358 1322 a
1388 1280 1460 1323 deo
1491 1282 1606 1334 patre
1621 1286 1698 1321 f.41

132 1352 339 1401 discretae,
371 1350 421 1392 ad
453 1350 592 1392 infima
623 1350 719 1391 haec
757 1349 898 1390 mundi
937 1361 1111 1402 quanam
1156 1349 1310 1391 ratione
1347 1350 1618 1403 peruenerint,

132 1433 231 1473 quas
262 1433 306 1461 ex
337 1419 484 1473 quibus
518 1419 679 1461 circulis
711 1418 940 1472 qualitates,
973 1418 1070 1460 dum
1103 1418 1145 1459 in
1175 1418 1272 1460 11360
1302 1419 1392 1461 1003
1412 1419 1619 1471 labuntur,

132 1490 409 1531 adtraxerint‘?
448 1489 811 1542 quemadmodum,
859 1488 1048 1541 inquam,
1095 1488 1232 1530 sciunt
1278 1487 1533 1532 doctissimas
1579 1502 1621 1531 se

132 1559 255 1601 fuisse
286 1561 325 1600 et
356 1559 628 1601 obstructione
659 1570 869 1611 corporum
901 1558 1084 1600 amisisse
1107 1571 1206 1612 quae
1228 1559 1453 1601 nouerant?
1486 1560 1526 1601 et
1547 1558 1621 1600 hoc

81 1645 95 1668 2
132 1629 265 1681 ipsum
305 1628 412 1669 enim
439 1629 593 1669 nescire
624 1629 866 1679 debuerant,
899 1628 933 1668 si
972 1627 1127 1681 aliquid
1166 1628 1223 1669 eis
1262 1628 1365 1670 labis
1404 1628 1620 1681 corporalis

132 1697 360 1739 inuexisset
390 1697 614 1739 adiunctio:
648 1711 742 1739 nam
774 1699 871 1739 scire
902 1697 998 1750 quid
1030 1697 1154 1738 fueris
1193 1698 1233 1738 et
1264 1697 1361 1750 quid
1393 1697 1511 1738 hodie
1543 1709 1619 1739 non

132 1766 200 1817 sis,
234 1778 309 1807 11011
343 1770 404 1808 est
436 1766 599 1820 signum
630 1766 847 1807 memoriae
893 1766 1072 1818 perditae
1103 1765 1173 1807 sed
1204 1766 1479 1819 comprobatio
1512 1766 1618 1807 indi-

133 1835 319 1887 ciumque
351 1837 542 1876 seruatae.
589 1848 689 1888 quae
721 1848 812 1877 cum
844 1836 902 1876 ita
933 1847 973 1875 se
1005 1834 1199 1884 habeant,
1232 1834 1425 1888 desinite,
1457 1846 1617 1887 quaeso,
1633 1838 1684 1877 2⁹

133 1904 308 1945 desinite
349 1917 409 1946 res
440 1917 585 1958 paruas
618 1906 738 1957 atque
778 1905 909 1959 exigui
951 1904 1142 1945 mominis
1187 1903 1436 1945 immanibus
1474 1903 1618 1956 pretiis

82 1988 112 2012 ες,
136 1974 361 2023 aestimare,
392 1973 562 2015 desinite
593 1973 816 2023 hominem,
848 1973 1088 2026 proletarius
1127 1985 1216 2014 cum
1250 1972 1318 2023 sit,
1351 1972 1546 2024 classicis,
1579 1974 1619 2012 et

133 2042 265 2094 capite
297 2055 387 2083 cum
431 2044 661 2093 censeatur,
709 2042 937 2085 adscribere
975 2042 1182 2084 ordinibus
1221 2041 1387 2095 primis,
1434 2054 1526 2082 cum
1565 2040 1616 2081 sit

132 2110 258 2163 inops,
292 2124 462 2165 paupere
491 2112 574 2153 lare
606 2114 644 2153 et
675 2112 829 2166 tugurii
861 2111 1045 2164 pauperis
1076 2123 1147 2153 nec
1185 2111 1380 2164 patriciae
1419 2110 1618 2152 claritatis

175 2306 196 2338 ι’)
222 2306 353 2348 positae
372 2317 408 2339 ac
427 2307 576 2350 scripsi:
602 2308 733 2351 positae
753 2308 787 2341 P
803 2307 937 2351 positae
962 2310 996 2341 et
1029 2307 1095 2341 (fo-s
1231 2307 1251 2340 6
1277 2305 1379 2340 rebus
1405 2306 1462 2340 <lez
1489 2305 1615 2351 Riqaz-

133 2363 202 2396 tius
228 2374 260 2394 se
281 2365 427 2397 1²rernm
448 2365 464 2397 ἓ
602 2366 622 2397 9
649 2366 840 2399 contrarias
872 2364 956 2398 Gez:
983 2364 1161 2398 contraria
1188 2364 1221 2398 P
1361 2363 1405 2398 12
1431 2364 1535 2407 atque
1562 2374 1614 2398 om

139 2420 206 2453 Urs
388 2422 535 2465 antiqua
573 2422 831 2456 Oberthuerius
859 2419 936 2455 ‘ant
969 2422 1113 2465 antiqua
1138 2421 1366 2455 scribendam
1391 2424 1440 2455 est
1466 2424 1546 2463 aut,
1581 2422 1616 2455 id

132 2477 225 2520 qnod
250 2479 359 2514 malo.
394 2480 659 2513 substantium
689 2483 855 2513 neutram
876 2479 1024 2522 plurale
1050 2478 1273 2513 intercidisse
1298 2475 1452 2512 uicletnr’
1482 2478 1614 2512 Kluss-

134 2546 286 2570 111111111110Ἰ
411 2537 452 2569 15
478 2538 619 2569 teneant
651 2536 737 2569 (ld.-
763 2537 884 2569 tenent
910 2536 943 2569 P
1071 2536 1111 2568 16
1137 2536 1269 2569 imliina
1296 2535 1330 2568 P
1454 2536 1498 2569 20
1523 2535 1614 2569 labis

135 2592 223 2625 Sub:
249 2593 344 2626 labes
371 2593 405 2627 P
552 2594 595 2626 22
622 2593 715 2626 »13011
743 2593 777 2626 P
913 2594 955 2627 25}
982 2595 1139 2626 seruatae
1166 2592 1257 2626 Sat:
1284 2603 1419 2626 seruare
1445 2593 1480 2627 P

133 2650 175 2683 24
201 2650 366 2684 mominis
385 2651 592 2685 Mem-sins:
611 2650 763 2683 nominis
782 2650 816 2683 P
932 2650 1077 2693 praetiis
1097 2650 1130 2683 P
1238 2650 1281 2683 25
1299 2649 1472 2683 desinitue
1491 2651 1525 2683 P

135 2707 339 2749 proletarius
372 2708 457 2742 Gel:
484 2708 650 2751 proletari
679 2707 712 2741 P
736 2707 901 2750 protelari
928 2708 998 2741 Sub
1146 2707 1301 2741 classicis·
1333 2707 1420 2741 Urs:
1446 2708 1613 2742 classicus

134 2776 167 2808 P
191 2776 359 2810 classibus
390 2778 454 2810 (iel
591 2779 633 2811 2ss
666 2762 778 2820 capite
814 2779 843 2819 (0
869 2788 911 2810 esc
938 2787 989 2816 30]
1018 2777 1051 2810 P
1075 2778 1177 2820 caput
1209 2777 1280 2810 Sal>
1437 2787 1511 2809 011111
1541 2775 1612 2809 add

138 2833 202 2866 (iel
295 2834 337 2867 <27
366 2845 513 2877 paupere
537 2835 753 2869 lsettnerns:
772 2845 897 2877 pauper
918 2834 951 2866 J¹
1043 2834 1209 2877 patriciae
1233 2834 1315 2867 Gel:
1335 2833 1469 2877 pati-ia«—
1491 2834 1523 2866 Ι)
