2032 3248
328 218 352 259 fi
735 214 926 250 Arnobii
957 214 1168 249 aduersus
1193 215 1399 249 nationes

325 332 400 373 hae
421 332 566 386 pestes,
589 330 695 371 unde
716 330 833 372 nouit
853 330 1078 384 antiquitas
1100 330 1359 372 miseriarum
1380 329 1478 372 haec
1499 330 1679 382 nomina,
1710 331 1817 373 unde

323 400 441 443 bellis
479 399 757 455 significatum
794 399 933 442 dedit?
981 399 1281 454 pestilentiam,
1320 398 1537 455 grandines
1575 411 1653 452 qua
1682 400 1817 452 potuit

323 469 479 512 ratione
510 469 673 524 signare
704 469 776 511 aut
806 468 914 510 inter
944 481 1038 510 suas
1069 480 1186 510 uoces
1218 468 1366 522 quibus
1388 468 1515 510 oratio
1538 468 1816 521 explicabatur

325 538 565 581 adsumere?
610 549 705 579 nam
744 537 779 578 si
813 537 975 579 nouella
1014 537 1111 579 sunt
1147 537 1247 579 haec
1285 537 1396 579 mala
1435 538 1475 579 et
1505 537 1554 578 ab
1585 537 1815 579 recentibus

324 608 476 649 ducunt
507 606 794 649 offensionibus
817 619 972 657 causas,
1005 606 1075 660 qui
1110 606 1246 660 potuit
1275 606 1362 648 fieri
1393 607 1440 649 ut
1470 606 1528 648 eis
1549 608 1668 649 rebus
1689 607 1816 649 uerba
1847 624 1860 648 ε

323 677 534 727 formaret,
573 689 672 730 quas
710 688 783 718 nec
819 677 907 729 ipsa
945 674 1100 718 sciebat
1131 675 1336 728 expertam
1367 687 1408 717 se
1439 687 1525 718 esse
1556 687 1685 728 neque
1715 675 1814 717 ullis

324 745 585 799 comperisset
613 744 814 788 maiorum
835 744 879 786 in
901 743 1154 798 temporibus
1175 744 1412 786 factitatas?
1453 744 1635 797 penuria,
1666 743 1814 797 inquit,

322 814 486 869 frugum
517 817 558 856 et
589 814 800 868 angustiae
831 813 1118 855 frumentariae
1157 813 1286 855 artius
1318 825 1389 855 nos
1429 812 1596 855 habent.
1648 812 1816 866 antiqua

324 883 431 925 enim
454 883 495 925 et
515 882 796 925 uetustissima
817 881 977 924 saecula
992 882 1247 924 necessitatis
1268 881 1391 924 istius
1409 881 1627 935 aliquando
1649 881 1817 924 fuerunt

323 951 533 1006 expertia?
581 963 709 994 nonne
753 951 842 1004 ipsa
886 950 1071 1001 nomina,
1117 951 1265 1004 quibus
1304 950 1518 992 censentur
1557 950 1655 992 haec
1691 950 1816 1001 mala,
1831 966 1864 990 ιο

322 1020 594 1063 testificantur
633 1021 673 1062 et
712 1020 890 1062 clamant
942 1020 1104 1061 nullum
1145 1020 1193 1061 ab
1233 1020 1296 1062 his
1342 1033 1540 1073 umquam
1588 1020 1816 1062 immunem

323 1089 453 1131 abisse
490 1089 759 1132 mortalium?
810 1089 953 1142 quodsi
990 1089 1041 1130 ad
1080 1089 1321 1131 credendum
1366 1088 1548 1131 difficilis
1592 1100 1655 1130 res
1696 1091 1815 1138 esset,

321 1158 573 1201 testimoniis
604 1170 720 1214 agere
749 1169 961 1212 possemus
991 1158 1217 1211 auctorum,
1250 1159 1425 1212 quantae
1456 1157 1614 1212 quoties
1645 1159 1685 1200 et
1715 1170 1820 1212 quae

322 1228 462 1284 gentes
493 1228 645 1270 famem
676 1227 876 1270 senserint
905 1227 1115 1270 horridam
1148 1229 1189 1270 et
1210 1228 1405 1283 aggerata
1424 1226 1654 1270 interierint
1684 1227 1815 1269 uasti-

320 1297 419 1339 tate.
466 1309 580 1340 casus
617 1297 941 1351 frequentissimi
980 1297 1192 1352 grandinis
1232 1297 1423 1340 accidunt
1468 1298 1589 1351 atque
1623 1296 1816 1338 adterunt
1830 1314 1870 1338 15>

323 1367 475 1409 cuncta.
522 1366 567 1408 in
596 1366 749 1409 litteris
780 1367 888 1409 enim
920 1366 1065 1421 priscis
1102 1367 1438 1421 comprehensum
1470 1367 1510 1409 et
1545 1365 1816 1420 compositum

322 1446 399 1477 non
438 1435 647 1487 uidemus,
694 1436 820 1478 etiam
859 1436 1011 1478 imbres
1050 1448 1188 1479 saxeos
1224 1437 1332 1479 totas
1371 1448 1490 1490 saepe
1528 1434 1815 1478 comminuisse

323 1503 536 1559 regiones?
581 1504 769 1547 difficiles
811 1504 983 1560 pluuiae.
1016 1506 1106 1547 sata
1135 1505 1291 1548 faciunt
1322 1504 1449 1547 emori
1481 1504 1521 1546 et
1551 1503 1816 1546 sterilitatem

321 1572 507 1615 indicunt
527 1573 659 1616 terris.
699 1573 880 1615 inmunis
911 1573 1020 1616 enim
1051 1573 1276 1627 antiquitas
1297 1573 1418 1616 malis
1439 1573 1490 1616 ab
1511 1573 1575 1615 his
1597 1572 1690 1625 fuit,
1723 1585 1815 1614 cum

322 1641 448 1683 etiam
477 1641 647 1684 flumina
668 1641 978 1697 cognouerimus
1008 1642 1193 1698 ingentia
1214 1643 1327 1685 limis
1348 1642 1600 1684 inhorruisse
1620 1641 1814 1684 siccatis?
1828 1658 1862 1684 20

322 1710 579 1764 pestilentiae
609 1711 797 1766 contagia
826 1711 951 1753 urunt
980 1723 1107 1765 genus
1137 1712 1374 1753 humanum.
1422 1711 1631 1754 annalium
1662 1710 1816 1764 scripta

254 1787 308 1824 f.3
322 1779 544 1833 percurrite
592 1778 826 1832 linguarum
861 1775 867 1833 Ι
903 1777 1213 1820 diuersitatibus
1263 1778 1437 1831 scripta:
1495 1778 1704 1819 uniuersas
1753 1777 1815 1819 di-

321 1847 443 1889 scetis
475 1848 614 1903 gentes
646 1858 935 1900 saepenumero
967 1846 1167 1888 desolatas
1198 1847 1239 1888 et
1267 1846 1458 1889 uiduatas
1494 1846 1580 1888 suis
1612 1859 1697 1889 esse
1728 1845 1815 1888 cul-

319 1915 488 1959 toribus
540 1916 589 1958 ab
628 1915 817 1967 locustis,
856 1927 879 1956 a
908 1914 1094 1957 muribus
1133 1928 1260 1970 genus
1299 1927 1417 1958 omne
1458 1915 1657 1958 acciditur
1694 1915 1815 1969 atque

320 1984 531 2027 adroditur
561 1983 741 2039 frugum.
789 1983 981 2026 historias
1012 1983 1071 2026 ite
1102 1996 1173 2038 per
1204 1985 1362 2027 uestras
1386 1986 1427 2026 et
1447 1984 1497 2027 ab
1520 1984 1611 2027 istis
1631 1983 1814 2039 pestibus
1827 2001 1861 2027 2⁵

320 2052 582 2095 instruemini
620 2052 807 2106 quotiens
846 2052 957 2106 prior
988 2053 1101 2095 aetas
1132 2052 1291 2096 adfecta
1322 2053 1378 2095 sit
1408 2053 1449 2095 et
1479 2053 1732 2107 paupertatis
1763 2052 1814 2094 ad

320 2121 506 2164 miserias
544 2121 715 2163 uenerit.
767 2121 970 2163 terrarum
1016 2121 1286 2164 ualidissimis
1333 2122 1513 2165 motibus
1552 2121 1815 2164 tremefactae

319 2191 464 2232 nutant
501 2202 630 2244 usque
668 2190 719 2232 ad
749 2190 977 2244 periculum
1007 2189 1211 2232 ciuitates
1264 2190 1380 2245 quid,
1412 2190 1594 2233 hiatibus
1624 2190 1815 2250 maximis

319 2259 565 2313 interceptas
595 2259 716 2302 urbes
747 2272 840 2302 cum
869 2258 1063 2315 gentibus
1091 2260 1299 2314 superiora
1319 2261 1502 2314 tempora
1523 2273 1603 2303 non
1624 2261 1815 2302 uiderunt

366 2394 384 2427 1
410 2394 594 2438 antiqustas
620 2394 655 2429 P
792 2394 813 2428 2
836 2394 1076 2438 pestilentiam
1103 2394 1186 2438 Sab,
1211 2406 1251 2429 rr:
1282 2395 1487 2440 pestilentia
1512 2396 1547 2430 P
1682 2397 1704 2431 3
1728 2396 1815 2430 rati-

320 2460 385 2485 one
411 2450 529 2486 Salm:
554 2451 698 2486 natione
722 2451 758 2486 P
777 2452 919 2486 notione
946 2451 1017 2487 Sab
1041 2453 1280 2487 nominatione
1304 2453 1578 2488 Klussmannus
1715 2454 1736 2487 6
1760 2463 1815 2487 ex-

319 2509 454 2553 pertam
481 2509 573 2544 Sab:
604 2509 743 2552 experta
767 2508 802 2543 P
917 2509 936 2543 7
961 2509 1127 2554 paenuria
1153 2510 1188 2544 P
1301 2510 1424 2554 inquid
1449 2511 1484 2545 P
1507 2521 1588 2545 corr
1702 2510 1723 2545 9
1739 2521 1814 2545 ves-

320 2565 521 2601 tustissima
538 2566 573 2600 P
589 2575 669 2600 corr
762 2565 805 2600 13
822 2565 956 2610 quoties
981 2568 1012 2611 (e
1028 2567 1067 2601 in
1090 2568 1165 2611 ras)
1184 2567 1220 2602 P
1235 2558 1371 2612 quoties
1388 2579 1408 2602 r
1511 2568 1554 2603 15
1571 2568 1670 2612 atque
1688 2568 1725 2602 P

321 2623 483 2657 atterunt
514 2623 595 2658 Gel:
632 2622 796 2657 adierunt
821 2624 857 2658 P
1016 2624 1060 2659 16
1085 2625 1396 2669 compraehensum
1421 2625 1457 2660 P
1478 2626 1529 2660 sic
1553 2635 1692 2669 semper
1717 2630 1750 2661 et
1773 2627 1815 2661 in

321 2680 387 2715 hoc
410 2680 520 2716 uerbo
545 2684 577 2715 et
600 2681 641 2715 in
663 2681 841 2716 similibus
1023 2682 1177 2726 positum
1208 2682 1279 2717 Urs
1456 2683 1497 2716 17
1523 2682 1753 2717 communisse
1779 2684 1815 2718 P

322 2746 403 2771 corr
533 2738 576 2772 19
599 2737 774 2773 inducunt
800 2737 874 2773 sab
1007 2739 1052 2774 20
1076 2739 1174 2774 limis
1199 2739 1291 2775 Sab:
1316 2739 1451 2774 liminis
1476 2740 1511 2774 P
1641 2740 1813 2776 inaruisse

327 2793 398 2828 Urs
527 2793 681 2838 siggatis
699 2795 734 2830 P
749 2806 832 2831 corr
963 2796 1007 2831 24
1024 2807 1044 2831 a
1062 2796 1135 2832 Sab
1269 2797 1441 2832 occiditur
1459 2796 1532 2832 sab
1671 2798 1715 2832 25
1739 2809 1813 2833 ues-

320 2852 393 2884 tras
417 2860 456 2884 r:
483 2851 592 2885 estras
617 2851 653 2886 P
676 2854 807 2887 exteras
833 2852 906 2888 Sab
1067 2854 1111 2888 26
1136 2854 1267 2889 afflicta
1297 2855 1366 2890 Urs
1518 2855 1560 2889 27
1587 2856 1815 2891 tremefactae

321 2906 412 2942 Sab:
443 2907 669 2943 tremaefacta.
695 2908 730 2942 P
