2032 3248
351 179 435 222 264
757 177 945 212 Α1·1101)11
982 177 1198 212 aduersus
1230 176 1438 211 nationes

349 293 491 336 ieceris
523 294 644 346 atque
674 292 944 335 instillaueris
974 294 1181 346 prunam?
1225 303 1305 334 non
1340 291 1456 334 nobis
1495 291 1556 333 est
1587 303 1716 333 sermo
1756 302 1849 334 cum

348 361 584 405 hominibus
614 362 786 404 rationis
818 361 1051 415 expertibus
1081 373 1211 414 neque
1242 360 1391 414 quibus
1421 372 1501 402 non
1528 359 1584 402 sit
1618 359 1848 402 communis

348 431 655 486 intellegentiae
696 430 870 482 ueritas,
913 430 1022 473 inest
1054 432 1095 472 et
1124 429 1241 472 uobis
1283 429 1503 484 sapientia,
1545 429 1654 471 inest
1690 439 1846 479 sensus,

349 512 572 554 uerumque
616 512 688 542 nos
735 499 868 542 dicere
909 499 1017 553 apud
1056 512 1129 541 uos
1170 499 1250 552 ipsi
1289 498 1482 541 interiore
1525 497 1677 540 iudicio
1718 496 1847 540 scitis.

348 569 418 612 sed
459 568 556 622 quid
597 568 727 610 facere
767 580 985 622 possumus
1026 568 1279 611 considerare
1319 567 1556 610 nolentibus
1590 567 1754 622 penitus
1783 579 1847 609 res
1879 581 1894 606 ⁵

347 639 456 692 ipsas
497 649 714 691 secumque
754 637 863 690 ipsos
904 637 1051 690 loqui?
1098 637 1236 679 facitis
1268 637 1376 679 enim
1409 636 1516 690 quod
1546 636 1634 679 fieri
1666 635 1846 688 cernitis,

348 719 428 749 non
449 705 557 760 quod
577 706 665 748 fieri
687 706 870 760 oportere
891 705 1115 748 confiditis:
1147 706 1375 759 plurimum
1397 705 1494 759 quia
1515 706 1623 759 apud
1644 717 1716 747 uos
1738 704 1849 747 ualet

348 775 506 818 nullam
560 774 713 817 habens
761 774 1009 817 consuetudo
1060 775 1262 818 rationem
1315 787 1439 828 quam
1484 786 1621 816 rerum
1665 774 1849 828 inspecta

348 845 497 887 natura
537 844 727 886 ueritatis
770 844 1067 886 examinatione
1107 844 1341 897 ponderata.
1389 844 1488 898 quid
1529 844 1591 886 est
1632 842 1744 885 enim
1775 840 1848 885 deo

348 926 441 956 cum
472 913 581 965 uin0‚
614 914 686 956 aut
716 913 759 955 in
790 913 877 956 eius
909 913 1084 956 materia
1113 913 1178 956 uis
1210 913 1344 968 qualis
1366 915 1438 956 aut
1459 913 1612 967 quanta
1633 912 1707 964 est,
1742 912 1849 966 quod
1864 927 1896 952 ιο

348 995 441 1025 cum
473 981 649 1024 effusum
670 982 806 1033 fuerit,
840 982 1079 1024 sublimitas
1101 982 1189 1025 eius
1211 983 1404 1037 augescat
1426 984 1466 1025 et
1486 982 1686 1025 honorata
1707 981 1848 1024 existi-

348 1051 484 1093 metur
514 1051 765 1093 auctoritas?
811 1051 932 1105 quid,
963 1051 1154 1105 inquam,
1188 1051 1260 1094 deo
1293 1064 1388 1094 cum
1418 1051 1515 1093 uino
1547 1051 1628 1103 est,
1662 1050 1849 1093 Veneriis

141 1127 166 1163 f.
184 1129 247 1161 149
256 1127 394 1163 bisbre
415 1120 609 1174 proxima,
642 1131 788 1162 neruos
811 1120 998 1163 omnium
1019 1120 1264 1162 debilitante
1287 1120 1506 1172 uirtutum,
1535 1119 1540 1175 Ι
1566 1119 1848 1169 uerecundiae,

349 1189 513 1242 pudoris
560 1189 601 1231 et
645 1189 849 1231 castitatis
895 1189 1087 1241 inimica,
1140 1189 1248 1243 quod
1292 1189 1335 1232 111
1379 1189 1561 1232 insanias
1607 1189 1648 1231 et
1693 1189 1849 1230 furores

350 1258 508 1300 mentes
548 1258 707 1311 saepius
745 1258 1034 1312 praecipitauit
1065 1258 1218 1301 excitas
1249 1258 1438 1312 ipsosque
1468 1258 1564 1301 illos
1596 1259 1689 1300 deos
1720 1257 1896 1300 male-1⁵

351 1325 472 1368 dictis
505 1327 690 1380 conpulit
720 1328 979 1370 exauctorare
1011 1327 1301 1370 dementibus?
1331 1328 1442 1370 itane
1479 1327 1594 1370 istud
1626 1338 1706 1368 non
1736 1325 1851 1368 nefas

351 1393 392 1435 01
421 1393 590 1446 plenum
621 1394 826 1449 sacrilegii
857 1394 1010 1437 crimen
1043 1396 1116 1447 est,
1156 1394 1298 1436 honori
1331 1394 1393 1436 dis
1425 1395 1500 1437 hoc
1532 1395 1639 1447 dare,
1677 1395 1786 1449 quod
1817 1394 1853 1437 si

350 1462 397 1503 tu
436 1461 480 1504 id
517 1461 678 1505 auidius
718 1464 963 1518 sumpseris,
1007 1464 1105 1517 quid
1149 1463 1275 1506 facias
1315 1463 1494 1515 nescias,
1536 1464 1635 1518 quid
1673 1463 1852 1518 loquaris

350 1531 524 1585 ignoreS‚
557 1531 608 1574 ad
639 1533 868 1575 extremum
898 1533 1129 1584 temulenti,
1160 1532 1361 1575 luxuriosi
1383 1534 1424 1576 01
1444 1533 1596 1586 perditi
1618 1533 1852 1576 conuicium

284 1596 332 1637 31
351 1598 648 1654 infamiamque
687 1602 911 1644 merearis?
957 1614 1101 1655 operae
1137 1602 1319 1655 pretium
1358 1603 1421 1644 est
1451 1602 1575 1645 etiam
1607 1602 1733 1645 uerba
1763 1602 1853 1657 ipsa
1867 1615 1900 1640 20

354 1670 609 1723 depromere,
649 1670 797 1724 quibus
836 1683 929 1713 011111
975 1671 1119 1713 1111111111
1165 1671 1288 1714 datur
1326 1672 1388 1713 uti
1419 1684 1466 1714 ac
1497 1671 1728 1725 supplicare
1760 1683 1851 1713 con-

354 1737 525 1779 suetudo
556 1739 618 1780 est
647 1733 823 1782 ‘mactus
843 1740 919 1782 1100
940 1739 1035 1783 111110
1057 1740 1200 1783 inferio
1223 1736 1335 1783 esto‘.
1377 1734 1566 1792 ‘inferio’‚
1598 1739 1735 1795 inquit
1756 1740 1854 1782 Tre-

354 1806 510 1859 banus,
544 1809 717 1851 uerbum
748 1822 794 1852 ea
824 1822 945 1852 causa
976 1812 1039 1853 est
1071 1810 1260 1852 additum
1291 1822 1417 1864 eaque
1447 1809 1606 1852 ratione
1635 1810 1854 1863 profertur,

353 1887 402 1917 ne
442 1876 586 1919 uinum
631 1889 749 1921 omne
794 1879 958 1922 omnino
1004 1879 1111 1933 quod
1151 1879 1192 1922 in
1234 1879 1350 1922 cellis
1391 1880 1514 1933 atque
1554 1878 1762 1932 apothecis
1794 1880 1857 1921 est

355 1944 576 1997 conditum,
610 1958 655 1989 ex
686 1946 834 2000 quibus
864 1947 969 1990 illud
1000 1948 1108 2001 quod
1139 1947 1361 1991 effunditur
1391 1949 1630 2003 promptum
1663 1949 1738 2000 est,
1770 1959 1856 1989 esse
1870 1956 1902 1982 2⁵

355 2026 515 2057 sacrum
553 2015 724 2071 incipiat
764 2018 804 2059 et
834 2029 881 2059 cx
918 2017 1062 2060 usibus
1102 2017 1301 2071 eripiatur
1337 2017 1540 2060 humanis.
1588 2017 1729 2060 addito
1761 2028 1856 2071 ergo

354 2082 429 2125 hoc
477 2085 600 2126 uerbo
647 2085 780 2128 solum
827 2086 906 2129 erit
949 2087 1056 2140 quod
1095 2085 1296 2129 inferetur
1336 2099 1498 2129 sacrum
1544 2099 1618 2129 nec
1659 2085 1856 2140 religione

355 2151 608 2207 obligabitur
638 2155 830 2198 ceterum.
876 2156 1011 2210 qualis
1042 2168 1136 2211 ergo
1167 2156 1234 2198 hic
1263 2156 1391 2198 honor
1423 2158 1505 2209 est,
1538 2155 1581 2197 in
1612 2166 1690 2208 quo
1721 2154 1855 2208 impo-

355 2220 468 2262 nitur
508 2223 624 2275 quasi
654 2223 718 2265 lex
750 2223 842 2275 (100,
884 2238 934 2267 110
965 2224 1060 2279 plus
1102 2226 1273 2278 quaerat
1314 2237 1439 2278 quam
1471 2224 1615 2266 datum
1646 2223 1738 2265 est?
1785 2223 1857 2264 aut

357 2288 472 2330 cuius
502 2290 590 2344 ipse
621 2294 684 2334 est
715 2293 929 2335 auiditatis
962 2293 1076 2346 deus,
1109 2294 1181 2348 qui
1214 2293 1294 2336 nisi
1326 2293 1442 2335 uerbi
1474 2292 1598 2335 fuerit
1628 2291 1905 2346 praescrip-3⁰

355 2356 466 2398 tione
498 2361 748 2413 summotus,
788 2362 1058 2416 cupiditatem
1089 2374 1205 2404 suam
1235 2361 1452 2415 protendat
1483 2361 1658 2404 ulterius
1689 2362 1730 2403 et
1761 2371 1857 2415 apo-

401 2511 424 2545 4
448 2510 577 2545 diceret
595 2510 631 2544 P
648 2520 730 2545 corr
869 2511 890 2546 5
915 2510 1077 2554 paenitus
1095 2510 1131 2545 P
1268 2509 1287 2544 7
1312 2509 1507 2554 plurimum
1531 2509 1683 2554 scripsi.-
1707 2508 1859 2553 primum

357 2568 393 2602 P
415 2567 585 2602 nimirum
615 2567 680 2602 θεῖ
801 2567 894 2612 apud
920 2566 1003 2609 Sab,
1029 2577 1066 2601 r:
1091 2566 1162 2611 pud
1187 2567 1222 2601 P
1337 2566 1417 2611 plus
1442 2566 1539 2601 ualet
1564 2566 1635 2601 Sab
1752 2566 1773 2600 9
1798 2576 1859 2600 na-

356 2627 456 2659 turat
479 2624 514 2659 P
539 2635 620 2660 corr
759 2624 802 2658 12
828 2623 953 2659 Veneri
977 2623 1044 2659 Urs
1183 2623 1223 2658 17
1249 2623 1374 2658 honori
1400 2622 1455 2657 dis
1481 2623 1630 2667 scripsi:
1654 2622 1800 2657 honoris
1826 2623 1862 2657 P

356 2682 481 2716 honori
507 2682 580 2717 Sab
605 2681 749 2717 honoris
774 2692 857 2726 ergo
883 2681 1179 2717 Hildebrandius
1318 2681 1361 2716 18
1385 2680 1422 2715 id
1447 2680 1505 2716 del
1536 2680 1602 2715 (iel
1740 2680 1782 2714 19
1807 2680 1860 2714 lu-

357 2738 483 2773 xoriosi
509 2739 545 2773 P
693 2738 738 2773 20
762 2749 861 2783 opere
887 2739 921 2773 P
1071 2738 1247 2783 praetium
1272 2738 1308 2773 P
1331 2738 1505 2783 praecium
1530 2742 1560 2773 ε’
1704 2737 1749 2772 29
1773 2747 1861 2782 quae

358 2798 433 2830 erat
457 2795 529 2830 Sab
