<?xml version="1.0" encoding="UTF-8"?>
<!DOCTYPE html PUBLIC "-//W3C//DTD XHTML 1.0 Transitional//EN"
    "http://www.w3.org/TR/xhtml1/DTD/xhtml1-transitional.dtd">
<html xmlns="http://www.w3.org/1999/xhtml" xml:lang="en" lang="en">
 <head>
  <title>
</title>
<meta http-equiv="Content-Type" content="text/html;charset=utf-8" />
  <meta name='ocr-system' content='tesseract 3.04.00' />
  <meta name='ocr-capabilities' content='ocr_page ocr_carea ocr_par ocr_line ocrx_word'/>
</head>
<body>
  <div class='ocr_page' id='page_1' title='image "./corpusscriptorum03cypruoft/corpusscriptorum03cypruoft_0084.png"; bbox 0 0 2032 3248; ppageno 0'>
   <div class='ocr_carea' id='block_1_1' title="bbox 384 230 1255 276">
    <p class='ocr_par' dir='ltr' id='par_1_1' title="bbox 384 230 1255 276">
     <span class='ocr_line' id='line_1_1' title="bbox 384 230 1255 276; baseline -0.015 0"><span class='ocrx_word' id='word_1_1' title='bbox 384 234 437 276; x_wconf 79' lang='grc'><strong>7-1-</strong></span> <span class='ocrx_word' id='word_1_2' title='bbox 1009 230 1255 275; x_wconf 80' lang='lat' dir='ltr'>Appendix.</span> 
     </span>
    </p>
   </div>
   <div class='ocr_carea' id='block_1_2' title="bbox 340 336 1935 2452">
    <p class='ocr_par' dir='ltr' id='par_1_2' title="bbox 379 336 1935 2175">
     <span class='ocr_line' id='line_1_2' title="bbox 383 336 1888 385; baseline 0.001 -10"><span class='ocrx_word' id='word_1_3' title='bbox 383 337 538 384; x_wconf 89' lang='lat' dir='ltr'>ferrent,</span> <span class='ocrx_word' id='word_1_4' title='bbox 581 338 757 385; x_wconf 89' lang='lat' dir='ltr'>quoniam</span> <span class='ocrx_word' id='word_1_5' title='bbox 796 338 856 376; x_wconf 90' lang='lat' dir='ltr'>uel</span> <span class='ocrx_word' id='word_1_6' title='bbox 897 337 963 376; x_wconf 93' lang='lat' dir='ltr'>illo</span> <span class='ocrx_word' id='word_1_7' title='bbox 1009 336 1211 375; x_wconf 89' lang='lat' dir='ltr'>interuallo</span> <span class='ocrx_word' id='word_1_8' title='bbox 1253 337 1431 385; x_wconf 89' lang='lat' dir='ltr'>temporis</span> <span class='ocrx_word' id='word_1_9' title='bbox 1472 336 1610 385; x_wconf 84' lang='lat' dir='ltr'>aliquis</span> <span class='ocrx_word' id='word_1_10' title='bbox 1654 348 1781 376; x_wconf 86' lang='lat' dir='ltr'>eorum</span> <span class='ocrx_word' id='word_1_11' title='bbox 1814 349 1888 376; x_wconf 91' lang='lat' dir='ltr'>non</span> 
     </span>
     <span class='ocr_line' id='line_1_3' title="bbox 387 405 1890 454; baseline -0.001 -10"><span class='ocrx_word' id='word_1_12' title='bbox 387 407 547 454; x_wconf 87' lang='lat' dir='ltr'>adeptus</span> <span class='ocrx_word' id='word_1_13' title='bbox 569 406 744 453; x_wconf 89' lang='lat' dir='ltr'>spiritum</span> <span class='ocrx_word' id='word_1_14' title='bbox 766 407 938 443; x_wconf 88' lang='lat' dir='ltr'>sanctum</span> <span class='ocrx_word' id='word_1_15' title='bbox 962 408 1082 443; x_wconf 90' lang='lat' dir='ltr'>morte</span> <span class='ocrx_word' id='word_1_16' title='bbox 1103 405 1228 453; x_wconf 89' lang='lat' dir='ltr'>potuit</span> <span class='ocrx_word' id='word_1_17' title='bbox 1249 405 1423 453; x_wconf 78' lang='lat' dir='ltr'>intercipi</span> <span class='ocrx_word' id='word_1_18' title='bbox 1445 406 1483 443; x_wconf 91' lang='lat' dir='ltr'>et</span> <span class='ocrx_word' id='word_1_19' title='bbox 1505 405 1748 444; x_wconf 78' lang='lat' dir='ltr'>defraudatus</span> <span class='ocrx_word' id='word_1_20' title='bbox 1765 406 1890 454; x_wconf 88' lang='lat' dir='ltr'>gratia</span> 
     </span>
     <span class='ocr_line' id='line_1_4' title="bbox 387 473 1888 523; baseline -0.001 -11"><span class='ocrx_word' id='word_1_21' title='bbox 387 473 543 523; x_wconf 88' lang='lat' dir='ltr'>spiritus</span> <span class='ocrx_word' id='word_1_22' title='bbox 565 474 687 512; x_wconf 89' lang='lat' dir='ltr'>sancti</span> <span class='ocrx_word' id='word_1_23' title='bbox 708 474 874 522; x_wconf 79' lang='lat' dir='ltr'>defungi.</span> <span class='ocrx_word' id='word_1_24' title='bbox 907 475 1006 522; x_wconf 91' lang='lat' dir='ltr'>quod</span> <span class='ocrx_word' id='word_1_25' title='bbox 1027 473 1208 512; x_wconf 86' lang='lat' dir='ltr'>hodierna</span> <span class='ocrx_word' id='word_1_26' title='bbox 1230 485 1377 522; x_wconf 88' lang='lat' dir='ltr'>quoque</span> <span class='ocrx_word' id='word_1_27' title='bbox 1401 474 1460 511; x_wconf 90' lang='lat' dir='ltr'>die</span> <span class='ocrx_word' id='word_1_28' title='bbox 1481 485 1556 513; x_wconf 90' lang='lat' dir='ltr'>non</span> <span class='ocrx_word' id='word_1_29' title='bbox 1576 475 1700 522; x_wconf 87' lang='lat' dir='ltr'>potest</span> <span class='ocrx_word' id='word_1_30' title='bbox 1721 473 1888 513; x_wconf 87' lang='lat' dir='ltr'>dubitari</span> 
     </span>
     <span class='ocr_line' id='line_1_5' title="bbox 385 541 1887 591; baseline 0 -10"><span class='ocrx_word' id='word_1_31' title='bbox 385 555 466 582; x_wconf 89' lang='lat' dir='ltr'>esse</span> <span class='ocrx_word' id='word_1_32' title='bbox 489 543 671 581; x_wconf 84' lang='lat' dir='ltr'>usitatum</span> <span class='ocrx_word' id='word_1_33' title='bbox 693 544 731 581; x_wconf 89' lang='lat' dir='ltr'>et</span> <span class='ocrx_word' id='word_1_34' title='bbox 752 543 901 581; x_wconf 89' lang='lat' dir='ltr'>euenire</span> <span class='ocrx_word' id='word_1_35' title='bbox 922 543 1076 581; x_wconf 90' lang='lat' dir='ltr'>solitum</span> <span class='ocrx_word' id='word_1_36' title='bbox 1097 544 1140 580; x_wconf 90' lang='lat' dir='ltr'>ut</span> <span class='ocrx_word' id='word_1_37' title='bbox 1160 542 1330 590; x_wconf 84' lang='lat' dir='ltr'>plerique</span> <span class='ocrx_word' id='word_1_38' title='bbox 1352 544 1438 590; x_wconf 87' lang='lat' dir='ltr'>post</span> <span class='ocrx_word' id='word_1_39' title='bbox 1458 541 1649 590; x_wconf 88' lang='lat' dir='ltr'>baptisma</span> <span class='ocrx_word' id='word_1_40' title='bbox 1664 543 1745 581; x_wconf 89' lang='lat' dir='ltr'>sine</span> <span class='ocrx_word' id='word_1_41' title='bbox 1766 543 1887 591; x_wconf 89' lang='lat' dir='ltr'>impo-</span> 
     </span>
     <span class='ocr_line' id='line_1_6' title="bbox 385 611 1915 660; baseline -0.001 -10"><span class='ocrx_word' id='word_1_42' title='bbox 385 612 521 651; x_wconf 77' lang='lat' dir='ltr'>sitione</span> <span class='ocrx_word' id='word_1_43' title='bbox 557 623 691 649; x_wconf 89' lang='lat' dir='ltr'>manus</span> <span class='ocrx_word' id='word_1_44' title='bbox 727 611 892 659; x_wconf 83' lang='lat' dir='ltr'>episcopi</span> <span class='ocrx_word' id='word_1_45' title='bbox 928 613 973 650; x_wconf 91' lang='lat' dir='ltr'>de</span> <span class='ocrx_word' id='word_1_46' title='bbox 1011 612 1161 650; x_wconf 87' lang='lat' dir='ltr'>saeculo</span> <span class='ocrx_word' id='word_1_47' title='bbox 1194 613 1340 658; x_wconf 80' lang='lat' dir='ltr'>exeant,</span> <span class='ocrx_word' id='word_1_48' title='bbox 1379 613 1417 650; x_wconf 92' lang='lat' dir='ltr'>et</span> <span class='ocrx_word' id='word_1_49' title='bbox 1452 613 1578 649; x_wconf 91' lang='lat' dir='ltr'>tamen</span> <span class='ocrx_word' id='word_1_50' title='bbox 1608 622 1676 659; x_wconf 86' lang='lat' dir='ltr'>pro</span> <span class='ocrx_word' id='word_1_51' title='bbox 1707 611 1915 660; x_wconf 84' lang='lat' dir='ltr'>perfectis5</span> 
     </span>
     <span class='ocr_line' id='line_1_7' title="bbox 384 679 1888 728; baseline 0.001 -10"><span class='ocrx_word' id='word_1_52' title='bbox 384 679 557 718; x_wconf 88' lang='lat' dir='ltr'>fidelibus</span> <span class='ocrx_word' id='word_1_53' title='bbox 579 680 777 718; x_wconf 85' lang='lat' dir='ltr'>hahentur.</span> <span class='ocrx_word' id='word_1_54' title='bbox 815 680 925 718; x_wconf 89' lang='lat' dir='ltr'>sicuti</span> <span class='ocrx_word' id='word_1_55' title='bbox 953 680 1140 728; x_wconf 84' lang='lat' dir='ltr'>Aethiops</span> <span class='ocrx_word' id='word_1_56' title='bbox 1162 681 1355 719; x_wconf 89' lang='lat' dir='ltr'>eunuchus</span> <span class='ocrx_word' id='word_1_57' title='bbox 1386 692 1469 719; x_wconf 89' lang='lat' dir='ltr'>cum</span> <span class='ocrx_word' id='word_1_58' title='bbox 1498 680 1639 718; x_wconf 86' lang='lat' dir='ltr'>rediret</span> <span class='ocrx_word' id='word_1_59' title='bbox 1671 681 1718 718; x_wconf 90' lang='lat' dir='ltr'>ab</span> <span class='ocrx_word' id='word_1_60' title='bbox 1747 680 1888 719; x_wconf 91' lang='lat' dir='ltr'>Hieru-</span> 
     </span>
     <span class='ocr_line' id='line_1_8' title="bbox 385 748 1887 798; baseline 0.001 -12"><span class='ocrx_word' id='word_1_61' title='bbox 385 749 501 787; x_wconf 85' lang='lat' dir='ltr'>salem</span> <span class='ocrx_word' id='word_1_62' title='bbox 523 750 559 787; x_wconf 94' lang='lat' dir='ltr'>et</span> <span class='ocrx_word' id='word_1_63' title='bbox 588 748 732 797; x_wconf 88' lang='lat' dir='ltr'>legeret</span> <span class='ocrx_word' id='word_1_64' title='bbox 759 749 981 796; x_wconf 87' lang='lat' dir='ltr'>prophetam</span> <span class='ocrx_word' id='word_1_65' title='bbox 1003 748 1156 786; x_wconf 84' lang='lat' dir='ltr'>Esaiam</span> <span class='ocrx_word' id='word_1_66' title='bbox 1178 750 1216 787; x_wconf 91' lang='lat' dir='ltr'>et</span> <span class='ocrx_word' id='word_1_67' title='bbox 1248 749 1455 788; x_wconf 81' lang='lat' dir='ltr'>haesitaret</span> <span class='ocrx_word' id='word_1_68' title='bbox 1489 751 1716 797; x_wconf 87' lang='lat' dir='ltr'>suggerente</span> <span class='ocrx_word' id='word_1_69' title='bbox 1749 749 1887 798; x_wconf 88' lang='lat' dir='ltr'>spiritu</span> 
     </span>
     <span class='ocr_line' id='line_1_9' title="bbox 387 817 1887 865; baseline -0.001 -9"><span class='ocrx_word' id='word_1_70' title='bbox 387 818 517 856; x_wconf 86' lang='lat' dir='ltr'>audita</span> <span class='ocrx_word' id='word_1_71' title='bbox 548 818 709 856; x_wconf 90' lang='lat' dir='ltr'>ueritate</span> <span class='ocrx_word' id='word_1_72' title='bbox 731 829 753 855; x_wconf 88' lang='lat' dir='ltr'>a</span> <span class='ocrx_word' id='word_1_73' title='bbox 773 817 950 865; x_wconf 88' lang='lat' dir='ltr'>Philippo</span> <span class='ocrx_word' id='word_1_74' title='bbox 981 817 1136 855; x_wconf 87' lang='lat' dir='ltr'>diacono</span> <span class='ocrx_word' id='word_1_75' title='bbox 1169 818 1329 856; x_wconf 88' lang='lat' dir='ltr'>credidit</span> <span class='ocrx_word' id='word_1_76' title='bbox 1351 819 1388 856; x_wconf 89' lang='lat' dir='ltr'>et</span> <span class='ocrx_word' id='word_1_77' title='bbox 1409 817 1624 865; x_wconf 87' lang='lat' dir='ltr'>baptizatus</span> <span class='ocrx_word' id='word_1_78' title='bbox 1643 819 1715 865; x_wconf 91' lang='lat' dir='ltr'>est,</span> <span class='ocrx_word' id='word_1_79' title='bbox 1746 819 1784 856; x_wconf 89' lang='lat' dir='ltr'>et</span> <span class='ocrx_word' id='word_1_80' title='bbox 1805 829 1887 856; x_wconf 93' lang='lat' dir='ltr'>cum</span> 
     </span>
     <span class='ocr_line' id='line_1_10' title="bbox 384 886 1889 935; baseline -0.001 -9"><span class='ocrx_word' id='word_1_81' title='bbox 384 888 616 926; x_wconf 78' lang='lat' dir='ltr'>ascendisset</span> <span class='ocrx_word' id='word_1_82' title='bbox 637 888 683 925; x_wconf 92' lang='lat' dir='ltr'>de</span> <span class='ocrx_word' id='word_1_83' title='bbox 713 898 823 935; x_wconf 84' lang='lat' dir='ltr'>aqua,</span> <span class='ocrx_word' id='word_1_84' title='bbox 853 886 1013 935; x_wconf 86' lang='lat' dir='ltr'>spiritus</span> <span class='ocrx_word' id='word_1_85' title='bbox 1031 887 1182 924; x_wconf 88' lang='lat' dir='ltr'>Domini</span> <span class='ocrx_word' id='word_1_86' title='bbox 1210 886 1337 935; x_wconf 85' lang='lat' dir='ltr'>rapuit</span> <span class='ocrx_word' id='word_1_87' title='bbox 1366 886 1600 935; x_wconf 86' lang='lat' dir='ltr'>Philippum,</span> <span class='ocrx_word' id='word_1_88' title='bbox 1630 888 1669 925; x_wconf 91' lang='lat' dir='ltr'>et</span> <span class='ocrx_word' id='word_1_89' title='bbox 1688 898 1764 925; x_wconf 89' lang='lat' dir='ltr'>non</span> <span class='ocrx_word' id='word_1_90' title='bbox 1791 886 1889 925; x_wconf 88' lang='lat' dir='ltr'>uidit</span> 
     </span>
     <span class='ocr_line' id='line_1_11' title="bbox 383 955 1935 1004; baseline -0.001 -9"><span class='ocrx_word' id='word_1_91' title='bbox 383 967 469 995; x_wconf 90' lang='lat' dir='ltr'>eum</span> <span class='ocrx_word' id='word_1_92' title='bbox 496 956 570 994; x_wconf 88' lang='lat' dir='ltr'>iam</span> <span class='ocrx_word' id='word_1_93' title='bbox 599 968 698 995; x_wconf 88' lang='lat' dir='ltr'>nunc</span> <span class='ocrx_word' id='word_1_94' title='bbox 729 956 893 1004; x_wconf 89' lang='lat' dir='ltr'>amplius</span> <span class='ocrx_word' id='word_1_95' title='bbox 921 956 1134 994; x_wconf 86' lang='lat' dir='ltr'>eunuchus:</span> <span class='ocrx_word' id='word_1_96' title='bbox 1174 956 1305 994; x_wconf 86' lang='lat' dir='ltr'>abibat</span> <span class='ocrx_word' id='word_1_97' title='bbox 1326 956 1425 994; x_wconf 90' lang='lat' dir='ltr'>enim</span> <span class='ocrx_word' id='word_1_98' title='bbox 1445 955 1548 995; x_wconf 87' lang='lat' dir='ltr'>uiam</span> <span class='ocrx_word' id='word_1_99' title='bbox 1569 967 1676 994; x_wconf 88' lang='lat' dir='ltr'>suam</span> <span class='ocrx_word' id='word_1_100' title='bbox 1704 957 1935 1004; x_wconf 85' lang='lat' dir='ltr'>gaudens.10</span> 
     </span>
     <span class='ocr_line' id='line_1_12' title="bbox 384 1024 1887 1074; baseline -0.001 -11"><span class='ocrx_word' id='word_1_101' title='bbox 384 1037 622 1073; x_wconf 87' lang='lat' dir='ltr'>quamquam,</span> <span class='ocrx_word' id='word_1_102' title='bbox 654 1027 697 1063; x_wconf 90' lang='lat' dir='ltr'>ut</span> <span class='ocrx_word' id='word_1_103' title='bbox 726 1025 1012 1072; x_wconf 80' lang='lat' dir='ltr'>animaduertiS‚</span> <span class='ocrx_word' id='word_1_104' title='bbox 1044 1024 1222 1071; x_wconf 86' lang='lat' dir='ltr'>imposita</span> <span class='ocrx_word' id='word_1_105' title='bbox 1250 1024 1283 1062; x_wconf 87' lang='lat' dir='ltr'>ei</span> <span class='ocrx_word' id='word_1_106' title='bbox 1303 1036 1437 1063; x_wconf 85' lang='lat' dir='ltr'>manus</span> <span class='ocrx_word' id='word_1_107' title='bbox 1458 1036 1532 1063; x_wconf 90' lang='lat' dir='ltr'>non</span> <span class='ocrx_word' id='word_1_108' title='bbox 1554 1025 1612 1063; x_wconf 90' lang='lat' dir='ltr'>est</span> <span class='ocrx_word' id='word_1_109' title='bbox 1633 1025 1679 1063; x_wconf 89' lang='lat' dir='ltr'>ab</span> <span class='ocrx_word' id='word_1_110' title='bbox 1701 1025 1887 1074; x_wconf 87' lang='lat' dir='ltr'>episcopo,</span> 
     </span>
     <span class='ocr_line' id='line_1_13' title="bbox 380 1093 1888 1141; baseline 0 -10"><span class='ocrx_word' id='word_1_111' title='bbox 380 1095 424 1131; x_wconf 90' lang='lat' dir='ltr'>ut</span> <span class='ocrx_word' id='word_1_112' title='bbox 446 1094 621 1141; x_wconf 83' lang='lat' dir='ltr'>spiritum</span> <span class='ocrx_word' id='word_1_113' title='bbox 654 1095 826 1132; x_wconf 87' lang='lat' dir='ltr'>sanctum</span> <span class='ocrx_word' id='word_1_114' title='bbox 855 1093 1052 1141; x_wconf 87' lang='lat' dir='ltr'>acciperet.</span> <span class='ocrx_word' id='word_1_115' title='bbox 1092 1093 1191 1141; x_wconf 90' lang='lat' dir='ltr'>quod</span> <span class='ocrx_word' id='word_1_116' title='bbox 1213 1093 1246 1130; x_wconf 91' lang='lat' dir='ltr'>si</span> <span class='ocrx_word' id='word_1_117' title='bbox 1266 1093 1336 1131; x_wconf 90' lang='lat' dir='ltr'>hoc</span> <span class='ocrx_word' id='word_1_118' title='bbox 1359 1093 1528 1131; x_wconf 88' lang='lat' dir='ltr'>admittis</span> <span class='ocrx_word' id='word_1_119' title='bbox 1559 1094 1597 1131; x_wconf 90' lang='lat' dir='ltr'>et</span> <span class='ocrx_word' id='word_1_120' title='bbox 1619 1094 1784 1132; x_wconf 86' lang='lat' dir='ltr'>salutare</span> <span class='ocrx_word' id='word_1_121' title='bbox 1807 1104 1888 1132; x_wconf 90' lang='lat' dir='ltr'>esse</span> 
     </span>
     <span class='ocr_line' id='line_1_14' title="bbox 387 1161 1888 1211; baseline -0.001 -10"><span class='ocrx_word' id='word_1_122' title='bbox 387 1162 509 1201; x_wconf 88' lang='lat' dir='ltr'>credis</span> <span class='ocrx_word' id='word_1_123' title='bbox 531 1173 598 1201; x_wconf 91' lang='lat' dir='ltr'>nec</span> <span class='ocrx_word' id='word_1_124' title='bbox 622 1162 790 1211; x_wconf 88' lang='lat' dir='ltr'>opinioni</span> <span class='ocrx_word' id='word_1_125' title='bbox 807 1162 971 1200; x_wconf 88' lang='lat' dir='ltr'>omnium</span> <span class='ocrx_word' id='word_1_126' title='bbox 990 1161 1159 1200; x_wconf 88' lang='lat' dir='ltr'>fidelium</span> <span class='ocrx_word' id='word_1_127' title='bbox 1176 1161 1396 1210; x_wconf 83' lang='lat' dir='ltr'>refragaris,</span> <span class='ocrx_word' id='word_1_128' title='bbox 1418 1172 1572 1201; x_wconf 88' lang='lat' dir='ltr'>necesse</span> <span class='ocrx_word' id='word_1_129' title='bbox 1588 1163 1647 1200; x_wconf 89' lang='lat' dir='ltr'>est</span> <span class='ocrx_word' id='word_1_130' title='bbox 1663 1162 1888 1210; x_wconf 89' lang='lat' dir='ltr'>confitearis,</span> 
     </span>
     <span class='ocr_line' id='line_1_15' title="bbox 382 1230 1889 1280; baseline -0.001 -11"><span class='ocrx_word' id='word_1_131' title='bbox 382 1231 538 1280; x_wconf 89' lang='lat' dir='ltr'>proinde</span> <span class='ocrx_word' id='word_1_132' title='bbox 569 1233 694 1269; x_wconf 91' lang='lat' dir='ltr'>autem</span> <span class='ocrx_word' id='word_1_133' title='bbox 723 1232 837 1280; x_wconf 86' lang='lat' dir='ltr'>atque</span> <span class='ocrx_word' id='word_1_134' title='bbox 865 1232 936 1269; x_wconf 91' lang='lat' dir='ltr'>hoc</span> <span class='ocrx_word' id='word_1_135' title='bbox 965 1230 1082 1268; x_wconf 86' lang='lat' dir='ltr'>latius</span> <span class='ocrx_word' id='word_1_136' title='bbox 1117 1231 1285 1269; x_wconf 89' lang='lat' dir='ltr'>tractatu</span> <span class='ocrx_word' id='word_1_137' title='bbox 1315 1230 1497 1278; x_wconf 80' lang='lat' dir='ltr'>procedit,</span> <span class='ocrx_word' id='word_1_138' title='bbox 1531 1230 1646 1269; x_wconf 90' lang='lat' dir='ltr'>etiam</span> <span class='ocrx_word' id='word_1_139' title='bbox 1667 1230 1763 1269; x_wconf 91' lang='lat' dir='ltr'>illud</span> <span class='ocrx_word' id='word_1_140' title='bbox 1784 1231 1889 1269; x_wconf 88' lang='lat' dir='ltr'>aliud</span> 
     </span>
     <span class='ocr_line' id='line_1_16' title="bbox 383 1299 1934 1347; baseline -0.001 -10"><span class='ocrx_word' id='word_1_141' title='bbox 383 1300 499 1338; x_wconf 90' lang='lat' dir='ltr'>latius</span> <span class='ocrx_word' id='word_1_142' title='bbox 535 1311 646 1347; x_wconf 89' lang='lat' dir='ltr'>posse</span> <span class='ocrx_word' id='word_1_143' title='bbox 683 1300 900 1347; x_wconf 88' lang='lat' dir='ltr'>consistere,</span> <span class='ocrx_word' id='word_1_144' title='bbox 944 1299 983 1338; x_wconf 91' lang='lat' dir='ltr'>id</span> <span class='ocrx_word' id='word_1_145' title='bbox 1014 1301 1073 1337; x_wconf 89' lang='lat' dir='ltr'>est</span> <span class='ocrx_word' id='word_1_146' title='bbox 1109 1301 1152 1337; x_wconf 91' lang='lat' dir='ltr'>ut</span> <span class='ocrx_word' id='word_1_147' title='bbox 1181 1310 1248 1347; x_wconf 88' lang='lat' dir='ltr'>per</span> <span class='ocrx_word' id='word_1_148' title='bbox 1284 1299 1404 1338; x_wconf 85' lang='lat' dir='ltr'>solam</span> <span class='ocrx_word' id='word_1_149' title='bbox 1439 1311 1572 1338; x_wconf 91' lang='lat' dir='ltr'>manus</span> <span class='ocrx_word' id='word_1_150' title='bbox 1607 1299 1886 1347; x_wconf 89' lang='lat' dir='ltr'>impositionem</span> <span class='ocrx_word' id='word_1_151' title='bbox 1903 1313 1934 1337; x_wconf 84' lang='lat'>15</span> 
     </span>
     <span class='ocr_line' id='line_1_17' title="bbox 381 1368 1887 1418; baseline 0 -11"><span class='ocrx_word' id='word_1_152' title='bbox 381 1369 561 1418; x_wconf 86' lang='lat' dir='ltr'>episcopi,</span> <span class='ocrx_word' id='word_1_153' title='bbox 595 1369 684 1417; x_wconf 86' lang='lat' dir='ltr'>quia</span> <span class='ocrx_word' id='word_1_154' title='bbox 714 1369 903 1417; x_wconf 88' lang='lat' dir='ltr'>baptisma</span> <span class='ocrx_word' id='word_1_155' title='bbox 931 1369 970 1406; x_wconf 93' lang='lat' dir='ltr'>in</span> <span class='ocrx_word' id='word_1_156' title='bbox 1000 1368 1148 1406; x_wconf 90' lang='lat' dir='ltr'>nomine</span> <span class='ocrx_word' id='word_1_157' title='bbox 1178 1369 1265 1407; x_wconf 88' lang='lat' dir='ltr'>Iesu</span> <span class='ocrx_word' id='word_1_158' title='bbox 1296 1368 1438 1406; x_wconf 86' lang='lat' dir='ltr'>Christi</span> <span class='ocrx_word' id='word_1_159' title='bbox 1468 1368 1618 1406; x_wconf 88' lang='lat' dir='ltr'>Domini</span> <span class='ocrx_word' id='word_1_160' title='bbox 1638 1368 1758 1406; x_wconf 89' lang='lat' dir='ltr'>nostri</span> <span class='ocrx_word' id='word_1_161' title='bbox 1779 1379 1887 1416; x_wconf 89' lang='lat' dir='ltr'>prae-</span> 
     </span>
     <span class='ocr_line' id='line_1_18' title="bbox 381 1437 1888 1487; baseline -0.001 -11"><span class='ocrx_word' id='word_1_162' title='bbox 381 1438 507 1484; x_wconf 85' lang='lat' dir='ltr'>cessit,</span> <span class='ocrx_word' id='word_1_163' title='bbox 545 1438 666 1486; x_wconf 90' lang='lat' dir='ltr'>possit</span> <span class='ocrx_word' id='word_1_164' title='bbox 701 1438 775 1476; x_wconf 82' lang='lat' dir='ltr'>alio</span> <span class='ocrx_word' id='word_1_165' title='bbox 811 1438 955 1476; x_wconf 91' lang='lat' dir='ltr'>homini</span> <span class='ocrx_word' id='word_1_166' title='bbox 988 1437 1197 1487; x_wconf 88' lang='lat' dir='ltr'>paenitenti</span> <span class='ocrx_word' id='word_1_167' title='bbox 1233 1439 1346 1485; x_wconf 87' lang='lat' dir='ltr'>atque</span> <span class='ocrx_word' id='word_1_168' title='bbox 1380 1437 1547 1475; x_wconf 86' lang='lat' dir='ltr'>credenti</span> <span class='ocrx_word' id='word_1_169' title='bbox 1583 1437 1697 1475; x_wconf 87' lang='lat' dir='ltr'>etiam</span> <span class='ocrx_word' id='word_1_170' title='bbox 1731 1437 1888 1485; x_wconf 88' lang='lat' dir='ltr'>spiritus</span> 
     </span>
     <span class='ocr_line' id='line_1_19' title="bbox 382 1506 1889 1555; baseline -0.001 -10"><span class='ocrx_word' id='word_1_171' title='bbox 382 1509 535 1545; x_wconf 86' lang='lat' dir='ltr'>sanctus</span> <span class='ocrx_word' id='word_1_172' title='bbox 558 1506 689 1553; x_wconf 88' lang='lat' dir='ltr'>tribui,</span> <span class='ocrx_word' id='word_1_173' title='bbox 713 1507 890 1554; x_wconf 83' lang='lat' dir='ltr'>quoniam</span> <span class='ocrx_word' id='word_1_174' title='bbox 911 1518 974 1545; x_wconf 89' lang='lat' dir='ltr'>eos</span> <span class='ocrx_word' id='word_1_175' title='bbox 996 1507 1061 1555; x_wconf 89' lang='lat' dir='ltr'>qui</span> <span class='ocrx_word' id='word_1_176' title='bbox 1082 1507 1122 1544; x_wconf 89' lang='lat' dir='ltr'>in</span> <span class='ocrx_word' id='word_1_177' title='bbox 1144 1506 1337 1544; x_wconf 86' lang='lat' dir='ltr'>Christum</span> <span class='ocrx_word' id='word_1_178' title='bbox 1359 1506 1539 1544; x_wconf 88' lang='lat' dir='ltr'>credituri</span> <span class='ocrx_word' id='word_1_179' title='bbox 1556 1507 1682 1544; x_wconf 89' lang='lat' dir='ltr'>essent</span> <span class='ocrx_word' id='word_1_180' title='bbox 1699 1506 1889 1554; x_wconf 88' lang='lat' dir='ltr'>scriptura</span> 
     </span>
     <span class='ocr_line' id='line_1_20' title="bbox 387 1574 1887 1624; baseline 0.001 -12"><span class='ocrx_word' id='word_1_181' title='bbox 387 1576 518 1613; x_wconf 86' lang='lat' dir='ltr'>sancta</span> <span class='ocrx_word' id='word_1_182' title='bbox 538 1575 729 1623; x_wconf 83' lang='lat' dir='ltr'>praedixit</span> <span class='ocrx_word' id='word_1_183' title='bbox 749 1579 922 1624; x_wconf 88' lang='lat' dir='ltr'>oportere</span> <span class='ocrx_word' id='word_1_184' title='bbox 942 1576 982 1613; x_wconf 90' lang='lat' dir='ltr'>in</span> <span class='ocrx_word' id='word_1_185' title='bbox 1006 1576 1142 1624; x_wconf 88' lang='lat' dir='ltr'>spiritu</span> <span class='ocrx_word' id='word_1_186' title='bbox 1162 1574 1361 1622; x_wconf 82' lang='lat' dir='ltr'>baptizari,</span> <span class='ocrx_word' id='word_1_187' title='bbox 1384 1575 1440 1613; x_wconf 87' lang='lat' dir='ltr'>ita</span> <span class='ocrx_word' id='word_1_188' title='bbox 1461 1576 1504 1613; x_wconf 87' lang='lat' dir='ltr'>ut</span> <span class='ocrx_word' id='word_1_189' title='bbox 1526 1576 1563 1613; x_wconf 90' lang='lat' dir='ltr'>et</span> <span class='ocrx_word' id='word_1_190' title='bbox 1583 1575 1625 1612; x_wconf 92' lang='lat' dir='ltr'>hi</span> <span class='ocrx_word' id='word_1_191' title='bbox 1646 1586 1792 1622; x_wconf 88' lang='lat' dir='ltr'>quoque</span> <span class='ocrx_word' id='word_1_192' title='bbox 1813 1586 1887 1613; x_wconf 91' lang='lat' dir='ltr'>non</span> 
     </span>
     <span class='ocr_line' id='line_1_21' title="bbox 381 1642 1934 1692; baseline -0.001 -11"><span class='ocrx_word' id='word_1_193' title='bbox 381 1642 584 1682; x_wconf 88' lang='lat' dir='ltr'>uideantur</span> <span class='ocrx_word' id='word_1_194' title='bbox 604 1644 729 1682; x_wconf 88' lang='lat' dir='ltr'>minus</span> <span class='ocrx_word' id='word_1_195' title='bbox 751 1645 897 1692; x_wconf 88' lang='lat' dir='ltr'>aliquid</span> <span class='ocrx_word' id='word_1_196' title='bbox 918 1645 1058 1683; x_wconf 88' lang='lat' dir='ltr'>habere</span> <span class='ocrx_word' id='word_1_197' title='bbox 1080 1656 1192 1692; x_wconf 88' lang='lat' dir='ltr'>quam</span> <span class='ocrx_word' id='word_1_198' title='bbox 1214 1644 1273 1682; x_wconf 87' lang='lat' dir='ltr'>illi</span> <span class='ocrx_word' id='word_1_199' title='bbox 1295 1644 1358 1692; x_wconf 89' lang='lat' dir='ltr'>qui</span> <span class='ocrx_word' id='word_1_200' title='bbox 1379 1644 1539 1692; x_wconf 85' lang='lat' dir='ltr'>perfecti</span> <span class='ocrx_word' id='word_1_201' title='bbox 1561 1645 1650 1682; x_wconf 92' lang='lat' dir='ltr'>sunt</span> <span class='ocrx_word' id='word_1_202' title='bbox 1670 1643 1882 1690; x_wconf 82' lang='lat' dir='ltr'>christiani,</span> <span class='ocrx_word' id='word_1_203' title='bbox 1900 1655 1934 1680; x_wconf 76' lang='lat'>20</span> 
     </span>
     <span class='ocr_line' id='line_1_22' title="bbox 381 1712 1887 1762; baseline 0.001 -12"><span class='ocrx_word' id='word_1_204' title='bbox 381 1723 450 1751; x_wconf 87' lang='lat' dir='ltr'>nec</span> <span class='ocrx_word' id='word_1_205' title='bbox 482 1723 638 1751; x_wconf 88' lang='lat' dir='ltr'>necesse</span> <span class='ocrx_word' id='word_1_206' title='bbox 668 1714 718 1751; x_wconf 89' lang='lat' dir='ltr'>sit</span> <span class='ocrx_word' id='word_1_207' title='bbox 748 1714 878 1762; x_wconf 85' lang='lat' dir='ltr'>quaeri</span> <span class='ocrx_word' id='word_1_208' title='bbox 907 1714 1019 1762; x_wconf 90' lang='lat' dir='ltr'>quale</span> <span class='ocrx_word' id='word_1_209' title='bbox 1051 1714 1147 1751; x_wconf 90' lang='lat' dir='ltr'>illud</span> <span class='ocrx_word' id='word_1_210' title='bbox 1174 1713 1361 1762; x_wconf 85' lang='lat' dir='ltr'>baptisma</span> <span class='ocrx_word' id='word_1_211' title='bbox 1393 1712 1510 1751; x_wconf 88' lang='lat' dir='ltr'>fuerit</span> <span class='ocrx_word' id='word_1_212' title='bbox 1537 1712 1637 1761; x_wconf 89' lang='lat' dir='ltr'>quod</span> <span class='ocrx_word' id='word_1_213' title='bbox 1666 1712 1706 1750; x_wconf 93' lang='lat' dir='ltr'>in</span> <span class='ocrx_word' id='word_1_214' title='bbox 1738 1713 1887 1751; x_wconf 90' lang='lat' dir='ltr'>nomine</span> 
     </span>
     <span class='ocr_line' id='line_1_23' title="bbox 380 1781 1886 1830; baseline 0.001 -12"><span class='ocrx_word' id='word_1_215' title='bbox 380 1781 469 1820; x_wconf 88' lang='lat' dir='ltr'>Iesu</span> <span class='ocrx_word' id='word_1_216' title='bbox 491 1781 631 1820; x_wconf 84' lang='lat' dir='ltr'>Christi</span> <span class='ocrx_word' id='word_1_217' title='bbox 661 1784 750 1820; x_wconf 91' lang='lat' dir='ltr'>sunt</span> <span class='ocrx_word' id='word_1_218' title='bbox 785 1782 989 1821; x_wconf 89' lang='lat' dir='ltr'>consecuti.</span> <span class='ocrx_word' id='word_1_219' title='bbox 1023 1782 1097 1820; x_wconf 91' lang='lat' dir='ltr'>nisi</span> <span class='ocrx_word' id='word_1_220' title='bbox 1119 1782 1217 1821; x_wconf 87' lang='lat' dir='ltr'>forte</span> <span class='ocrx_word' id='word_1_221' title='bbox 1239 1782 1278 1819; x_wconf 91' lang='lat' dir='ltr'>in</span> <span class='ocrx_word' id='word_1_222' title='bbox 1298 1782 1366 1820; x_wconf 93' lang='lat' dir='ltr'>illo</span> <span class='ocrx_word' id='word_1_223' title='bbox 1401 1793 1549 1830; x_wconf 90' lang='lat' dir='ltr'>quoque</span> <span class='ocrx_word' id='word_1_224' title='bbox 1571 1781 1763 1829; x_wconf 87' lang='lat' dir='ltr'>superiore</span> <span class='ocrx_word' id='word_1_225' title='bbox 1785 1783 1886 1819; x_wconf 87' lang='lat' dir='ltr'>trac-</span> 
     </span>
     <span class='ocr_line' id='line_1_24' title="bbox 379 1849 1887 1899; baseline -0.001 -11"><span class='ocrx_word' id='word_1_226' title='bbox 379 1852 464 1888; x_wconf 89' lang='lat' dir='ltr'>tatu</span> <span class='ocrx_word' id='word_1_227' title='bbox 499 1851 598 1890; x_wconf 85' lang='lat' dir='ltr'>circa</span> <span class='ocrx_word' id='word_1_228' title='bbox 629 1862 692 1889; x_wconf 88' lang='lat' dir='ltr'>eos</span> <span class='ocrx_word' id='word_1_229' title='bbox 721 1852 786 1899; x_wconf 89' lang='lat' dir='ltr'>qui</span> <span class='ocrx_word' id='word_1_230' title='bbox 822 1853 971 1890; x_wconf 89' lang='lat' dir='ltr'>tantum</span> <span class='ocrx_word' id='word_1_231' title='bbox 1006 1852 1114 1890; x_wconf 89' lang='lat' dir='ltr'>modo</span> <span class='ocrx_word' id='word_1_232' title='bbox 1154 1852 1194 1889; x_wconf 89' lang='lat' dir='ltr'>in</span> <span class='ocrx_word' id='word_1_233' title='bbox 1225 1851 1377 1890; x_wconf 89' lang='lat' dir='ltr'>nomine</span> <span class='ocrx_word' id='word_1_234' title='bbox 1407 1850 1550 1888; x_wconf 89' lang='lat' dir='ltr'>Christi</span> <span class='ocrx_word' id='word_1_235' title='bbox 1581 1851 1669 1888; x_wconf 90' lang='lat' dir='ltr'>Iesu</span> <span class='ocrx_word' id='word_1_236' title='bbox 1704 1849 1887 1898; x_wconf 88' lang='lat' dir='ltr'>baptizati</span> 
     </span>
     <span class='ocr_line' id='line_1_25' title="bbox 380 1918 1887 1969; baseline -0.001 -12"><span class='ocrx_word' id='word_1_237' title='bbox 380 1918 524 1957; x_wconf 86' lang='lat' dir='ltr'>fuerint</span> <span class='ocrx_word' id='word_1_238' title='bbox 556 1922 704 1959; x_wconf 86' lang='lat' dir='ltr'>statuas</span> <span class='ocrx_word' id='word_1_239' title='bbox 733 1921 847 1958; x_wconf 87' lang='lat' dir='ltr'>etiam</span> <span class='ocrx_word' id='word_1_240' title='bbox 870 1921 950 1959; x_wconf 90' lang='lat' dir='ltr'>sine</span> <span class='ocrx_word' id='word_1_241' title='bbox 971 1920 1109 1969; x_wconf 90' lang='lat' dir='ltr'>spiritu</span> <span class='ocrx_word' id='word_1_242' title='bbox 1130 1922 1261 1958; x_wconf 83' lang='lat' dir='ltr'>sancto</span> <span class='ocrx_word' id='word_1_243' title='bbox 1282 1931 1392 1967; x_wconf 87' lang='lat' dir='ltr'>posse</span> <span class='ocrx_word' id='word_1_244' title='bbox 1415 1920 1542 1958; x_wconf 86' lang='lat' dir='ltr'>saluos</span> <span class='ocrx_word' id='word_1_245' title='bbox 1563 1919 1657 1966; x_wconf 91' lang='lat' dir='ltr'>fieri,</span> <span class='ocrx_word' id='word_1_246' title='bbox 1680 1922 1704 1967; x_wconf 90' lang='lat'>†</span> <span class='ocrx_word' id='word_1_247' title='bbox 1725 1921 1790 1957; x_wconf 90' lang='lat' dir='ltr'>aut</span> <span class='ocrx_word' id='word_1_248' title='bbox 1813 1931 1887 1958; x_wconf 92' lang='lat' dir='ltr'>non</span> 
     </span>
     <span class='ocr_line' id='line_1_26' title="bbox 379 1988 1934 2038; baseline 0.001 -13"><span class='ocrx_word' id='word_1_249' title='bbox 379 1988 451 2025; x_wconf 86' lang='lat' dir='ltr'>hac</span> <span class='ocrx_word' id='word_1_250' title='bbox 488 1989 568 2026; x_wconf 87' lang='lat' dir='ltr'>sola</span> <span class='ocrx_word' id='word_1_251' title='bbox 602 1989 761 2037; x_wconf 89' lang='lat' dir='ltr'>ratione,</span> <span class='ocrx_word' id='word_1_252' title='bbox 799 1990 865 2028; x_wconf 86' lang='lat' dir='ltr'>sed</span> <span class='ocrx_word' id='word_1_253' title='bbox 897 1990 929 2027; x_wconf 88' lang='lat' dir='ltr'>si</span> <span class='ocrx_word' id='word_1_254' title='bbox 958 2001 1025 2038; x_wconf 89' lang='lat' dir='ltr'>per</span> <span class='ocrx_word' id='word_1_255' title='bbox 1054 2001 1186 2027; x_wconf 88' lang='lat' dir='ltr'>manus</span> <span class='ocrx_word' id='word_1_256' title='bbox 1220 1989 1502 2037; x_wconf 89' lang='lat' dir='ltr'>impositionem</span> <span class='ocrx_word' id='word_1_257' title='bbox 1524 1988 1689 2037; x_wconf 85' lang='lat' dir='ltr'>episcopi</span> <span class='ocrx_word' id='word_1_258' title='bbox 1711 1988 1886 2036; x_wconf 89' lang='lat' dir='ltr'>spiritum</span> <span class='ocrx_word' id='word_1_259' title='bbox 1901 2001 1934 2026; x_wconf 76' lang='lat'>25</span> 
     </span>
     <span class='ocr_line' id='line_1_27' title="bbox 382 2057 1888 2107; baseline 0.001 -13"><span class='ocrx_word' id='word_1_260' title='bbox 382 2058 556 2095; x_wconf 88' lang='lat' dir='ltr'>sanctum</span> <span class='ocrx_word' id='word_1_261' title='bbox 578 2069 780 2097; x_wconf 86' lang='lat' dir='ltr'>consuesse</span> <span class='ocrx_word' id='word_1_262' title='bbox 810 2059 998 2107; x_wconf 87' lang='lat' dir='ltr'>praestari</span> <span class='ocrx_word' id='word_1_263' title='bbox 1029 2060 1095 2096; x_wconf 88' lang='lat' dir='ltr'>aut</span> <span class='ocrx_word' id='word_1_264' title='bbox 1116 2058 1231 2096; x_wconf 88' lang='lat' dir='ltr'>etiam</span> <span class='ocrx_word' id='word_1_265' title='bbox 1253 2069 1327 2096; x_wconf 93' lang='lat' dir='ltr'>non</span> <span class='ocrx_word' id='word_1_266' title='bbox 1351 2058 1566 2105; x_wconf 88' lang='lat' dir='ltr'>episcopum</span> <span class='ocrx_word' id='word_1_267' title='bbox 1587 2057 1691 2096; x_wconf 83' lang='lat' dir='ltr'>dicas</span> <span class='ocrx_word' id='word_1_268' title='bbox 1713 2057 1888 2105; x_wconf 89' lang='lat' dir='ltr'>spiritum</span> 
     </span>
     <span class='ocr_line' id='line_1_28' title="bbox 380 2127 998 2175; baseline 0.005 -13"><span class='ocrx_word' id='word_1_269' title='bbox 380 2127 551 2164; x_wconf 87' lang='lat' dir='ltr'>sanctum</span> <span class='ocrx_word' id='word_1_270' title='bbox 574 2127 727 2165; x_wconf 89' lang='lat' dir='ltr'>solitum</span> <span class='ocrx_word' id='word_1_271' title='bbox 748 2138 830 2165; x_wconf 89' lang='lat' dir='ltr'>esse</span> <span class='ocrx_word' id='word_1_272' title='bbox 851 2127 998 2175; x_wconf 88' lang='lat' dir='ltr'>largiri.</span> 
     </span>
    </p>

    <p class='ocr_par' dir='ltr' id='par_1_3' title="bbox 340 2195 1934 2452">
     <span class='ocr_line' id='line_1_29' title="bbox 340 2195 1887 2245; baseline -0.002 -8"><span class='ocrx_word' id='word_1_273' title='bbox 340 2198 364 2237; x_wconf 89' lang='lat'>5</span> <span class='ocrx_word' id='word_1_274' title='bbox 438 2195 544 2240; x_wconf 81' lang='lat' dir='ltr'>Quod</span> <span class='ocrx_word' id='word_1_275' title='bbox 575 2195 607 2234; x_wconf 86' lang='lat' dir='ltr'>si</span> <span class='ocrx_word' id='word_1_276' title='bbox 636 2196 691 2234; x_wconf 90' lang='lat' dir='ltr'>ita</span> <span class='ocrx_word' id='word_1_277' title='bbox 721 2198 779 2235; x_wconf 87' lang='lat' dir='ltr'>est</span> <span class='ocrx_word' id='word_1_278' title='bbox 800 2198 838 2236; x_wconf 91' lang='lat' dir='ltr'>et</span> <span class='ocrx_word' id='word_1_279' title='bbox 866 2199 992 2245; x_wconf 87' lang='lat' dir='ltr'>potest</span> <span class='ocrx_word' id='word_1_280' title='bbox 1027 2197 1171 2245; x_wconf 83' lang='lat' dir='ltr'>aliquid</span> <span class='ocrx_word' id='word_1_281' title='bbox 1204 2198 1335 2235; x_wconf 88' lang='lat' dir='ltr'>horum</span> <span class='ocrx_word' id='word_1_282' title='bbox 1367 2197 1544 2236; x_wconf 89' lang='lat' dir='ltr'>eueniens</span> <span class='ocrx_word' id='word_1_283' title='bbox 1566 2197 1726 2236; x_wconf 88' lang='lat' dir='ltr'>salutem</span> <span class='ocrx_word' id='word_1_284' title='bbox 1746 2197 1887 2236; x_wconf 90' lang='lat' dir='ltr'>homini</span> 
     </span>
     <span class='ocr_line' id='line_1_30' title="bbox 380 2263 1884 2314; baseline 0.001 -13"><span class='ocrx_word' id='word_1_285' title='bbox 380 2263 549 2302; x_wconf 89' lang='lat' dir='ltr'>credenti</span> <span class='ocrx_word' id='word_1_286' title='bbox 571 2276 646 2302; x_wconf 92' lang='lat' dir='ltr'>non</span> <span class='ocrx_word' id='word_1_287' title='bbox 666 2265 893 2314; x_wconf 83' lang='lat' dir='ltr'>praeripere,</span> <span class='ocrx_word' id='word_1_288' title='bbox 916 2268 959 2304; x_wconf 92' lang='lat' dir='ltr'>tu</span> <span class='ocrx_word' id='word_1_289' title='bbox 980 2278 1128 2314; x_wconf 89' lang='lat' dir='ltr'>quoque</span> <span class='ocrx_word' id='word_1_290' title='bbox 1149 2266 1230 2314; x_wconf 87' lang='lat' dir='ltr'>ipse</span> <span class='ocrx_word' id='word_1_291' title='bbox 1251 2266 1386 2304; x_wconf 87' lang='lat' dir='ltr'>annuis</span> <span class='ocrx_word' id='word_1_292' title='bbox 1409 2266 1584 2314; x_wconf 88' lang='lat' dir='ltr'>quoniam</span> <span class='ocrx_word' id='word_1_293' title='bbox 1604 2267 1711 2305; x_wconf 91' lang='lat' dir='ltr'>modo</span> <span class='ocrx_word' id='word_1_294' title='bbox 1735 2266 1884 2304; x_wconf 87' lang='lat' dir='ltr'>dimidi-</span> 
     </span>
     <span class='ocr_line' id='line_1_31' title="bbox 379 2333 1934 2384; baseline 0.002 -15"><span class='ocrx_word' id='word_1_295' title='bbox 379 2333 483 2370; x_wconf 85' lang='lat' dir='ltr'>atum</span> <span class='ocrx_word' id='word_1_296' title='bbox 518 2335 556 2371; x_wconf 90' lang='lat' dir='ltr'>et</span> <span class='ocrx_word' id='word_1_297' title='bbox 594 2344 668 2371; x_wconf 90' lang='lat' dir='ltr'>non</span> <span class='ocrx_word' id='word_1_298' title='bbox 703 2335 746 2371; x_wconf 91' lang='lat' dir='ltr'>ut</span> <span class='ocrx_word' id='word_1_299' title='bbox 782 2334 975 2373; x_wconf 89' lang='lat' dir='ltr'>contendis</span> <span class='ocrx_word' id='word_1_300' title='bbox 1013 2336 1310 2373; x_wconf 86' lang='lat' dir='ltr'>consummatum</span> <span class='ocrx_word' id='word_1_301' title='bbox 1346 2335 1569 2384; x_wconf 70' lang='lat' dir='ltr'>mysterium</span> <span class='ocrx_word' id='word_1_302' title='bbox 1602 2335 1702 2382; x_wconf 87' lang='lat' dir='ltr'>fidei,</span> <span class='ocrx_word' id='word_1_303' title='bbox 1739 2334 1776 2372; x_wconf 81' lang='lat' dir='ltr'>si</span> <span class='ocrx_word' id='word_1_304' title='bbox 1811 2346 1884 2383; x_wconf 89' lang='lat' dir='ltr'>qua</span> <span class='ocrx_word' id='word_1_305' title='bbox 1899 2348 1934 2372; x_wconf 84' lang='lat'>30</span> 
     </span>
     <span class='ocr_line' id='line_1_32' title="bbox 382 2401 1884 2452; baseline 0.002 -14"><span class='ocrx_word' id='word_1_306' title='bbox 382 2401 592 2440; x_wconf 87' lang='lat' dir='ltr'>necessitas</span> <span class='ocrx_word' id='word_1_307' title='bbox 621 2402 841 2450; x_wconf 90' lang='lat' dir='ltr'>interuenit,</span> <span class='ocrx_word' id='word_1_308' title='bbox 872 2404 1033 2442; x_wconf 89' lang='lat' dir='ltr'>salutem</span> <span class='ocrx_word' id='word_1_309' title='bbox 1067 2403 1231 2442; x_wconf 85' lang='lat' dir='ltr'>adimere</span> <span class='ocrx_word' id='word_1_310' title='bbox 1261 2415 1334 2442; x_wconf 90' lang='lat' dir='ltr'>non</span> <span class='ocrx_word' id='word_1_311' title='bbox 1367 2415 1477 2452; x_wconf 89' lang='lat' dir='ltr'>posse</span> <span class='ocrx_word' id='word_1_312' title='bbox 1507 2403 1674 2442; x_wconf 87' lang='lat' dir='ltr'>credenti</span> <span class='ocrx_word' id='word_1_313' title='bbox 1695 2405 1733 2442; x_wconf 87' lang='lat' dir='ltr'>et</span> <span class='ocrx_word' id='word_1_314' title='bbox 1753 2404 1884 2451; x_wconf 86' lang='lat' dir='ltr'>paeni-</span> 
     </span>
    </p>
   </div>
   <div class='ocr_carea' id='block_1_3' title="bbox 377 2615 1885 2892">
    <p class='ocr_par' dir='ltr' id='par_1_4' title="bbox 377 2615 1885 2892">
     <span class='ocr_line' id='line_1_33' title="bbox 474 2615 1838 2663; baseline 0.004 -16"><span class='ocrx_word' id='word_1_315' title='bbox 474 2615 492 2647; x_wconf 89' lang='lat'>1</span> <span class='ocrx_word' id='word_1_316' title='bbox 513 2615 679 2658; x_wconf 87' lang='lat' dir='ltr'>quoniam</span> <span class='ocrx_word' id='word_1_317' title='bbox 697 2617 753 2650; x_wconf 86' lang='lat' dir='ltr'>uel</span> <span class='ocrx_word' id='word_1_318' title='bbox 770 2617 911 2661; x_wconf 77' lang='lat' dir='ltr'>scripsi,</span> <span class='ocrx_word' id='word_1_319' title='bbox 929 2617 988 2651; x_wconf 87' lang='lat' dir='ltr'>uel</span> <span class='ocrx_word' id='word_1_320' title='bbox 1006 2617 1171 2661; x_wconf 83' lang='lat' dir='ltr'>quoniam</span> <span class='ocrx_word' id='word_1_321' title='bbox 1188 2618 1276 2659; x_wconf 62' lang='lat' dir='ltr'>cod„</span> <span class='ocrx_word' id='word_1_322' title='bbox 1294 2618 1462 2662; x_wconf 83' lang='lat' dir='ltr'>quoniam</span> <span class='ocrx_word' id='word_1_323' title='bbox 1480 2617 1564 2663; x_wconf 67' lang='lat' dir='ltr'><strong><em>Riq.</em></strong></span> <span class='ocrx_word' id='word_1_324' title='bbox 1628 2618 1741 2662; x_wconf 85' lang='lat' dir='ltr'>aliqui</span> <span class='ocrx_word' id='word_1_325' title='bbox 1758 2617 1838 2663; x_wconf 73' lang='lat' dir='ltr'>Riy.</span> 
     </span>
     <span class='ocr_line' id='line_1_34' title="bbox 379 2672 1885 2720; baseline 0.003 -16"><span class='ocrx_word' id='word_1_326' title='bbox 379 2672 422 2705; x_wconf 91' lang='lat'>11</span> <span class='ocrx_word' id='word_1_327' title='bbox 457 2682 671 2716; x_wconf 87' lang='lat' dir='ltr'>quamquam</span> <span class='ocrx_word' id='word_1_328' title='bbox 703 2675 795 2708; x_wconf 76' lang='lat' dir='ltr'>coni.</span> <span class='ocrx_word' id='word_1_329' title='bbox 830 2674 949 2709; x_wconf 75' lang='lat' dir='ltr'>nescio</span> <span class='ocrx_word' id='word_1_330' title='bbox 982 2674 1074 2718; x_wconf 76' lang='lat' dir='ltr'>quis,</span> <span class='ocrx_word' id='word_1_331' title='bbox 1107 2675 1272 2718; x_wconf 80' lang='lat' dir='ltr'>quoniam</span> <span class='ocrx_word' id='word_1_332' title='bbox 1304 2675 1379 2710; x_wconf 78' lang='lat' dir='ltr'>cod.</span> <span class='ocrx_word' id='word_1_333' title='bbox 1405 2678 1437 2710; x_wconf 80' lang='lat' dir='ltr'>et</span> <span class='ocrx_word' id='word_1_334' title='bbox 1462 2685 1482 2709; x_wconf 84' lang='lat' dir='ltr'><em>v</em></span> <span class='ocrx_word' id='word_1_335' title='bbox 1667 2675 1709 2709; x_wconf 81' lang='lat'>21</span> <span class='ocrx_word' id='word_1_336' title='bbox 1742 2676 1816 2720; x_wconf 91' lang='lat' dir='ltr'>nec]</span> <span class='ocrx_word' id='word_1_337' title='bbox 1842 2686 1885 2709; x_wconf 85' lang='lat' dir='ltr'>ne</span> 
     </span>
     <span class='ocr_line' id='line_1_35' title="bbox 377 2728 1884 2777; baseline 0.003 -14"><span class='ocrx_word' id='word_1_338' title='bbox 377 2728 458 2774; x_wconf 68' lang='lat' dir='ltr'>Riy.</span> <span class='ocrx_word' id='word_1_339' title='bbox 626 2730 668 2763; x_wconf 76' lang='lat'>27</span> <span class='ocrx_word' id='word_1_340' title='bbox 695 2731 808 2764; x_wconf 91' lang='lat' dir='ltr'>solum</span> <span class='ocrx_word' id='word_1_341' title='bbox 834 2731 913 2777; x_wconf 56' lang='lat'><em>1359.</em></span> <span class='ocrx_word' id='word_1_342' title='bbox 1081 2731 1126 2765; x_wconf 77' lang='lat'>29</span> <span class='ocrx_word' id='word_1_343' title='bbox 1152 2732 1318 2776; x_wconf 86' lang='lat' dir='ltr'>quoniam</span> <span class='ocrx_word' id='word_1_344' title='bbox 1342 2732 1458 2777; x_wconf 89' lang='lat' dir='ltr'>modo]</span> <span class='ocrx_word' id='word_1_345' title='bbox 1485 2742 1639 2776; x_wconf 86' lang='lat' dir='ltr'>quonam</span> <span class='ocrx_word' id='word_1_346' title='bbox 1663 2732 1767 2767; x_wconf 89' lang='lat' dir='ltr'>modo</span> <span class='ocrx_word' id='word_1_347' title='bbox 1792 2733 1884 2767; x_wconf 76' lang='lat' dir='ltr'>coni.</span> 
     </span>
     <span class='ocr_line' id='line_1_36' title="bbox 384 2784 1882 2828; baseline 0.002 -9"><span class='ocrx_word' id='word_1_348' title='bbox 384 2784 625 2828; x_wconf 71' lang='lat' dir='ltr'>Gallcmdius;</span> <span class='ocrx_word' id='word_1_349' title='bbox 664 2798 733 2821; x_wconf 89' lang='lat' dir='ltr'>non</span> <span class='ocrx_word' id='word_1_350' title='bbox 758 2788 859 2822; x_wconf 87' lang='lat' dir='ltr'>modo</span> <span class='ocrx_word' id='word_1_351' title='bbox 891 2788 1118 2823; x_wconf 88' lang='lat' dir='ltr'>dimidiatum</span> <span class='ocrx_word' id='word_1_352' title='bbox 1144 2791 1184 2823; x_wconf 88' lang='lat' dir='ltr'>ut</span> <span class='ocrx_word' id='word_1_353' title='bbox 1209 2789 1390 2824; x_wconf 84' lang='lat' dir='ltr'>contendis</span> <span class='ocrx_word' id='word_1_354' title='bbox 1416 2789 1476 2823; x_wconf 88' lang='lat' dir='ltr'>sed</span> <span class='ocrx_word' id='word_1_355' title='bbox 1502 2791 1766 2823; x_wconf 90' lang='lat' dir='ltr'>consummatur</span> <span class='ocrx_word' id='word_1_356' title='bbox 1790 2790 1882 2824; x_wconf 59' lang='lat' dir='ltr'>comt</span> 
     </span>
     <span class='ocr_line' id='line_1_37' title="bbox 377 2843 1885 2892; baseline 0.003 -16"><span class='ocrx_word' id='word_1_357' title='bbox 377 2843 496 2878; x_wconf 70' lang='lat' dir='ltr'>nescio</span> <span class='ocrx_word' id='word_1_358' title='bbox 514 2843 603 2887; x_wconf 76' lang='lat' dir='ltr'>quis,</span> <span class='ocrx_word' id='word_1_359' title='bbox 623 2843 684 2878; x_wconf 81' lang='lat' dir='ltr'>secl</span> <span class='ocrx_word' id='word_1_360' title='bbox 704 2845 794 2879; x_wconf 66' lang='lat' dir='ltr'>nihil</span> <span class='ocrx_word' id='word_1_361' title='bbox 812 2845 1048 2890; x_wconf 73' lang='lat' dir='ltr'>mutmzdum;</span> <span class='ocrx_word' id='word_1_362' title='bbox 1066 2846 1110 2888; x_wconf 84' lang='lat' dir='ltr'>cf.</span> <span class='ocrx_word' id='word_1_363' title='bbox 1133 2848 1239 2892; x_wconf 69' lang='lat' dir='ltr'>C&#39;ypr.</span> <span class='ocrx_word' id='word_1_364' title='bbox 1256 2848 1355 2891; x_wconf 75' lang='lat' dir='ltr'>epist.</span> <span class='ocrx_word' id='word_1_365' title='bbox 1370 2858 1407 2891; x_wconf 76' lang='lat' dir='ltr'>p.</span> <span class='ocrx_word' id='word_1_366' title='bbox 1423 2849 1500 2888; x_wconf 75' lang='lat'>536,</span> <span class='ocrx_word' id='word_1_367' title='bbox 1514 2850 1559 2882; x_wconf 75' lang='lat'>12</span> <span class='ocrx_word' id='word_1_368' title='bbox 1651 2847 1697 2881; x_wconf 88' lang='lat'>30</span> <span class='ocrx_word' id='word_1_369' title='bbox 1714 2847 1742 2881; x_wconf 90' lang='lat' dir='ltr'>si</span> <span class='ocrx_word' id='word_1_370' title='bbox 1756 2847 1885 2882; x_wconf 71' lang='lat' dir='ltr'>addidi</span> 
     </span>
    </p>
   </div>
  </div>
 </body>
</html>
