2032 3248
592 242 825 276 uerborum
851 244 892 276 et
917 243 1192 278 locutionum

151 358 229 400 post
269 356 425 389 hominis
468 355 683 389 functionem
725 356 782 391 97.
808 355 852 389 23

150 415 231 457 post
256 412 433 445 hominem
458 413 612 456 positum
637 413 691 453 93,
712 413 749 445 11
790 412 852 445 ho-

148 584 358 627 coniugatae
375 583 427 624 71,
442 583 462 615 6
488 582 617 616 animis
631 582 851 617 hominibus-

147 651 212 684 que
241 641 294 681 37,
311 640 356 672 20

102 697 370 731 honestamenta
394 697 568 730 natalium
594 698 647 739 86,
669 698 708 730 12

103 754 286 788 honestate
306 764 339 787 se
365 765 594 788 mammarum
618 754 756 798 priuare
776 754 850 795 186,

150 812 190 844 12
208 811 346 854 pudoris
361 811 504 853 spoliari
519 811 703 844 honestate
722 811 795 852 193,
807 811 850 844 24
882 797 884 858 Ξ

102 868 175 901 sine
202 868 304 901 uenia
330 868 426 901 nefas
452 869 504 901 est
538 879 576 901 ac
601 868 676 901 sine
708 868 849 901 honori-

148 924 213 958 bus
239 925 414 968 appellare
440 925 607 968 praefatis
635 926 708 966 198,
727 926 766 958 21

882 962 883 973 i

104 981 330 1015 honorarium
351 981 510 1015 debitum
525 981 694 1025 complere
713 982 790 1023 254,
810 982 849 1015 13
882 1020 883 1026 ,

101 1038 137 1071 in
187 1038 390 1072 huiusmodi
438 1038 683 1072 honorationis
734 1039 883 1077 officio,

147 1095 223 1135 248,
246 1097 286 1128 18

101 1154 182 1185 ante
228 1152 331 1186 horas
378 1152 670 1196 quemadmodum
719 1153 850 1187 dieitur

146 1209 312 1253 pauculas
341 1210 414 1244 108,
436 1210 472 1242 11

100 1266 245 1300 horrens
272 1267 447 1300 fascinum
476 1267 548 1306 146,
567 1267 611 1299 24

101 1323 334 1357 humanitatis
353 1324 430 1365 lege
455 1324 631 1357 extinctus
656 1323 711 1365 43,
728 1323 749 1356 4
786 1322 847 1356 hu-

146 1381 299 1414 manitas
325 1395 367 1409 z
393 1381 550 1414 homines
576 1381 630 1415 85,
651 1381 670 1413 6

101 1437 254 1470 humana
279 1437 345 1470 sibi
372 1437 487 1470 omnia
513 1448 640 1480 negare
665 1438 719 1479 98,
740 1437 780 1471 13

101 1493 315 1538 hystriculus
341 1494 440 1536 pusio
461 1494 535 1535 196,
555 1494 597 1527 23

101 1664 208 1698 iacere
234 1664 365 1698 derisni
395 1665 445 1705 16,
464 1668 485 1698 8

102 1721 213 1754 iacere
238 1732 274 1754 se
299 1721 334 1754 in
361 1721 474 1755 aliena
500 1721 639 1755 foedera
669 1723 741 1763 159,
760 1723 798 1756 21

102 1778 243 1810 iactatis
268 1778 471 1811 hinnitibus
499 1779 573 1819 162,
593 1779 636 1811 25

101 1834 267 1868 iaculatio
294 1834 422 1868 mentis
450 1835 485 1867 in
513 1835 662 1868 latentia
687 1836 741 1876 SS,
759 1836 803 1869 22

101 1891 207 1924 ianua
225 1891 285 1924 leti
305 1893 410 1934 atque
428 1891 595 1924 interitus
623 1893 674 1928 70,
696 1893 733 1925 17
762 1892 847 1926 hanc
880 1930 881 1933 Ἴ

147 1948 240 1981 uitae
266 1951 305 1981 ut
343 1948 394 1981 ita
419 1948 565 1981 dixerim
603 1949 743 1982 ianuam
774 1950 847 1991 101,
880 1988 882 1999 Ι

150 2005 190 2038 12
223 2005 285 2038 leti
302 2005 426 2037 ianuas
444 2005 539 2038 adire
557 2005 610 2046 73,
632 2006 671 2039 18
703 2005 847 2049 pietatis

147 2063 277 2106 aperire
304 2062 427 2094 ianuas
452 2061 507 2104 49,
527 2062 547 2095 2

101 2119 310 2163 imaginatio
351 2118 404 2157 96,
431 2119 472 2151 27
523 2118 681 2152 libidinis
720 2129 847 2152 uacuae

146 2175 358 2219 imaginatio
384 2175 460 2216 233,
484 2175 523 2208 14
563 2176 692 2209 mentis
720 2175 846 2219 imagi-

145 2233 289 2266 natione
330 2232 506 2275 concipere

147 2289 354 2333 imaginatio
386 2289 548 2322 indecora
583 2290 655 2326 182,
678 2289 717 2322 14
743 2289 847 2322 falso-

146 2357 222 2380 rum
250 2345 521 2387 imaginationes
547 2345 686 2378 deorum
717 2346 788 2387 146,
804 2346 847 2379 29
879 2372 881 2376 .

146 2403 245 2436 uanis
272 2402 588 2445 imaginationibus
619 2402 728 2435 falsus
754 2403 807 2441 31,
827 2403 848 2436 2

101 2460 290 2503 imaginem
304 2458 449 2491 luminis
464 2459 607 2492 mentiri
623 2459 677 2498 64,
691 2459 735 2492 23
761 2459 847 2492 ima·-

147 2515 290 2559 ginibus
307 2526 439 2548 cernere
457 2516 556 2555 124,9
582 2516 698 2559 imago
711 2516 845 2558 (Plum-

148 2573 329 2609 tusiebiltl')
348 2573 400 2607 64.
421 2573 467 2604 12.
487 2573 529 2605 26

101 2630 234 2663 imbrex
259 2629 398 2663 narium
428 2630 500 2667 120,
520 2629 563 2661 22

101 2687 324 2720 imminent-es
351 2685 472 2718 mariti
503 2687 574 2726 129,
593 2687 613 2717 5

102 2743 271 2786 deturque
299 2743 346 2784 (ssi
375 2742 446 2774 illis
474 2742 578 2775 immo
604 2742 660 2779 40,
679 2743 699 2774 6

101 2800 144 2833 ad
170 2798 454 2833 immortalitatis
474 2799 634 2832 accedere
654 2799 844 2842 praemium
878 2826 879 2832 ,

149 2856 280 2890 101.18Ι

551 2233 623 2267 122,
653 2233 692 2264 10
732 2244 846 2266 rerum
879 2251 881 2268 ÷

1584 248 1667 290 325

919 355 1085 399 impedire
1111 367 1186 400 spes
1215 360 1288 400 111,
1310 358 1350 392 10

884 455 886 459 v
918 411 1111 456 imperator
1125 429 1166 443 =
1185 415 1272 449 (leus
1285 417 1459 459 princeps
1473 415 1527 459 49,
1547 417 1567 450 9
1593 427 1665 451 0111-

149 470 280 503 minem
306 480 406 502 suum
431 470 591 512 permisit
616 469 767 502 interfici
795 469 853 512 (de
884 477 885 489 ¹

152 526 309 569 Christo)
327 526 381 567 46,
399 525 443 559 22
487 526 624 559 animae
649 525 851 560 hominibus
883 521 885 527 ¹

963 469 1127 512 nipotens
1168 471 1358 516 imperator
1395 474 1524 514 101,11
1570 485 1663 508 sum-

963 537 1038 560 mus
1065 528 1258 572 imperator
1285 530 1396 570 17,17

917 582 1105 626 imperiosa
1132 586 1316 620 formidine
1341 588 1472 621 terrere
1502 588 1573 629 100,
1592 589 1612 622 4

917 640 1075 683 imperiis
1100 643 1359 684 potentioribus
1385 644 1462 685 249,
1481 644 1501 677 6

918 696 961 729 ab
986 697 1121 741 impetu
1147 710 1260 733 rerum
1286 702 1387 734 tanto
1415 701 1489 740 175,
1507 701 1551 734 30

917 764 1020 797 quam
1048 755 1083 788 in
1111 766 1250 789 causam
1276 757 1521 800 possideantur
1547 758 1603 799 67,
1626 758 1662 791 11

962 810 998 843 111
1031 812 1142 845 nostri
1180 813 1340 846 criminis
1377 814 1540 847 meritum
1572 815 1603 856 5,
1622 815 1664 848 29

962 867 999 900 in
1018 868 1114 901 Iouis
1140 870 1175 902 et
1193 868 1328 903 Cereris
1355 872 1453 904 coetu
1478 871 1665 914 inrigatio-

961 934 1039 957 nem
1089 925 1286 969 significare
1341 927 1478 960 telluris
1527 928 1603 968 212,
1645 929 1665 961 3

961 982 1131 1024 mysteria
1145 982 1336 1016 dissoluere
1354 983 1389 1016 in
1413 984 1665 1027 allegoriarum

961 1038 1206 1081 explanatione
1230 1040 1307 1081 211,
1326 1040 1344 1073 7
1385 1041 1508 1074 mortis
1540 1042 1576 1075 in
1603 1052 1664 1085 ge-

961 1094 1102 1129 neribus
1129 1096 1237 1129 uariis
1270 1096 1415 1130 interire
1441 1097 1517 1139 274,
1542 1097 1585 1131 28
1628 1098 1665 1131 in

961 1154 1162 1195 contempta
1200 1153 1404 1187 humilitate
1442 1154 1569 1188 calcari
1608 1155 1664 1197 24,

962 1209 1004 1241 12
1045 1209 1081 1242 in
1108 1210 1224 1253 aliquo
1250 1210 1350 1253 lapsu
1384 1211 1558 1245 claudicat
1590 1212 1666 1246 uita

961 1266 1015 1305 36,
1037 1266 1077 1298 18
1103 1267 1311 1300 calumniari
1330 1267 1487 1311 improbe
1508 1268 1544 1301 in
1563 1278 1663 1312 aper-

961 1323 1010 1355 tis
1035 1323 1304 1367 manifestisque
1331 1324 1520 1358 mendaciis
1554 1326 1604 1367 11,
1626 1326 1666 1360 15

961 1381 1119 1422 muttire,
1146 1380 1276 1413 hiscere
1294 1380 1329 1413 in
1349 1381 1489 1414 deorum
1515 1382 1664 1415 mentio-

961 1447 1003 1470 ne
1031 1438 1104 1478 ]56,
1126 1438 1166 1471 15
1205 1438 1393 1471 dissimiles
1419 1448 1601 1481 corporum
1628 1439 1664 1472 in

961 1493 1160 1528 mobilitate
1198 1495 1315 1535 274,5
1363 1494 1398 1527 iu
1437 1496 1510 1528 tam
1548 1495 1663 1529 saeuis

961 1558 1067 1594 atque
1085 1551 1237 1584 horridis
1257 1551 1411 1584 moribus
1430 1551 1484 1591 81,
1507 1552 1546 1584 16
1576 1551 1661 1585 tris-

961 1608 1013 1640 tia
1038 1608 1074 1641 in
1108 1608 1272 1642 odoribus
1306 1608 1439 1641 semina
1472 1608 1587 1649 95,18
1628 1609 1664 1642 111

961 1664 1035 1697 uini
1050 1665 1219 1698 melioret
1234 1665 1448 1699 laudabilior
1462 1667 1546 1708 potu
1556 1665 1664 1706 23,13

960 1722 1204 1755 communibus
1242 1722 1278 1755 in
1303 1721 1498 1766 proloquiis
1524 1731 1663 1765 promp-

960 1780 1037 1811 tum
1062 1778 1139 1819 207,
1158 1780 1202 1813 23
1229 1779 1370 1812 seminis
1389 1778 1566 1811 abstrusio
1585 1788 1663 1821 rap-

958 1835 1054 1868 tione
1095 1834 1130 1868 in
1170 1835 1396 1878 Proserpinae
1438 1835 1663 1877 nuncupatur

960 1891 1036 1931 207,
1060 1892 1099 1924 13
1140 1893 1184 1925 in'
1216 1891 1455 1936 philosophiae
1492 1901 1662 1925 memora-

959 1947 1047 1980 biles
1080 1947 1198 1981 studio
1233 1949 1305 1982 1:51.
1328 1948 1367 1980 18
1405 1958 1440 1980 se
1466 1947 1599 1981 ultione
1626 1948 1662 1981 in

959 2004 1076 2047 aliqua
1109 2005 1306 2048 significare
1339 2005 1415 2045 233,
1435 2004 1452 2037 7
1502 2004 1661 2038 obscenis

959 2066 1277 2094 commemorantur
1302 2061 1338 2094 in
1372 2060 1518 2094 uocibus
1544 2062 1621 2103 210,
1640 2062 1661 2094 8

914 2117 1099 2151 inalbescit
1126 2118 1306 2151 labrorum
1334 2117 1473 2151 siccitas
1503 2118 1552 2159 13,
1570 2117 1618 2152 24

914 2175 1045 2208 frustra
1071 2178 1176 2218 atque
1203 2175 1356 2207 inaniter
1383 2174 1455 2207 fieri
1481 2174 1560 2215 208,
1578 2174 1622 2207 23

913 2231 1180 2265 inarticulatum
1207 2231 1322 2264 nescio
1349 2230 1434 2274 quid
1460 2230 1514 2271 67,
1537 2230 1577 2263 13

914 2288 1095 2322 inauditae
1110 2299 1169 2332 per
1187 2289 1304 2321 omnia
1322 2287 1506 2321 uastitatis
1528 2286 1602 2326 177,
1621 2286 1661 2319 12

914 2345 1074 2379 incendio
1101 2345 1325 2388 pestilentiae
1351 2344 1498 2386 flagrare
1524 2343 1600 2384 272,
1617 2342 1661 2376 26

914 2402 1093 2436 incentiuo
1118 2402 1282 2435 extollere
1308 2400 1423 2434 laudis
1452 2399 1584 2441 168,13

913 2458 1046 2492 incerta
1072 2458 1322 2500 ambiguitatis
1350 2457 1421 2496 176,
1444 2456 1483 2488 15

912 2515 1122 2549 incestorum
1147 2514 1324 2558 adpetitor
1353 2514 1425 2552 152,
1449 2513 1488 2546 15

914 2572 1045 2605 inciens
1078 2574 1191 2605 scrofa
1216 2571 1292 2606 255.
1310 2574 1330 2603 9
1372 2569 1540 2603 incientes
1568 2577 1657 2602 scro-

959 2630 1012 2661 1110
1038 2629 1115 2664 252,
1134 2630 1154 2659 9

913 2685 1095 2718 incitatrix
1124 2685 1175 2725 73,
1194 2685 1214 2717 3

914 2742 1176 2775 incolumitates
1202 2743 1255 2780 58,
1278 2741 1317 2772 18

913 2798 1192 2832 incommodatur
1230 2808 1289 2840 per
1326 2806 1386 2829 uos
1428 2796 1517 2829 nihil
1561 2795 1658 2828 rebus

961 2855 1120 2888 humani>
1147 2858 1177 2888 8.
1197 2854 1232 2886 21
