2032 3248
297 504 347 544 lo

246 559 270 593 f.
284 560 345 593 67¹³

366 321 445 363 118
768 320 955 354 Arnobii
989 320 1204 354 aduersus
1237 320 1448 355 nationes

361 435 529 478 tendum
564 436 645 486 est,
678 435 721 477 in
752 435 921 477 deorum
952 435 1186 489 corporibus
1218 447 1304 477 esse
1334 435 1492 488 aliquid
1522 448 1718 488 uacuum,
1750 438 1855 489 quod

362 503 418 546 sit
454 503 611 548 frustra
649 505 772 558 atque
809 504 986 546 inaniter
1016 504 1274 546 fabricatum.
1313 503 1318 559 Ι
1354 504 1452 558 quid
1490 504 1641 555 dicitis,
1674 516 1695 545 o
1726 504 1854 546 sancti

361 574 484 626 atque
522 573 718 627 inpolluti
758 573 968 615 antistites
1008 572 1285 627 religionum?
1330 573 1482 615 habent
1522 586 1616 628 ergo
1648 573 1708 615 dii
1739 586 1855 616 sexus

359 643 401 684 et
437 642 684 697 genitalium
729 642 1007 684 membrorum
1054 642 1348 684 circumferunt
1386 641 1622 693 foeditates,
1668 655 1768 696 quas
1809 655 1854 684 ex

356 711 538 753 moribus
577 710 818 753 uerecundis
854 709 1006 752 infame
1045 710 1107 751 est
1137 709 1221 751 suis
1261 710 1602 764 appellationibus
1643 711 1854 764 promere?
1886 730 1899 753 5

357 780 456 833 quid
501 792 594 833 ergo
633 780 718 822 iam
759 780 955 834 superest,
1002 778 1083 820 nisi
1122 780 1170 821 ut
1208 790 1274 821 eos
1306 779 1517 821 credamus
1562 779 1853 821 inmundorum

357 850 665 902 quadrupedum
703 849 787 890 ritu
824 848 868 889 in
905 847 1125 889 libidinum
1171 847 1298 889 furias
1336 849 1507 902 gestire,
1556 847 1852 901 cupiditatibus

355 917 510 960 rabidis
553 918 612 959 ire
643 918 684 959 in
716 919 883 959 mutuas
923 916 1224 971 complexiones
1255 919 1294 958 et
1334 917 1385 958 ad
1421 918 1676 970 postremum
1712 916 1853 958 fractis

356 986 647 1041 dissolutisque
679 987 913 1041 corporibus
945 986 1172 1040 uoluptatis
1204 986 1462 1028 eneruatione
1493 987 1783 1040 languescere?
1815 988 1854 1027 et

356 1056 549 1109 quoniam
588 1056 787 1108 quaedam
831 1056 927 1097 sunt
966 1055 1213 1096 feminarum
1251 1055 1408 1109 generis
1445 1055 1628 1109 propria,
1671 1054 1854 1108 sequitur
1868 1071 1900 1096 ιο

354 1125 402 1165 ut
434 1123 526 1166 deas
558 1136 715 1178 quoque
746 1123 959 1166 credamus
991 1123 1249 1166 circumactis
1281 1124 1509 1178 persoluere
1530 1136 1623 1165 suas
1645 1123 1852 1165 mensibus

353 1192 479 1247 leges,
510 1192 741 1234 fastidiosos
773 1192 918 1234 ducere
950 1193 1073 1245 atque
1105 1192 1253 1234 habere
1285 1195 1522 1246 conceptus,
1555 1193 1707 1234 aboriri
1737 1205 1854 1245 prae-

353 1260 459 1303 ferre
490 1262 530 1303 et
559 1273 829 1315 praepropero
859 1263 982 1315 partu
1014 1261 1265 1315 septimanas
1297 1262 1415 1303 edere
1445 1260 1664 1315 aliquando
1687 1259 1851 1302 feturas.

353 1343 375 1372 o
406 1343 527 1384 pura,
570 1343 591 1372 0
624 1333 767 1372 sancta
810 1332 933 1383 atque
964 1330 1014 1372 ab
1055 1329 1166 1371 omni
1205 1329 1477 1383 turpitudinis
1514 1330 1607 1372 labe
1647 1329 1853 1382 disparata

353 1400 475 1452 atque
507 1399 701 1441 abiuncta
733 1399 952 1441 diuinitas!
984 1398 1111 1441 hauet
1142 1399 1304 1441 animus
1335 1399 1456 1453 atque
1478 1399 1605 1448 ardet,
1637 1398 1680 1440 in
1701 1395 1899 1440 chalci-ie

353 1467 453 1509 dicis
491 1468 575 1510 illis
612 1469 775 1523 magnis
818 1469 942 1521 atque
980 1468 1023 1509 in
1059 1468 1229 1521 palatiis
1269 1467 1372 1510 caeli
1412 1469 1505 1510 deos
1544 1468 1719 1520 deasque
1758 1478 1851 1508 con-

352 1537 505 1589 spicere
553 1537 718 1578 intectis
758 1536 993 1590 corporibus
1032 1537 1153 1590 atque
1192 1536 1332 1587 nudis,
1380 1536 1430 1578 ab
1471 1536 1614 1578 Iaccho
1652 1535 1850 1582 Cererem,

351 1605 472 1647 Musa
492 1607 539 1646 ut
560 1605 767 1658 praedicat
787 1606 991 1655 Lucretia,
1015 1617 1298 1656 mammosam,
1329 1605 1712 1658 Hellespontiacum
1734 1604 1851 1645 Pria-

351 1685 451 1726 pum
495 1674 602 1715 inter
645 1673 739 1716 deas
784 1674 966 1728 uirgines
1012 1675 1135 1727 atque
1185 1677 1339 1716 matres
1389 1674 1742 1716 circumferentem
1788 1687 1851 1715 res

352 1742 447 1784 illas
468 1742 715 1796 proeliorum
738 1755 896 1797 semper
917 1743 959 1784 in
981 1742 1281 1796 expeditionem
1301 1744 1476 1796 paratas.
1511 1744 1646 1794 hauet,
1669 1743 1850 1796 inquam,
1865 1762 1897 1787 20

353 1811 493 1853 uidere
525 1812 618 1854 deas
649 1813 856 1867 grauidas,
890 1813 985 1855 deas
1016 1812 1122 1854 fetas
1152 1813 1499 1868 gliscentibusque
1530 1826 1601 1866 per
1629 1813 1714 1855 dies
1745 1812 1851 1854 aluis

351 1881 456 1923 alias
500 1881 688 1923 intestini
733 1881 924 1936 ponderis
973 1882 1213 1924 morositate
1253 1882 1459 1932 cunctari,
1504 1882 1707 1935 parturire
1748 1882 1849 1923 alias

350 1949 487 1991 tractu
517 1951 640 2005 longo
672 1950 713 1992 et
733 1963 881 1993 manus
903 1951 1161 1993 obstetricias
1184 1963 1389 2004 quaerere,
1423 1950 1520 1993 illas
1542 1951 1635 1992 telis
1655 1950 1849 2006 grauibus

351 2019 392 2060 et
430 2019 612 2060 dolorum
655 2019 912 2061 acuminibus
953 2019 1053 2062 fixas
1097 2020 1300 2071 heiulare‚
1347 2020 1494 2062 tortari
1537 2021 1577 2062 et
1615 2021 1722 2062 inter
1751 2020 1850 2061 haec

351 2087 488 2129 omnia
526 2088 735 2141 suppetias
773 2089 940 2130 lunonis
979 2089 1198 2142 implorare
1229 2089 1416 2131 Lucinae.
1462 2102 1594 2131 nonne
1624 2089 1756 2131 multo
1788 2090 1850 2130 est
1863 2103 1893 2128 25

350 2155 501 2198 rectius
539 2157 803 2208 maledicere,
853 2157 1073 2199 conuiciari
1104 2158 1226 2211 atque
1257 2158 1338 2200 alia
1367 2158 1552 2212 ingerere
1582 2157 1660 2200 diis
1690 2157 1847 2210 probra,

488 2269 529 2302 17
555 2280 606 2314 sq.
631 2269 772 2304 Lucret.
797 2270 830 2312 4,
858 2270 946 2304 1168
970 2271 1008 2305 L.

394 2373 417 2406 5
439 2372 598 2406 moribus
622 2373 769 2417 scripsi:
805 2373 927 2408 oribus
954 2374 989 2409 P
1148 2375 1166 2409 7
1199 2374 1454 2419 quadripedum
1481 2375 1515 2408 P
1678 2375 1699 2409 8
1725 2375 1769 2409 ad
1795 2386 1847 2409 om

350 2429 423 2463 Sab
577 2431 598 2464 9
622 2430 819 2474 uoluptatis
851 2431 934 2466 θεῖε
970 2432 1152 2467 uoluntati
1178 2434 1213 2467 P
1250 2433 1444 2467 uoluntatis
1470 2434 1553 2475 Sab,
1579 2444 1599 2467 r
1753 2444 1846 2468 ener-

348 2486 493 2521 uatione
519 2486 610 2522 Sab:
646 2488 865 2522 eneruationi
890 2488 926 2522 P
1062 2490 1285 2534 languescere
1310 2490 1393 2531 Sao,
1419 2502 1458 2524 r.-
1489 2501 1697 2535 anguescere
1723 2491 1758 2525 P

347 2543 392 2578 11
417 2543 498 2578 deas
522 2544 669 2588 scripsi.-
695 2555 750 2578 eas
776 2545 812 2579 P
945 2546 988 2580 12
1012 2546 1163 2581 abortiri
1194 2547 1264 2581 Urs
1400 2548 1573 2591 praeferre
1597 2549 1745 2592 scripsi:
1770 2559 1845 2591 per-

346 2600 438 2634 ferre
463 2601 499 2634 P
637 2602 680 2636 15
704 2605 785 2636 anet
810 2601 947 2636 animus
975 2603 1063 2638 Gel:
1088 2603 1197 2638 habet
1222 2607 1256 2639 et
1281 2604 1439 2639 animum
1464 2605 1500 2639 P
1522 2604 1629 2639 habet
1653 2604 1843 2639 etiamnum

348 2657 423 2692 Sab
516 2657 558 2692 17
572 2657 629 2703 ab]
647 2658 740 2703 apud
756 2659 827 2693 Sab
919 2659 1038 2694 iactho
1055 2660 1092 2694 P
1103 2661 1267 2695 Iacchum
1283 2661 1355 2695 sab
1448 2662 1490 2695 18
1507 2661 1661 2696 Lucretii
1680 2661 1754 2696 Sal)

347 2714 512 2759 priapum
535 2715 618 2758 Sab,
643 2726 683 2750 r:
710 2716 885 2760 priamum
910 2717 946 2751 P
1097 2718 1143 2752 20
1166 2718 1375 2763 praeliorum
1400 2719 1436 2753 P
1455 2729 1536 2753 corr
1561 2722 1590 2753 c¹
1744 2730 1843 2762 expe-

346 2770 518 2805 ditionem
543 2772 722 2807 Huetizis:
747 2773 964 2818 expeditione
990 2774 1025 2808 P
1161 2777 1244 2809 auet
1275 2775 1361 2810 Gel:
1392 2775 1500 2809 habet
1524 2776 1561 2809 P
1696 2776 1738 2810 21
1766 2776 1844 2809 fitas

347 2827 383 2861 P
402 2838 483 2862 corr
507 2831 536 2862 c‘
719 2829 823 2874 aluis]
850 2830 932 2864 aliis
957 2830 1031 2865 Sab
1214 2832 1258 2867 22
1286 2831 1374 2866 alias
1394 2836 1478 2875 post
1509 2832 1601 2866 aluis
1626 2832 1755 2867 addidi

345 2884 391 2919 23
415 2883 582 2919 obsticias
608 2886 644 2919 P
661 2896 742 2920 corr
761 2889 790 2921 c‘
914 2898 1095 2931 quaereres
1123 2889 1193 2923 Sab
1325 2889 1414 2923 alias
1446 2889 1516 2923 Urs
1646 2890 1691 2923 24
1715 2890 1843 2923 tortari

352 2941 546 2976 canterus.-
572 2944 606 2975 et
622 2942 760 2976 hortari
778 2944 814 2976 P
940 2944 987 2978 26
1012 2945 1199 2979 conuitiari
1218 2948 1248 2980 c‘
1378 2946 1459 2991 diis]
1487 2946 1528 2981 de
1553 2947 1610 2981 his
1637 2946 1708 2980 Sab
