2032 3248
408 176 487 217 12ss
809 171 1002 206 Arnobii
1033 172 1249 207 aduersus
1287 172 1494 207 nationes

313 297 394 331 f.72
407 288 625 330 auxiliator
660 286 666 343 Ι
701 287 917 328 subueniat
945 286 1204 339 Epidaurius,
1236 286 1483 340 parturiunt,
1508 288 1692 340 pariunt:
1725 290 1771 330 ut
1793 288 1902 331 diffi-

406 357 503 399 ciles
535 357 842 410 puerperiorum
862 356 986 398 tricas
1007 355 1109 397 Iuno
1131 355 1309 397 mulceat
1330 356 1599 409 corripiatque
1620 357 1784 399 Lucina.
1816 372 1903 400 rem

403 427 601 485 rusticam
632 426 812 468 tractant
843 428 915 467 aut
936 426 1078 467 curant
1107 424 1309 467 militaria
1339 438 1524 468 munera:
1567 427 1614 468 ut
1634 427 1810 469 flammis
1830 440 1900 481 po-

405 497 495 538 tens
526 495 734 538 Vulcanus
774 495 997 537 fabricetur
1037 495 1102 536 his
1142 507 1257 536 enses
1288 495 1359 536 aut
1389 495 1495 537 ruris
1533 495 1778 538 ferramenta
1808 509 1900 551 pro-

403 563 536 606 cudat.
584 564 712 607 uestis
742 563 930 618 indigent
959 563 1161 618 tegmine:
1206 567 1251 605 ut
1283 564 1399 619 uirgo
1433 564 1616 606 Tritonia
1655 566 1811 608 curiose
1842 566 1899 608 eis
1933 582 1945 605 ⁵

403 633 561 675 stamen
592 634 687 676 neat
718 634 759 675 et
789 633 987 686 qualitate
1017 644 1089 685 pro
1120 632 1318 686 temporis
1348 634 1420 674 aut
1450 633 1607 676 trilices
1638 635 1797 677 tunicas
1828 636 1900 676 aut

402 702 450 743 de
481 702 608 744 serico
640 704 869 757 componat.
916 703 1109 744 accusant
1141 703 1181 743 et
1211 702 1377 744 diluunt
1404 703 1597 745 crimina:
1631 704 1678 745 ut
1699 704 1898 747 Atlantea

401 771 615 826 progenies
654 772 805 825 eloquii
836 771 990 826 primas
1021 771 1126 813 ferat
1157 771 1341 814 studiosa
1381 773 1669 814 exercitatione
1708 772 1895 827 quaesiti.

336 842 388 882 22
404 841 465 881 set
503 854 632 892 erras,
665 840 822 894 inquit,
855 841 896 881 et
925 840 1104 890 falleris3
1143 852 1222 882 non
1254 840 1364 882 enim
1396 842 1474 895 ipsi
1506 841 1667 896 opifices
1699 841 1757 883 dii
1787 842 1896 896 sunt,

399 910 470 951 sed
509 910 687 965 ingeniis
728 909 938 951 hominum
982 909 1191 951 subiciunt
1229 910 1301 952 has
1333 911 1441 952 artes
1476 912 1608 964 atque,
1648 912 1695 952 ut
1726 911 1813 952 uita
1843 911 1944 953 sitm

398 979 648 1032 instructior,
680 979 851 1021 tradunt
882 978 1047 1021 scienda
1077 979 1335 1021 mortalibus.
1383 980 1453 1021 sed
1485 981 1554 1033 qui
1577 980 1759 1033 aliquam
1782 980 1897 1021 subi—

398 1048 454 1090 cit
499 1048 639 1102 ignaro
680 1061 727 1090 ac
769 1048 902 1090 nescio
949 1047 1225 1101 disciplinam,
1272 1048 1482 1090 sollertem
1513 1061 1631 1102 quem
1662 1049 1697 1090 is
1739 1048 1898 1091 efficere

396 1117 635 1159 nonnullius
667 1117 799 1172 operis
830 1117 1001 1159 scientia
1032 1117 1254 1171 contendit,
1287 1118 1391 1160 sciat
1422 1118 1509 1171 ipse
1538 1130 1700 1160 necesse
1721 1119 1782 1160 est
1811 1119 1896 1172 pri-

396 1198 488 1228 mus
519 1186 562 1228 id
594 1186 700 1240 quod
731 1187 909 1228 alterum
947 1187 1094 1228 callere
1136 1186 1363 1229 constituit.
1411 1200 1542 1241 neque
1581 1187 1690 1229 enim
1720 1187 1896 1229 traditor

396 1256 568 1297 alicuius
599 1268 685 1298 esse
716 1256 911 1298 scientiae
931 1256 1040 1310 potis
1063 1256 1138 1307 est,
1170 1256 1217 1297 ut
1244 1269 1323 1298 non
1359 1256 1444 1297 61113
1477 1257 1582 1310 quod
1617 1256 1746 1298 tradit
1776 1269 1939 1310 prae-15

396 1325 510 1378 cepta
550 1325 699 1367 habeat
740 1325 906 1381 cognita
936 1326 977 1367 et
1007 1326 1208 1368 rationem
1248 1327 1384 1367 teneat
1416 1325 1753 1368 exercitatissime
1784 1337 1894 1367 com-

394 1393 649 1447 prehensam.
696 1395 755 1436 dii
787 1407 880 1449 ergo
921 1396 1018 1437 sunt
1055 1395 1231 1437 artifices
1271 1396 1418 1448 primi⁷
1459 1395 1546 1437 siue
1577 1395 1703 1449 quod,
1737 1395 1815 1449 ipsi
1847 1397 1895 1436 ut

394 1462 553 1515 dicitis,
586 1464 767 1505 subdunt
797 1464 1013 1506 scientiam
1044 1464 1271 1515 mentibus,
1310 1464 1397 1506 siue
1428 1464 1535 1518 quod
1566 1464 1822 1506 immortales
1853 1466 1894 1505 et

393 1532 523 1586 geniti
553 1545 779 1586 numquam
809 1545 937 1587 genus
962 1545 1081 1575 omne
1102 1533 1309 1575 terrenum
1330 1534 1538 1575 uetustate
1559 1534 1756 1586 temporis
1779 1534 1893 1575 ante-

393 1600 552 1644 cedunt,
599 1601 675 1644 hoc
716 1604 777 1643 est
820 1613 915 1656 ergo
958 1601 1064 1655 quod
1106 1602 1335 1655 quaeritur,
1379 1615 1472 1644 cum
1514 1602 1568 1644 sit
1608 1602 1747 1644 nullus
1784 1601 1937 1656 apud20

392 1681 556 1723 superos
597 1670 754 1712 artibus
794 1669 859 1712 his
890 1670 1001 1713 locus
1048 1683 1177 1724 neque
1210 1683 1326 1721 usus,
1368 1670 1535 1713 illorum
1576 1683 1704 1724 neque
1744 1672 1893 1712 natura

392 1738 584 1792 deposcat
623 1739 883 1795 ingeniosum
923 1739 1082 1792 aliquid
1124 1740 1196 1781 aut
1237 1739 1495 1781 sellularium
1534 1740 1655 1781 scire:
1704 1752 1774 1781 cur
1805 1751 1891 1781 esse

389 1807 537 1850 dicatis
567 1808 611 1849 in
642 1809 734 1850 aliis
766 1809 868 1851 alios
900 1808 1228 1862 perceptionibus
1269 1822 1463 1864 gnarures
1496 1810 1536 1851 et
1566 1809 1716 1851 habere
1747 1808 1890 1850 soller-

279 1885 377 1918 f.72b
391 1877 483 1925 tias,
514 1878 557 1918 in
590 1877 738 1931 quibus
769 1878 924 1933 singuli
955 1891 998 1920 se
1030 1879 1197 1920 uincant
1225 1878 1230 1934 Ι
1256 1878 1523 1921 scientiarum
1545 1878 1773 1933 cognitione
1805 1877 1888 1918 dis-

324 1949 375 1990 23
391 1947 520 1989 creti?
564 1947 644 1988 11131
674 1946 779 1989 forte
808 1947 884 1989 hoc
915 1946 1072 1998 dicitis,
1113 1948 1207 1989 deos
1245 1947 1420 1990 artifices
1460 1959 1539 1989 non
1572 1959 1676 1998 csse,
1721 1946 1790 1988 sed
1823 1958 1889 1987 eos
1902 1960 1933 1985 25

432 2118 454 2152 2
486 2117 727 2161 corripiatque
761 2116 852 2151 Sab:
889 2117 1125 2161 corripietque
1156 2117 1192 2151 P
1374 2117 1395 2152 3
1429 2117 1694 2162 flammipotens
1729 2117 1796 2151 θεῖ

386 2175 409 2208 4
432 2174 626 2208 feramenta
651 2174 687 2208 P
704 2184 786 2208 corr
924 2174 946 2209 5
970 2174 1105 2209 curiose
1130 2174 1175 2208 iis
1194 2174 1316 2209 Salm:
1341 2174 1513 2209 curiosius
1530 2175 1566 2208 P
1702 2174 1723 2208 6
1750 2176 1888 2208 stamen

389 2231 470 2275 Sab,
486 2243 526 2265 r.-
550 2233 669 2265 tamen
686 2231 723 2265 P
857 2232 876 2266 7
901 2233 1087 2276 componat
1104 2232 1311 2266 Meursius:
1336 2235 1371 2267 et
1387 2231 1563 2276 imponere
1580 2232 1615 2265 P
1638 2231 1798 2275 imponat
1816 2231 1888 2265 Sal>

387 2290 422 2323 et
448 2289 524 2323 31116
548 2299 650 2323 011616
673 2288 833 2332 imponat
859 2288 958 2323 Salm
1096 2289 1266 2324 Atlantea
1284 2289 1375 2324 Sao.-
1401 2289 1542 2323 alantea
1566 2290 1600 2323 P
1736 2289 1758 2323 8
1782 2299 1887 2333 quae-

387 2346 461 2380 siti.
481 2348 515 2380 et
534 2346 605 2381 Sal>
746 2347 786 2380 11
805 2345 862 2379 1113
879 2346 1086 2380 instructior
1102 2346 1292 2381 Meursius
1432 2346 1588 2380 sciendas
1606 2345 1795 2380 Meursius

389 2404 429 2438 12
455 2404 633 2438 sollertem
658 2403 762 2448 quem
785 2404 933 2447 scripsi.-
964 2403 1209 2448 sollertemque
1235 2404 1270 2438 P
1407 2403 1436 2437 is
1461 2404 1609 2448 scripsi:
1641 2403 1696 2437 his
1722 2404 1757 2438 P
1794 2402 1886 2437 hunc

394 2459 462 2494 Urs
487 2471 542 2495 om
566 2460 756 2495 Meursius
909 2461 953 2495 14
977 2460 1103 2495 callere
1134 2460 1223 2495 Urs.-
1253 2461 1365 2495 colere
1389 2461 1424 2494 P
1460 2460 1581 2495 docere
1606 2461 1795 2496 Meursz‘us

388 2519 431 2552 15
447 2517 614 2552 scientiae
632 2517 724 2552 Sab:
742 2513 872 2552 sciente
889 2519 924 2552 P
941 2518 1085 2553 scientie
1101 2530 1121 2552 r
1237 2520 1418 2562 praecepta
1436 2518 1527 2552 Sab:
1546 2520 1743 2562 perceptam
1760 2519 1796 2552 P

387 2574 430 2608 16
455 2575 753 2610 exercitatissume
778 2576 814 2610 P
837 2586 919 2610 corr
1059 2576 1101 2610 17
1126 2575 1231 2619 primi
1253 2575 1340 2610 Gel:
1365 2575 1473 2620 primi
1498 2577 1582 2608 sunt
1607 2575 1642 2609 P
1780 2579 1883 2610 sunto

386 2631 551 2675 artifices,
576 2633 682 2677 primi
713 2635 817 2667 sunto
851 2632 949 2668 Salm
1096 2632 1141 2667 20
1165 2634 1252 2677 aput
1277 2633 1313 2667 P
1336 2643 1416 2668 corr
1561 2632 1603 2666 21
1629 2643 1714 2666 usus
1739 2632 1883 2666 illorum

386 2689 497 2734 uulyo
646 2691 690 2725 23
714 2690 803 2724 alios
827 2690 903 2724 add
929 2689 1090 2735 Scaliyer
1239 2700 1407 2734 gnarures
1434 2689 1603 2734 Scaliqer,
1636 2689 1723 2723 Urs:
1760 2689 1882 2734 ignaro

386 2756 438 2780 res
463 2747 499 2781 P
522 2747 704 2790 gnariores
731 2747 802 2782 Sab
826 2747 1009 2791 ignarures
1034 2747 1222 2782 Meursius
1368 2748 1409 2782 in
1432 2757 1486 2792 my
1680 2747 1724 2781 24
1749 2746 1881 2791 singuli

386 2813 422 2836 se
445 2803 591 2838 uincant
622 2804 707 2839 Urs.-
732 2804 884 2848 singulis
909 2804 1074 2839 euincant
1100 2805 1134 2839 P
