2032 3248
243 537 292 577 13

309 167 387 198 CIV
848 152 1045 188 Caecilii
1072 152 1292 197 Cypriani

308 259 455 314 digitis
489 257 722 313 significare
753 258 1003 312 properauit.
1039 269 1113 312 ego
1140 258 1331 311 quamuis
1360 270 1440 300 non
1470 260 1576 300 esset
1605 260 1714 301 lecta
1735 272 1830 302 sen-

308 329 455 383 tentia,
489 328 530 370 et
552 328 610 370 sic
632 328 681 369 de
703 328 852 383 gaudio
875 327 1089 370 dilationis
1119 328 1310 382 acceptae
1332 329 1440 370 laeto
1465 329 1689 371 admodum
1712 329 1834 372 corde

308 397 524 451 resipisco:
547 398 664 439 metu
685 398 828 439 tamen
846 397 1202 451 interpretationis
1225 397 1408 440 incertae
1430 397 1489 439 sic
1509 398 1755 450 tremebam,
1785 400 1835 441 ut

309 467 509 521 reliquiae
530 466 767 510 formidinis
790 480 858 510 cor
879 468 1067 509 exultans
1090 467 1225 509 adhuc
1246 468 1334 509 toto
1356 479 1507 521 pauore
1528 460 1771 521 pulsarent³.

369 536 479 589 Quid
508 536 585 579 hac
615 537 869 579 reuelatione
904 537 1182 588 manifestiuS‚
1224 537 1324 590 quid
1359 538 1435 579 hac
1466 538 1705 593 dignatione
1736 537 1862 580 feli-⁵

310 606 428 649 cius?
464 607 559 649 ante
595 607 662 648 illi
697 607 909 661 praedicta
946 608 1043 649 sunt
1079 607 1217 649 omnia
1253 620 1535 662 quaecumque
1569 608 1835 662 postmodum

311 675 532 718 subsecuta
570 676 678 718 sunt.
717 676 824 718 nihil
856 675 905 718 de
928 676 1004 718 Dei
1035 676 1174 718 uerbis
1203 676 1491 729 imminutum,
1528 677 1635 719 nihil
1667 677 1717 719 de
1746 678 1836 719 tam

307 745 450 787 sancta
478 745 748 798 promissione
777 745 1034 787 mutilatum.
1067 745 1232 800 singula
1261 746 1437 799 denique
1466 746 1694 788 secundum
1723 746 1835 800 quod

306 816 469 858 ostensa
490 816 588 857 sunt
609 815 902 870 recognoscite.
933 815 1180 857 dilationem
1200 815 1309 869 petit
1330 815 1515 868 crastini,
1547 829 1642 858 cum
1664 816 1714 857 de
1735 828 1833 868 pas-

307 884 434 927 sionis
464 884 670 927 sententia
701 884 969 939 cogitaretur,
1004 885 1217 938 postulans
1247 886 1295 927 ut
1323 898 1388 927 res
1417 898 1511 927 suas
1541 885 1608 927 die
1638 885 1713 927 illo
1743 896 1870 938 quom

307 954 591 1008 inpetrauerat
612 953 833 995 ordinaret.
856 953 924 995 hic
945 954 1033 996 dies
1055 967 1161 996 unus
1183 953 1447 1009 significabat
1468 967 1636 1009 annum,
1661 967 1741 1007 quo
1759 953 1833 996 ille

306 1024 401 1077 post
437 1023 639 1065 uisionem
677 1024 845 1065 acturus
881 1023 925 1065 in
955 1023 1117 1066 saeculo
1154 1022 1304 1066 fuerat.
1342 1036 1452 1074 nam,
1489 1024 1537 1065 ut
1566 1023 1832 1065 manifestius

308 1094 457 1148 dicam,
492 1107 538 1136 60
568 1095 634 1136 (116
663 1095 757 1148 post
789 1095 981 1136 exactum
1013 1107 1169 1135 annum
1200 1094 1418 1135 coronatus
1447 1093 1521 1144 est⁷
1554 1105 1632 1147 quo
1661 1094 1737 1136 hoc
1765 1092 1833 1135 illi

307 1164 401 1208 ante
430 1177 584 1206 annum
614 1164 751 1206 fuerat
780 1164 1003 1206 ostensum.
1039 1163 1149 1205 diem
1178 1164 1319 1206 autem
1341 1164 1523 1216 Domini,
1555 1163 1635 1206 etsi
1655 1175 1736 1205 non
1757 1176 1831 1205 an-

306 1247 408 1275 num
438 1234 482 1275 in
513 1234 669 1276 diuinis
702 1233 858 1276 litteris
889 1233 1084 1287 legimus,
1121 1232 1387 1287 promissioni
1419 1234 1560 1275 tamen
1590 1232 1828 1274 futurorum
1842 1250 1875 1275 15

307 1302 499 1345 debitum
521 1303 628 1345 illud
650 1304 816 1357 ternpus
838 1302 1078 1356 accipimus.
1102 1302 1210 1344 unde
1231 1302 1339 1344 nihil
1357 1302 1543 1353 interest,
1567 1302 1602 1344 si
1623 1314 1732 1344 nunc
1754 1301 1830 1343 sub

307 1372 390 1414 diei
422 1371 722 1427 significatione
753 1373 866 1414 solus
897 1385 1028 1414 annus
1062 1372 1252 1414 ostensus
1284 1372 1359 1423 est,
1396 1372 1494 1425 quia
1525 1371 1633 1413 illud
1664 1371 1832 1425 plenius

307 1440 430 1483 debet
452 1453 539 1483 esse
562 1441 671 1495 quod
692 1441 827 1483 maius
849 1441 924 1483 est.
948 1440 1058 1494 quod
1078 1452 1175 1483 uero
1196 1441 1302 1483 nutu
1323 1441 1463 1495 potius
1486 1441 1527 1482 et
1542 1452 1624 1482 non
1646 1452 1831 1482 sermone

306 1512 518 1567 prolatum
549 1512 624 1563 est,
654 1510 1024 1565 repraesentationi
1046 1510 1246 1565 temporis
1267 1510 1514 1552 seruabatur
1535 1510 1736 1552 sermonis
1759 1522 1829 1551 ex-

307 1581 483 1635 pressio:
519 1580 624 1622 solet
656 1580 767 1622 enim
799 1580 899 1622 tunc
930 1579 1069 1622 uerbis
1101 1579 1388 1633 quodcumque
1418 1578 1605 1634 proferri,
1638 1579 1827 1632 quotiens
1840 1599 1875 1624 20

308 1649 515 1703 quidquid
543 1649 750 1703 profertur
777 1650 990 1704 impletur.
1027 1662 1124 1691 nam
1145 1649 1186 1690 et
1207 1662 1302 1691 uere
1331 1661 1451 1691 nemo
1482 1648 1678 1702 cognouit
1707 1660 1833 1702 quare

307 1718 384 1760 hoc
406 1719 619 1761 ostensum
641 1717 803 1770 fuisset,
825 1719 907 1761 nisi
927 1719 1020 1772 post
1038 1707 1181 1760 ecdem
1198 1718 1265 1760 die
1283 1731 1361 1772 quo
1375 1718 1418 1760 id
1431 1717 1595 1760 uiderat
1614 1717 1832 1760 coronatus

308 1788 384 1830 est.
407 1788 546 1830 medio
566 1787 697 1830 nihilo
714 1788 853 1830 minus
875 1788 1061 1842 tempore
1082 1787 1305 1830 imminens
1327 1787 1462 1841 passio
1479 1799 1551 1841 pro
1570 1786 1679 1829 certo
1697 1786 1833 1828 omni-

308 1857 387 1900 bus
417 1857 649 1900 sciebatur:
681 1858 889 1913 passionis
921 1859 1064 1900 tamen
1097 1857 1183 1900 dies
1214 1859 1350 1900 certus
1380 1859 1430 1901 ab
1454 1858 1611 1900 eisdem
1642 1856 1836 1899 omnibus

382 2008 403 2042 1
421 2018 492 2042 non
510 2020 534 2052 μ
551 2017 578 2042 ε.
598 2007 621 2042 Ζ.
638 2018 684 2042 m.
704 2008 731 2044 ,2
801 2006 906 2052 lecta]
925 2006 1001 2040 lata
1014 2017 1045 2040 w
1117 2007 1139 2041 2
1157 2008 1192 2041 et
1210 2007 1259 2041 sic
1276 2006 1421 2050 scripsi,
1441 2006 1510 2040 etsi
1529 2006 1641 2051 Τωμυ
1713 2006 1734 2040 3
1750 2005 1838 2040 resi-

310 2065 422 2110 pisco]
443 2064 634 2110 gauderem
650 2076 671 2100 v
789 2064 924 2099 incerte
942 2076 1011 2109 τυμ,
1031 2063 1166 2098 incerta
1188 2065 1220 2099 T
1327 2064 1391 2109 sic]
1411 2065 1467 2098 est
1486 2063 1519 2098 Τ
1620 2063 1829 2109 tremebam]

311 2123 459 2157 tenebar
476 2134 521 2158 ex
537 2122 729 2157 tenebatur
746 2133 778 2157 w
847 2122 871 2156 4
887 2122 1031 2167 pauore]
1051 2122 1130 2166 pari
1149 2122 1182 2156 Τ
1250 2122 1448 2166 repulsaret
1470 2122 1509 2164 T,
1529 2121 1754 2166 repulsarent
1771 2125 1786 2156 t

309 2181 332 2215 5
349 2181 436 2215 haec
457 2181 491 2216 T
611 2180 631 2215 7
651 2181 771 2214 secuta
787 2191 819 2214 w
945 2179 1191 2225 imminutum]
1210 2180 1445 2214 immutatum
1461 2190 1493 2213 w
1610 2179 1653 2213 de
1670 2190 1736 2214 om.
1756 2179 1789 2213 T

308 2240 332 2274 8
350 2240 509 2273 sanctam
525 2238 796 2284 promissionem
814 2239 847 2273 T
955 2237 1169 2272 mutilatum
1187 2240 1241 2272 est
1256 2252 1291 2283 μ,
1311 2238 1486 2272 utilatum
1504 2239 1541 2272 ct
1561 2238 1600 2279 T,
1620 2249 1665 2271 m.
1686 2236 1747 2271 sed
1760 2248 1791 2271 w

310 2296 455 2341 singula
474 2323 482 2330 .
497 2323 504 2330 .
521 2323 528 2330 .
548 2296 789 2341 recognoscite
807 2295 892 2330 add.
914 2296 958 2340 μῖ
974 2296 1016 2331 in
1032 2306 1149 2341 mary.
1277 2296 1299 2331 9
1316 2295 1534 2330 delationem
1556 2295 1589 2329 T
1696 2295 1741 2329 10
1758 2305 1838 2329 sen-

310 2354 429 2388 tentia
446 2354 623 2399 passionis
642 2354 819 2399 cogitaret
836 2365 867 2387 w
993 2364 1061 2398 quo
1079 2353 1153 2395 Tw,
1188 2364 1293 2398 quem
1310 2365 1341 2395 v,
1360 2364 1425 2387 om.
1446 2366 1471 2398 μ
1597 2352 1641 2386 13
1660 2351 1836 2397 exactum]

315 2412 446 2446 esitum
463 2422 554 2447 corr.
572 2412 615 2446 in
632 2412 766 2446 exitum
784 2411 867 2446 anni
887 2425 912 2456 μ
929 2422 974 2446 m.
994 2414 1018 2446 2
1187 2412 1267 2456 quo]
1287 2410 1380 2455 quod
1401 2411 1434 2445 T
1593 2409 1659 2444 hoc
1676 2420 1742 2444 om.
1760 2420 1793 2444 w

316 2469 361 2503 14
378 2471 499 2504 autem
516 2469 611 2504 diem
628 2473 642 2504 t
750 2480 820 2504 non
837 2480 902 2504 om.
927 2470 961 2504 T
1067 2470 1110 2504 16
1129 2469 1327 2513 accepimus
1346 2482 1382 2513 μ,
1401 2467 1617 2512 accipiamus
1635 2478 1667 2501 w
1775 2466 1841 2501 sub

317 2537 384 2561 om.
403 2541 441 2572 μ,
460 2527 637 2562 sententie
656 2538 687 2561 w
851 2527 894 2561 17
913 2527 1173 2571 significationi
1192 2527 1225 2561 T
1385 2525 1539 2561 offensus
1559 2538 1584 2569 μ
1741 2524 1838 2569 quia]

315 2595 388 2629 qua
405 2586 438 2619 T
528 2585 572 2619 18
585 2595 659 2619 6556
672 2584 778 2619 debet
796 2585 829 2619 T
920 2585 964 2619 19
977 2585 1158 2629 prolatum
1173 2596 1243 2629 ωμ,
1263 2584 1450 2628 planatum
1469 2583 1509 2624 T,
1529 2582 1761 2627 explanatum
1774 2594 1795 2618 v

311 2642 485 2686 temporis
507 2643 540 2677 T
553 2653 580 2677 s.
600 2643 622 2677 l.
641 2654 687 2678 m.
706 2645 730 2678 2
853 2643 1017 2677 seruatur
1036 2654 1094 2688 1ομ
1219 2642 1267 2676 20
1283 2641 1386 2686 solet]
1407 2640 1466 2675 sed
1484 2642 1519 2675 ct
1536 2651 1568 2674 w
1686 2640 1730 2674 21
1748 2651 1829 2675 uere

314 2700 446 2732 nature
465 2710 496 2732 w
629 2700 675 2734 22
692 2700 724 2734 61
741 2701 922 2735 ostensum
940 2712 961 2735 v
1087 2700 1170 2744 11151]
1189 2699 1263 2734 11151
1282 2699 1366 2744 quia
1383 2709 1404 2734 v
1529 2698 1720 2742 postquam
1737 2709 1796 2743 1ομ

312 2765 382 2799 quo
405 2755 454 2800 id]
476 2756 570 2800 quod
593 2757 633 2798 T,
651 2768 720 2801 quo
740 2769 800 2802 ωμ
954 2757 999 2792 23
1016 2757 1111 2792 nihil
1128 2757 1285 2792 hominis
1303 2768 1335 2791 w
1485 2765 1547 2800 pro
1566 2757 1661 2790 certo
1679 2766 1745 2790 om.
1763 2766 1796 2790 w

312 2813 358 2847 ab
377 2814 541 2848 omnibus
560 2825 641 2859 wne
781 2815 827 2849 24
844 2814 971 2850 iisdem
988 2826 1008 2849 υ
