2032 3248
366 221 446 263 132
775 219 965 255 Arnobii
995 221 1209 256 aduersus
1238 222 1447 256 nationes

363 351 450 380 esse
481 337 639 379 editum
668 336 797 389 patre,
829 347 1072 390 magnorum
1100 348 1186 378 esse
1217 338 1515 390 procreatorem
1546 338 1727 390 deorum,
1760 339 1863 381 uiti-

362 409 538 449 satorem
578 405 812 448 falciferum
855 406 1041 447 uetustas
1083 405 1214 447 edidit
1254 406 1387 459 prisca
1418 408 1459 448 et
1490 407 1697 450 minorum
1727 409 1860 450 trans-

295 476 348 518 30
361 476 478 518 misit
517 475 658 517 aetati.
710 487 806 516 nam
843 474 941 528 quid
974 473 1022 516 de
1062 474 1149 528 ipso
1191 474 1375 517 dicemus
1407 476 1529 528 Ioue,
1572 490 1694 530 quem
1734 478 1859 520 solem

363 557 448 587 esse
489 544 730 586 dictitauere
771 543 999 596 sapienteS‚
1049 543 1278 598 agitantem
1318 545 1511 597 pinnatos
1554 558 1696 588 currus
1738 546 1861 587 turba

362 614 628 667 consequente
659 612 868 663 diuorum,
909 612 1074 654 aethera
1104 613 1292 654 nonnulli
1322 613 1569 668 flagrantem
1600 616 1643 656 ui
1672 614 1861 657 flammea
1890 630 1906 654 5

361 686 483 737 atque
513 682 667 724 ardoris
688 681 997 736 inextinguibili
1028 682 1252 724 uastitate?
1286 685 1391 736 quod
1414 683 1449 725 si
1470 684 1601 737 liquet
1623 684 1664 726 et
1683 684 1859 735 constat,

361 753 501 794 nullus
543 763 635 806 ergo
667 752 831 793 omnino
862 752 923 793 est
963 751 1079 793 uobis
1119 751 1356 793 auctoribus
1387 752 1592 806 Iuppiter,
1635 753 1705 806 qui
1745 753 1860 807 patre

361 821 496 863 editus
518 821 690 864 Saturno
721 822 842 874 atque
864 819 948 874 Ope
979 821 1124 871 matre,
1158 821 1205 862 ut
1236 821 1433 876 genitoris
1465 822 1654 864 euaderet
1685 822 1857 874 rabiem,

360 890 403 932 in
433 890 689 932 Cretensium
730 890 879 932 finibus
920 893 1171 931 memoratur
1213 902 1299 932 esse
1331 891 1498 933 celatus.
1546 891 1632 933 iam
1662 904 1757 934 uero
1788 892 1860 934 Iu-

362 972 511 1002 nonem
541 960 720 1013 opinatio
752 971 886 1001 nonne
918 960 1143 1002 consimilis
1176 961 1345 1002 deorum
1375 961 1488 1003 tollit
1518 974 1539 1002 e
1570 963 1721 1003 censu?
1763 973 1859 1002 nam
1873 976 1907 1000 ιο

360 1030 395 1071 si
424 1042 493 1071 aer
523 1028 597 1070 illa
628 1030 701 1079 est⁷
734 1028 1078 1082 quemadmodum
1109 1041 1182 1070 uos
1213 1029 1355 1071 ludere
1377 1043 1423 1072 ac
1444 1030 1635 1073 dictitare
1667 1042 1857 1073 consues-

248 1108 347 1145 fivfib
359 1099 414 1141 tis
453 1097 595 1141 Graeci
640 1098 816 1139 nominis
851 1096 856 1152 1
891 1098 1226 1151 praeposteritate
1272 1099 1466 1152 repetita,
1518 1100 1632 1141 nulla
1669 1111 1780 1142 soror
1817 1099 1858 1141 et

363 1168 535 1211 coniunx
566 1166 855 1220 omnipotentis
891 1166 1117 1219 reperietur
1147 1167 1278 1219 Iouis,
1324 1167 1440 1210 nulla
1471 1168 1711 1221 Fluuionia,
1742 1168 1858 1210 nulla

362 1238 389 1290 †
420 1239 613 1286 Pomana,
644 1236 759 1277 nulla
789 1234 1053 1289 Ossipagina,
1085 1235 1200 1277 nulla
1230 1236 1421 1278 Februtis
1452 1237 1679 1291 Populonia
1709 1236 1859 1279 Cinxia

361 1305 603 1360 Caprotina,
641 1307 763 1359 atque
794 1305 854 1347 ita
884 1305 1109 1358 reperietur
1138 1305 1383 1347 inanissima
1414 1318 1498 1348 esse
1528 1306 1650 1349 istius
1681 1307 1857 1348 nominis
1870 1321 1902 1346 ιε»

292 1375 340 1417 31
358 1375 468 1418 fictio
499 1375 700 1429 opinionis
732 1387 884 1417 uacuae
915 1374 1156 1417 celebritate
1177 1374 1361 1430 uulgata.
1394 1375 1652 1427 Aristoteles,
1686 1376 1732 1417 ut
1754 1375 1858 1418 Gra-

359 1445 453 1487 nius
483 1445 704 1495 memorat‚
736 1444 801 1486 uir
829 1444 993 1498 ingenio
1024 1444 1267 1498 praepotens
1298 1445 1422 1497 atque
1452 1444 1494 1486 in
1525 1445 1709 1487 doctrina
1738 1457 1858 1499 prae-

359 1515 503 1568 cipuus
554 1514 785 1556 Mineruam
828 1525 915 1555 esse
955 1513 1116 1555 Lunam
1155 1514 1438 1567 probabilibus
1479 1514 1736 1568 argumentis
1789 1526 1857 1555 ex-

359 1584 488 1638 plicat
528 1584 568 1625 et
607 1583 793 1625 litterata
830 1582 1076 1624 auctoritate
1118 1582 1385 1625 demonstrat.
1435 1584 1604 1625 eandem
1643 1584 1746 1625 hanc
1785 1582 1857 1624 alii

360 1652 588 1695 aetherium
609 1652 807 1693 uerticem
828 1652 868 1693 et
889 1651 1146 1693 summitatis
1167 1651 1299 1704 ipsius
1322 1664 1408 1694 esse
1429 1664 1635 1694 summam
1651 1651 1855 1701 dixerunt,
1870 1667 1903 1693 20

359 1722 599 1764 memoriam
630 1721 837 1772 nonnulli,
881 1721 986 1762 unde
1017 1721 1153 1774 ipsum
1185 1732 1332 1762 nomen
1363 1721 1554 1763 Minerua
1585 1721 1701 1774 quasi
1732 1732 1857 1774 quae-

359 1792 455 1833 dam
484 1791 740 1833 Meminerua
771 1790 994 1832 formatum
1022 1790 1097 1831 est.
1129 1790 1275 1844 quodsi
1304 1790 1457 1844 accipit
1485 1802 1548 1832 res
1575 1790 1710 1841 fidem,
1742 1789 1858 1831 nulla

361 1862 422 1902 est
459 1872 552 1915 ergo
583 1860 707 1902 Metis
744 1860 852 1910 filia,
890 1859 1005 1900 nulla
1046 1859 1250 1900 Victoriae
1277 1881 1315 1910 *‚
1355 1859 1472 1901 nulla
1509 1859 1620 1901 Iouis
1660 1860 1770 1901 elata
1808 1858 1857 1900 de

360 1930 519 1972 cerebro
549 1929 756 1971 inuentrix
787 1930 910 1978 oleae,
943 1928 1058 1970 nulla
1089 1929 1342 1983 magisteriis
1374 1928 1527 1970 artium
1558 1929 1598 1970 et
1618 1927 1858 1982 disciplina-

359 2012 451 2040 rum
471 1998 746 2040 uarietatibus
775 1999 948 2040 erudita.
995 1998 1103 2051 quod
1133 2011 1240 2051 aqua
1270 1999 1399 2040 nubat
1427 2000 1594 2050 terram,
1627 1997 1857 2052 appellatus
1871 2009 1904 2035 2⁵

360 2068 434 2118 est,
466 2067 669 2121 inquiunt,
702 2068 1096 2122 cognominatusque
1117 2067 1348 2120 Neptunus.
1397 2067 1433 2108 si
1466 2079 1561 2122 ergo
1592 2066 1763 2120 liquoris
1786 2078 1856 2118 op-

359 2136 488 2178 tentio
528 2136 707 2178 nominis
748 2136 868 2177 huius
891 2136 1182 2190 vappellatione
1222 2136 1425 2190 signatur,
1476 2136 1616 2178 nullus
1658 2136 1757 2177 deus
1796 2134 1858 2175 est

361 2205 521 2247 omnino
562 2205 797 2258 Neptunus,
844 2205 965 2258 atque
1005 2205 1066 2246 ita
1107 2204 1273 2246 tollitur
1313 2205 1354 2246 et
1393 2206 1628 2247 remouetur
1663 2217 1683 2245 e
1723 2203 1856 2245 medio

498 2307 540 2341 16
565 2307 747 2341 Valentini
770 2307 861 2341 Rose
885 2306 1096 2341 Aristoteles
1121 2306 1445 2351 pseudepigraphus
1470 2317 1504 2351 p.
1532 2306 1598 2341 616

405 2411 424 2445 1
442 2421 650 2455 magnorum
667 2411 751 2455 esse]
770 2421 978 2455 magnorum
996 2412 1031 2444 et
1054 2410 1122 2445 Urs
1260 2410 1282 2444 3
1299 2410 1371 2444 iam
1388 2410 1577 2445 Meursius
1714 2409 1735 2444 5
1759 2408 1857 2442 flam-

359 2478 417 2502 ma
434 2469 469 2502 P
485 2479 565 2503 corr
582 2479 600 2503 c
738 2469 758 2502 6
782 2467 918 2502 ardoris
937 2467 1030 2502 Sab:
1056 2467 1194 2502 ardores
1214 2467 1249 2501 P
1386 2466 1673 2511 inextinguibilis
1698 2466 1768 2500 Urs

359 2525 380 2560 8
405 2525 503 2559 ditus
529 2526 564 2560 P
587 2536 669 2560 corr
694 2536 711 2560 c
886 2524 1007 2559 madre
1033 2525 1069 2559 P
1092 2535 1174 2559 corr
1352 2524 1500 2558 *rabiem
1527 2524 1562 2558 P
1737 2523 1757 2556 9
1783 2532 1858 2557 cae-

358 2582 452 2617 latus
469 2583 504 2617 P
644 2583 687 2618 12
711 2582 1109 2626 ******praeposteritate
1127 2582 1162 2616 P
1299 2581 1342 2617 13
1367 2581 1537 2616 flubionia
1554 2580 1590 2624 (b
1609 2581 1650 2615 in
1667 2592 1689 2614 u
1707 2581 1802 2623 corr)
1820 2580 1855 2614 P

358 2639 532 2673 Fluuonia
548 2640 607 2674 uel
623 2640 772 2674 Fluonia
794 2639 863 2674 Urs
967 2639 1010 2673 14
1026 2639 1184 2673 Pomona
1203 2638 1276 2674 Sab
1381 2638 1541 2673 Februlis
1566 2638 1634 2672 Urs
1739 2638 1781 2671 16
1798 2636 1857 2671 fic-

358 2697 410 2731 tio
437 2697 528 2731 Sab:
563 2697 684 2732 finctio
709 2697 745 2731 P
880 2697 1074 2731 aristotelis
1100 2697 1135 2730 P
1272 2696 1316 2730 20
1347 2696 1519 2730 etherium
1546 2695 1582 2729 P
1717 2694 1760 2728 21
1786 2704 1856 2728 me-

358 2754 527 2789 moriam*
553 2755 587 2788 P
723 2754 767 2789 23
792 2754 919 2788 mentis
942 2753 1022 2794 Sal),
1041 2765 1061 2787 r
1201 2753 1357 2787 Victoria
1387 2753 1551 2796 Cuperus
1689 2752 1858 2786 lacunam

358 2812 526 2856 siynaui:
563 2811 654 2847 socia
684 2812 743 2846 uel
775 2812 948 2856 gestatrix
972 2812 1032 2845 uel
1062 2812 1177 2846 simile
1210 2811 1359 2845 uerbum
1391 2809 1579 2844 intercidit
1762 2808 1856 2842 elata

359 2869 431 2904 Sab
464 2869 573 2903 ellata.
598 2870 633 2903 P
662 2871 748 2903 nata
779 2869 846 2903 Urs
878 2870 981 2902 enata
1007 2868 1109 2902 Salm
1292 2867 1336 2901 24
1360 2866 1459 2900 nulla
1485 2865 1663 2900 inuentrix
1696 2865 1765 2899 Urs

358 2926 561 2971 magisteris
587 2927 622 2960 P
645 2937 726 2961 corr
