2032 3248
385 216 436 257 12
793 215 978 249 Aruobii
1009 216 1223 250 aduersus
1256 216 1460 251 nationes

381 331 601 372 admodum
625 331 733 373 enim
763 343 827 372 res
859 331 927 386 agi
959 332 999 373 et
1028 344 1154 385 usque
1185 332 1235 373 ad
1266 332 1340 373 hoc
1370 333 1531 385 tempus
1561 344 1687 386 genus
1719 332 1872 386 quisset

381 401 525 442 durare
552 400 803 453 mortalium,
835 400 870 441 si
900 412 979 441 11011
1000 401 1137 442 omnia
1168 413 1269 454 quae
1304 413 1400 443 usus
1421 401 1531 443 uitae
1566 402 1747 454 posceret
1777 402 1873 442 sub-

316 469 631 516 15ministraret
675 469 865 511 fertilitas
910 472 1073 511 rerum?
1114 470 1183 511 sed
1222 469 1387 511 fuerunt
1426 470 1640 523 aliquando
1678 470 1872 512 nonnulla

378 537 418 578 in
451 538 761 580 necessitatibus
792 539 995 592 tempora:
1029 539 1068 580 et
1090 539 1269 580 relaxata
1299 540 1396 580 sunt
1427 539 1690 580 abundantiis
1712 551 1870 588 rursus;

378 607 517 648 contra
556 607 813 649 uoluntatem
854 609 1052 661 quaedam
1093 608 1200 650 bella
1245 608 1551 650 administrata:
1603 608 1643 649 et
1687 608 1871 650 uictoriis
1902 623 1917 646 5

377 675 635 728 postmodum
658 676 987 730 successibusque
1019 678 1208 719 correcta.
1249 677 1347 730 quid
1378 689 1485 732 ergo,
1517 677 1698 718 dicemus
1725 677 1870 718 iniuri-

377 756 493 785 arum
529 745 758 786 nostrarum
797 745 889 786 deos
928 745 1046 787 modo
1085 757 1283 787 memores
1323 759 1409 788 esse
1445 745 1564 787 modo
1604 757 1687 787 esse
1733 758 1870 788 rursus

375 813 663 856 immemores?
712 814 747 856 si
786 827 863 868 quo
908 815 1089 869 tempore
1131 815 1260 857 fames
1303 816 1363 856 est
1403 814 1498 856 irati
1539 826 1624 856 esse
1666 814 1868 868 dicuntur,

375 882 557 935 sequitur
587 885 633 924 ut
654 883 926 925 abundantiae
956 884 1136 937 tempore
1165 884 1261 926 irati
1283 885 1323 925 et
1345 883 1533 925 difficiles
1564 895 1644 924 non
1670 884 1774 925 sint:
1806 884 1870 925 at-

375 964 450 1004 que
480 951 540 993 ita
560 953 794 1005 perducitur
822 965 885 994 res
914 964 958 994 eo
988 953 1035 994 ut
1056 953 1214 994 uicibus
1245 953 1414 994 ludicris
1444 953 1485 994 et
1512 952 1663 1006 ponant
1693 953 1735 994 et
1755 965 1868 1005 repe·
1883 965 1914 989 10

372 1020 464 1061 tant
494 1020 574 1062 iras
606 1022 646 1063 et
676 1022 719 1062 in
750 1022 956 1076 integrum
987 1036 1028 1065 se
1060 1034 1217 1075 semper
1246 1022 1512 1064 offensionum
1537 1043 1558 1063 ÷÷
1593 1022 1869 1064 recordatione

310 1084 359 1141 '10
373 1089 602 1131 restituant.
651 1103 898 1144 quamquam
933 1092 1045 1134 istud
1083 1092 1188 1145 quod
1219 1091 1372 1133 dicitur
1402 1091 1520 1144 qua-le
1550 1091 1605 1133 sit
1636 1090 1867 1144 explicabili

372 1169 449 1198 non
502 1160 637 1212 potest
689 1161 1025 1213 conprehensione
1070 1161 1266 1215 cognosci.
1340 1159 1375 1201 si
1421 1160 1671 1201 Alamannos
1722 1159 1866 1202 Persas

372 1225 542 1281 Scythas
574 1228 722 1270 idcirco
753 1230 972 1271 uoluerunt
1004 1230 1175 1280 deuinci‚
1208 1230 1313 1283 quod
1344 1229 1579 1271 habitarent
1606 1230 1646 1270 et
1674 1227 1868 1283 degerent

371 1296 411 1337 in
444 1308 583 1338 eorum
612 1298 804 1352 gentibus
826 1298 1070 1341 Christiani:
1102 1299 1444 1353 quemadmodum
1465 1298 1660 1340 Romanis
1689 1297 1867 1339 tribuere
1880 1313 1910 1336 15

370 1365 596 1417 uictoriam,
629 1380 721 1409 cum
752 1368 982 1410 habitarent
1013 1369 1053 1410 et
1081 1369 1277 1424 degerent
1306 1368 1349 1409 in
1371 1380 1510 1409 eorum
1541 1379 1698 1420 quoque
1728 1367 1866 1421 genti-

281 1446 303 1478 f.
318 1447 355 1480 cb
370 1435 444 1477 bus
474 1434 730 1478 Christiani?
776 1437 811 1478 si
841 1437 883 1478 in
914 1437 1031 1485 Asia,
1072 1436 1188 1491 Syria
1217 1437 1366 1478 idcirco
1396 1449 1531 1478 mures
1572 1437 1613 1478 et
1652 1436 1830 1478 locustas
1856 1435 1860 1491 Ι

369 1503 623 1546 efferuescere
644 1506 927 1560 prodigialiter
946 1507 1177 1557 uoluerunt,
1209 1506 1310 1558 quod
1345 1505 1501 1547 ratione
1522 1504 1725 1546 consimili
1746 1504 1863 1546 habi-

368 1574 502 1615 tarent
531 1574 576 1614 in
606 1585 745 1616 eorum
776 1574 967 1629 gentibus
998 1573 1241 1616 Christiani:
1287 1574 1329 1614 in
1360 1573 1581 1626 Hispania,
1624 1573 1761 1617 Gallia
1792 1586 1863 1615 cur

369 1641 508 1683 eodem
537 1643 717 1696 tempore
747 1643 892 1685 horum
923 1643 1027 1684 1111111
1058 1644 1201 1684 natum
1224 1643 1296 1693 est,
1329 1655 1422 1684 cum
1449 1642 1652 1684 innumeri
1673 1642 1862 1684 uiuerent
1875 1653 1907 1678 20

369 1711 410 1752 in
441 1711 504 1752 his
536 1723 693 1764 quoque
722 1712 943 1765 prouinciis
973 1711 1225 1754 Christiani?
1276 1711 1310 1753 si
1351 1713 1456 1765 apud
1488 1712 1696 1762 Gaetulos,
1720 1713 1746 1763 †
1768 1724 1861 1753 cum

368 1780 580 1832 aquitanos
625 1781 746 1822 huius
785 1780 844 1822 rei
882 1794 1000 1823 causa
1039 1781 1266 1823 siccitatem
1306 1781 1405 1822 satis
1436 1774 1749 1833 ariditatemque
1781 1780 1860 1821 mi-

368 1851 520 1900 serunt,
552 1861 596 1891 eo
627 1862 729 1892 anno
762 1862 831 1891 cur
860 1862 1010 1892 messes
1041 1850 1317 1904 amplissimas
1348 1849 1504 1891 Mauris
1525 1849 1860 1902 Nomadibusque

366 1919 621 1970 tribuerunt,
667 1931 760 1960 cum
790 1919 933 1973 religio
964 1918 1113 1961 similis
1144 1918 1208 1960 his
1241 1931 1398 1972 quoque
1428 1919 1470 1959 in
1501 1918 1733 1972 regionibus
1763 1930 1856 1959 uer-

366 1988 551 2030 teretur?
597 1988 632 2030 si
661 1988 705 2029 in
735 1988 904 2029 ciuitate
934 1987 1202 2040 unaqualibet
1232 1987 1340 2029 fame
1360 1986 1558 2040 plurimos
1581 1986 1708 2028 emori
1730 1986 1857 2027 nostri
1873 1998 1904 2022 25

366 2057 541 2099 nominis
572 2057 783 2099 auersione
814 2057 1009 2107 fecerunt,
1041 2069 1113 2098 cur
1143 2055 1298 2098 ibidem
1329 2055 1547 2097 annonaria
1577 2055 1748 2097 caritate
1778 2066 1855 2096 non

366 2126 530 2166 tantum
561 2126 736 2180 corporis
775 2138 854 2167 non
893 2125 1022 2166 nostri
1062 2137 1204 2166 uerum
1244 2124 1369 2166 etiam
1400 2123 1649 2166 Christianos
1689 2124 1856 2165 ditiores

367 2196 407 2236 et
436 2194 778 2248 locupletissimos
810 2194 1100 2236 reddiderunt?
1147 2195 1218 2235 aut
1248 2194 1377 2248 igitur
1408 2194 1543 2235 cuncti
1565 2193 1670 2234 nihil
1701 2193 1855 2234 laetum

362 2379 365 2382 ¹
411 2389 427 2421 1
455 2387 589 2432 quisset
613 2388 759 2432 scripsi:
791 2387 869 2432 quis
895 2388 931 2421 P
962 2387 1023 2431 qui
1048 2386 1132 2429 Sab,
1157 2398 1176 2421 o·
1208 2387 1325 2431 quiret
1355 2387 1423 2421 Urs
1566 2387 1588 2421 2
1613 2387 1734 2420 durare
1768 2386 1853 2420 Urs.-

363 2446 504 2479 duraret
528 2446 563 2479 P
710 2445 808 2479 uitae
832 2444 1122 2479 Kzunssmamms:
1149 2445 1190 2478 ut
1216 2445 1252 2478 P
1276 2455 1331 2478 om
1357 2444 1447 2478 Sao>
1577 2443 1600 2477 4
1624 2446 1662 2478 at
1694 2443 1762 2477 Urs

362 2501 585 2536 abundantiis
603 2503 638 2537 P
728 2502 968 2536 abundantiis.
986 2513 1106 2536 rursus
1123 2505 1207 2536 ante
1224 2502 1517 2535 Klussmavmum
1610 2502 1631 2535 5
1648 2502 1685 2535 at
1708 2500 1776 2535 Urs

363 2559 518 2594 uictoriis
543 2561 578 2594 P
713 2561 735 2594 8
759 2559 862 2593 famis
888 2560 923 2594 P
946 2570 1026 2594 corr
1177 2559 1219 2593 10
1243 2558 1404 2593 ludi-ieris
1423 2559 1458 2593 P
1481 2569 1563 2593 corr
1712 2559 1753 2591 11
1780 2569 1851 2592 sese

361 2627 421 2660 per
457 2616 687 2652 offensionum
723 2617 998 2651 recordationem
1032 2617 1099 2651 Urs
1244 2620 1327 2660 post
1364 2615 1590 2650 offensionum
1626 2615 1851 2650 ‘intercidisse

360 2674 536 2709 uidentur
567 2686 658 2709 nune
684 2677 783 2709 uenia
807 2685 899 2709 nunc
924 2675 983 2709 uel
998 2674 1130 2708 similia
1269 2674 1312 2707 13
1329 2673 1544 2707 aliainannos
1562 2673 1597 2706 P
1613 2683 1694 2707 corr
1718 2673 1849 2706 Alanos

366 2731 436 2765 Urs
618 2733 661 2766 14
685 2734 801 2776 scytas
827 2733 862 2766 P
1044 2732 1086 2765 17
1111 2731 1295 2765 christiani
1321 2731 1409 2770 Sal),
1435 2741 1472 2764 r:
1505 2730 1709 2764 christianis
1726 2730 1760 2764 P

359 2788 402 2822 21
428 2789 566 2832 getulos
593 2790 627 2823 P
741 2792 817 2823 tum
843 2789 1039 2832 Aquitanos
1064 2788 1137 2823 Sub
1161 2791 1196 2822 et
1220 2788 1430 2832 Tingitanos
1462 2787 1529 2821 Urs¹
1653 2787 1698 2821 25
1723 2788 1848 2822 semori

359 2845 395 2879 P
418 2855 499 2880 corr
637 2846 680 2880 :28
706 2846 789 2879 laeti
818 2845 890 2879 Sab
