2032 3248
342 174 427 217 200
754 173 947 208 Arnobii
978 174 1192 209 aduersus
1224 175 1432 210 nationes

344 301 392 330 ex
422 301 535 331 more
568 287 766 342 sepelitur
795 288 990 331 humano.
1029 290 1207 345 emergit
1238 290 1288 332 ab
1320 290 1465 332 inferis
1488 289 1616 332 Euius
1648 291 1690 332 et
1710 302 1851 346 recog-

342 358 476 401 noscit
499 357 728 400 extinctum
749 358 918 400 ducem:
944 358 1015 412 qui
1036 359 1083 401 ut
1104 358 1228 401 fidem
1249 360 1475 413 compleret
1495 359 1606 413 pacti
1627 359 1668 401 et
1688 359 1851 402 iurandi

345 426 523 469 solueret
552 427 750 482 religione
781 440 824 469 se
854 427 971 481 iuris,
1003 428 1140 470 locum
1171 428 1310 483 pergit
1340 429 1391 470 ad
1422 428 1577 470 funeris
1609 428 1650 471 et
1680 429 1851 472 ficorum

344 509 391 539 ex
441 497 584 539 arbore
633 509 798 538 ramum
847 496 1156 540 ualidissimum
1204 509 1440 553 praesecans
1491 497 1607 540 dolat
1664 498 1854 540 runcinat

343 565 500 621 leuigat
545 567 587 608 et
626 566 799 608 humani
846 566 1022 620 speciem
1067 567 1295 609 fabricatur
1332 567 1377 609 in
1416 566 1550 620 penis,
1597 566 1689 621 figit
1729 580 1853 621 super
1882 585 1897 608 5

344 647 535 690 aggerem
575 635 729 677 tumuli
769 635 810 677 et
848 635 1008 689 postica
1047 648 1094 678 ex
1135 637 1254 691 parte
1294 636 1473 678 nudatus
1515 635 1671 678 accedit
1711 635 1853 678 subdit

342 704 503 746 insidit.
553 704 724 747 lasciuia
767 704 912 746 deinde
959 704 1156 747 surientis
1203 705 1427 759 adsumpta
1469 704 1549 747 huc
1590 705 1713 759 atque
1750 705 1854 747 illuc

343 773 483 815 clunes
513 774 679 827 torquet
709 773 750 814 et
779 773 1006 815 meditatur
1036 774 1086 816 ab
1118 774 1232 828 ligno
1263 774 1349 828 pati
1381 774 1490 828 quod
1515 774 1600 816 iam
1622 774 1778 816 dudum
1808 774 1853 816 in

278 842 330 882 29
346 843 522 886 ueritate
562 843 821 896 promiserat.
868 855 915 885 ac
944 856 996 885 ne
1026 843 1118 896 quis
1150 843 1254 885 forte
1285 856 1309 885 a
1339 843 1456 885 nobis
1487 843 1576 885 tam
1606 843 1756 897 impias
1786 856 1852 885 ar-

343 912 522 955 bitretur
552 912 744 955 confictas
776 924 841 954 res
872 925 978 967 esse,
1023 913 1235 955 Heraclito
1274 913 1375 955 testi
1405 925 1486 955 non
1516 912 1774 967 postulamus
1806 914 1899 955 ut10

345 981 484 1024 credat
523 995 598 1024 nec
638 981 849 1036 mysteriis
889 981 1084 1024 uolumus
1125 981 1225 1035 quid
1262 994 1385 1036 super
1414 982 1570 1024 talibus
1601 982 1776 1025 senserit
1807 994 1854 1024 ex

343 1041 473 1104 ipsius
504 1050 679 1105 accipiat
709 1050 905 1092 lectione:
945 1050 1079 1093 totam
1108 1050 1337 1105 interroget
1369 1049 1602 1103 Graeciam,
1645 1051 1743 1104 quid
1774 1051 1854 1094 sibi

344 1120 476 1163 uelint
509 1120 554 1162 hi
584 1119 734 1174 phanis,
777 1132 877 1173 quos
917 1132 990 1173 per
1031 1133 1145 1171 rura,
1187 1132 1261 1173 per
1300 1119 1450 1173 oppida
1480 1132 1569 1162 mos
1600 1120 1781 1175 subrigit
1812 1121 1854 1162 et

207 1197 231 1231 fi
247 1196 330 1230 113b
342 1190 563 1231 ueneratur
603 1189 818 1243 antiquus,
859 1189 1040 1231 inueniet
1084 1201 1225 1231 causas
1261 1187 1267 1245 Ι
1303 1202 1370 1232 eas
1403 1202 1490 1232 esse
1521 1202 1621 1244 quas
1652 1189 1852 1232 dicimus:

343 1260 416 1301 aut
455 1259 491 1300 si
531 1258 658 1301 fuerit
697 1259 892 1312 puditum
931 1259 1153 1301 ueritatem
1192 1258 1444 1312 simpliciter
1484 1258 1706 1312 explicare,
1754 1259 1853 1312 quid
1867 1275 1899 1299 15

344 1329 576 1380 obscurare,
619 1327 719 1381 quid
748 1328 887 1383 tegere
929 1340 1095 1370 causam
1125 1328 1231 1370 ritus
1261 1329 1387 1382 atque
1418 1328 1624 1384 originem
1653 1328 1849 1382 proderit,

344 1411 440 1441 cum
470 1397 706 1440 criminatio
736 1398 827 1452 ipsa
856 1397 1072 1453 religionis
1102 1397 1148 1439 in
1178 1410 1221 1439 re
1251 1398 1335 1440 sit?
1366 1398 1466 1452 quid
1487 1398 1626 1440 dicitis
1647 1409 1670 1439 o
1691 1399 1851 1453 gentes,

344 1466 445 1521 quid
474 1467 713 1522 occupatae,
745 1466 846 1521 quid
876 1467 1038 1509 deditae
1068 1467 1322 1521 templorum
1352 1467 1686 1510 uenerationibus
1718 1468 1853 1509 natio-

344 1537 446 1577 nes?
506 1535 558 1577 ad
602 1535 770 1578 haecine
811 1548 884 1578 nos
924 1548 1040 1578 sacra
1080 1535 1259 1578 fiammis
1309 1536 1443 1578 exiliis
1494 1536 1685 1579 caedibus
1728 1537 1853 1589 atque

345 1605 427 1647 alio
471 1617 620 1660 genere
669 1604 968 1659 suppliciorum
1017 1605 1267 1658 compellitis
1314 1606 1355 1647 et
1401 1604 1659 1648 crudelitatis
1705 1605 1852 1647 metu?
1867 1621 1900 1646 20

344 1675 508 1717 hoscine
560 1674 678 1716 nobis
730 1675 826 1716 deos
875 1674 1096 1728 inportatis
1143 1674 1368 1716 insinuatis
1415 1673 1627 1729 infligitis,
1677 1686 1855 1728 quorum

346 1744 503 1786 similes
535 1756 610 1786 nec
639 1755 712 1786 uos
743 1755 829 1785 esse
860 1755 991 1797 neque
1021 1743 1153 1785 alium
1183 1743 1327 1785 uelitis
1359 1756 1608 1797 quemquam
1639 1743 1854 1797 sanguinis

346 1813 464 1856 uobis
493 1813 624 1868 gradu
655 1813 697 1855 et
726 1812 814 1854 iure
852 1811 1154 1854 familiaritatis
1193 1812 1470 1854 adiunctum?
1515 1812 1740 1865 potestisne
1772 1811 1854 1853 im-

346 1881 524 1936 pubibus
556 1882 597 1924 ct
627 1880 899 1936 praetextatis
940 1881 1088 1923 uestris
1119 1893 1219 1935 quas
1250 1880 1374 1923 Liber
1405 1880 1613 1923 induxerit
1643 1881 1854 1935 pactiones

347 1951 432 1994 suis
470 1964 566 1994 cum
604 1950 859 1993 amatoribus
898 1949 1109 1992 indicare?
1154 1949 1329 2004 potestis
1360 1952 1519 1992 uestras
1551 1962 1701 2002 nurus,
1734 1949 1900 2003 quin-25

392 2169 411 2203 1
436 2178 533 2202 more
550 2167 634 2209 Sab,
650 2178 692 2201 r.-
717 2166 808 2201 mole
833 2167 870 2201 P
1000 2166 1172 2212 sepelitur
1196 2166 1281 2208 Sab,
1300 2178 1339 2201 r.-
1365 2167 1517 2211 sepelitu
1536 2168 1571 2202 P
1709 2177 1856 2202 ›memer-

345 2225 402 2270 git
419 2225 456 2261 P
592 2224 704 2259 Euius
723 2224 845 2260 Salm:
870 2223 969 2259 cuius
987 2225 1024 2259 P
1046 2224 1186 2259 euhiius
1204 2224 1277 2259 Sab
1302 2224 1451 2269 euhyius
1471 2225 1540 2260 θεῖ
1678 2225 1699 2259 2
1717 2223 1856 2259 iurandi

349 2283 428 2326 θεῖ,
452 2293 492 2317 r.-
516 2282 676 2317 iurandis
701 2282 738 2317 P
875 2282 897 2317 3
921 2281 1094 2327 religione
1118 2292 1153 2316 se
1176 2281 1260 2317 Gel:
1285 2282 1470 2327 religionis
1495 2284 1530 2317 et
1554 2282 1590 2317 P
1726 2282 1749 2316 4
1773 2293 1856 2316 run-

348 2354 446 2387 cinat
464 2353 556 2388 Sab:
571 2343 739 2387 runcinat
756 2353 793 2387 P
914 2352 937 2387 5
953 2352 1053 2396 penis
1072 2351 1166 2387 Sab:
1181 2352 1302 2397 poenis
1321 2353 1357 2387 P
1475 2353 1496 2387 6
1513 2354 1549 2387 et
1566 2352 1658 2387 Sab:
1675 2363 1715 2387 ex
1731 2352 1766 2386 P

346 2410 468 2445 subdit
487 2410 580 2445 Sab:
605 2409 760 2445 subsidit
775 2410 812 2445 P
944 2409 964 2443 7
983 2408 1201 2454 subrigentis
1218 2420 1240 2444 ‘r
1264 2410 1479 2444 luxuriantis
1497 2409 1571 2445 Sab
1710 2410 1755 2444 10
1770 2410 1856 2443 testi

347 2468 558 2504 Meursius:
582 2469 625 2502 ut
649 2467 735 2502 testi
752 2467 789 2501 P
927 2466 971 2501 13
995 2466 1034 2500 hi
1058 2466 1172 2511 phalli
1189 2467 1428 2502 Stewechius:
1451 2467 1505 2502 hii
1522 2467 1611 2502 ualli
1629 2468 1665 2502 P
1688 2467 1856 2512 ityphalli

348 2525 421 2560 Sab
606 2525 651 2559 14
674 2524 819 2569 antiqus
845 2525 882 2559 P
1065 2534 1122 2558 eas
1152 2524 1353 2560 Ganterus:
1394 2534 1459 2558 eas.
1495 2535 1553 2559 eas
1578 2525 1614 2560 P
1653 2527 1688 2558 et
1721 2534 1778 2558 eas
1802 2534 1856 2558 res

350 2583 449 2617 Salm
600 2582 643 2616 17
668 2593 748 2617 cum
771 2581 847 2616 add
877 2581 945 2617 Gez
1082 2582 1322 2616 acriminatio
1346 2582 1382 2616 P
1533 2582 1577 2616 18
1601 2581 1746 2616 deditae
1769 2584 1855 2615 tem·
1896 2585 1899 2588 ⁴

343 2641 488 2685 plorum
513 2640 551 2675 P
706 2640 750 2674 19
775 2639 904 2674 haecne
931 2639 1004 2674 Sab
1158 2638 1204 2673 20
1228 2639 1299 2673 alio
1323 2639 1472 2683 scripsi.-
1508 2638 1627 2682 aliquo
1653 2639 1689 2672 P
1723 2638 1857 2682 reliquo

350 2697 418 2732 Gal
602 2699 710 2742 atque
734 2697 819 2741 alio]
846 2707 885 2731 ac
909 2696 1042 2741 reliquo
1074 2697 1142 2730 Urs
1334 2696 1378 2730 23
1403 2696 1599 2741 potestisne
1624 2696 1715 2730 Sab:
1741 2697 1856 2740 potes-

347 2754 481 2788 tatisne
504 2755 539 2787 P
721 2754 767 2788 24
790 2753 896 2788 Liber
922 2753 1008 2795 Sab,
1033 2763 1072 2787 r.-
1107 2752 1196 2787 libet
1222 2753 1258 2787 P
1441 2752 1486 2787 25
1510 2754 1646 2786 uestras
1672 2752 1764 2787 Sab:
1800 2752 1855 2786 uel

348 2815 449 2847 trans
475 2811 509 2845 P
