2032 3248
416 230 495 271 160
1045 224 1294 268 Appendix.

412 333 601 381 prauitate
624 344 775 371 sensum
796 343 871 369 non
892 331 1094 377 maculare,
1118 330 1315 370 catholicis
1338 341 1404 378 per
1426 329 1550 368 omnia
1571 329 1784 368 consentire
1798 360 1806 376 ‚
1846 330 1923 368 Deo

412 402 484 440 soli
502 402 720 447 adhaerere,
745 401 959 439 castitatem
975 400 1148 438 internae
1164 399 1303 438 mentis
1324 399 1482 438 Domino
1502 399 1590 437 Iesu
1607 399 1757 437 Christo
1775 399 1922 445 offerre,

414 471 537 508 omnia
551 471 683 518 coepta
693 470 789 507 bona
799 481 910 517 opera
919 469 1051 507 mortis
1061 471 1210 506 tantum
1219 468 1380 506 termino
1391 467 1513 515 finire,
1530 466 1750 515 praesentes
1759 467 1921 505 tribula-

412 541 534 578 tiones
556 538 672 577 animi
693 538 925 576 fortidudine
945 538 1234 586 paruipendere,
1257 538 1297 576 in
1317 540 1421 576 terra
1442 532 1591 586 praeter
1612 536 1801 585 proximos
1823 535 1922 574 nihil

411 619 550 655 amare,
573 607 699 646 cuncti
718 607 855 646 amoris
877 608 917 645 in
939 606 1041 646 caelo
1063 608 1288 645 thesaurum
1310 607 1540 645 constituere
1562 607 1600 643 et
1620 617 1686 654 pro
1709 605 1811 644 omni
1826 605 1922 643 bono
1939 621 1955 645 5

410 678 496 714 actu
533 677 739 714 mercedem
772 676 811 713 in
833 676 1063 714 caelestibus
1099 689 1121 714 a
1142 675 1220 714 Deo
1241 687 1405 724 sperare.
1442 674 1628 723 pudicitia
1663 675 1924 713 ornamentum

410 745 594 784 nobilium
617 748 698 793 est,
740 745 924 785 exaltatio
955 745 1177 793 humilium,
1208 745 1392 785 nobilitas
1432 744 1678 793 ignobilium,
1709 743 1924 792 pulcritudo

411 814 558 862 uilium,
600 815 833 863 prosperitas
870 815 1137 862 laborantium,
1179 815 1348 853 solamen
1376 814 1639 860 maerentium,
1676 812 1924 860 augmentum

411 884 529 921 omnis
552 884 840 931 pulcritudinis,
879 885 992 922 decus
1028 883 1245 932 religionis,
1283 883 1455 922 defensio
1476 883 1698 929 criminum,
1735 880 1923 929 multipli-

410 952 508 991 catio
530 953 768 999 meritorum‚
803 954 984 992 creatoris
1006 953 1171 992 omnium
1192 954 1262 991 Dei
1279 953 1460 992 amicitia.
1939 963 1972 987 10

839 1079 1065 1118 DOMINVS
1108 1080 1222 1117 SINE
1258 1079 1487 1118 VIRTVTE.

368 1191 389 1225 (2
473 1182 607 1219 Sextus
638 1182 832 1221 abusionis
854 1180 998 1231 gradus
1021 1185 1080 1221 est
1101 1183 1276 1221 dominus
1297 1182 1379 1221 sine
1400 1182 1555 1229 uirtute,
1592 1182 1681 1230 quia
1716 1181 1813 1219 nihil
1834 1190 1922 1227 pro-

418 1250 496 1288 ficit
528 1251 744 1289 dominandi
766 1252 905 1290 habere
942 1254 1191 1301 potestatem,
1234 1251 1266 1290 si
1288 1252 1461 1290 dominus
1497 1251 1578 1299 ipse
1614 1262 1692 1290 11011
1727 1251 1866 1289 habeat
1888 1251 1925 1287 et

406 1320 561 1359 uirtutis
582 1321 758 1369 rigorem.
783 1322 850 1360 sed
871 1322 935 1361 hie
957 1321 1115 1360 uirtutis
1136 1322 1241 1369 rigor
1262 1333 1334 1360 non
1366 1323 1445 1359 tam
1466 1321 1653 1359 exercitus
1682 1320 1918 1367 fortitudine,

406 1400 500 1436 quae
522 1392 560 1428 et
580 1390 664 1437 ipsa
685 1391 948 1429 saecularibus
972 1391 1135 1430 dominis
1157 1390 1372 1430 necessaria
1394 1392 1471 1437 est,
1496 1390 1646 1438 indiget
1665 1401 1777 1438 quam
1798 1388 1915 1427 animi
1932 1403 1963 1427 15

407 1458 622 1498 interiorem
639 1460 902 1499 fortitudinem
911 1472 979 1508 per
994 1461 1110 1499 bonos
1122 1471 1244 1499 mores
1256 1471 1429 1498 exercere
1446 1457 1572 1498 debet.
1597 1470 1709 1506 saepe
1731 1458 1831 1497 enim
1852 1459 1919 1497 do-

407 1528 575 1567 minandi
597 1529 719 1567 uirtus
732 1541 799 1577 per
813 1529 929 1567 animi
951 1529 1234 1578 neglegentiam
1246 1529 1429 1577 perditur,
1454 1529 1552 1567 sicut
1565 1530 1604 1567 in
1615 1529 1705 1568 Heli
1727 1529 1922 1567 sacerdote

407 1597 549 1636 factum
570 1598 691 1637 fuisse
712 1599 992 1646 comprobatur.
1028 1599 1092 1647 qui
1113 1599 1203 1637 dum
1219 1610 1286 1646 per
1307 1598 1552 1637 seueritatem
1571 1598 1701 1637 iudicii
1722 1599 1922 1647 peccantes

405 1666 505 1705 filios
526 1679 601 1706 non
623 1667 807 1715 coercuit,
848 1678 977 1707 eorum
998 1668 1188 1707 uindictae
1217 1668 1400 1706 Dominus
1429 1668 1537 1707 uelut
1566 1667 1817 1707 consentienti
1845 1679 1919 1705 non

406 1736 586 1784 pepercit.
618 1736 694 1774 tria
715 1748 806 1785 ergo
829 1738 1044 1776 necessaria
1065 1749 1127 1776 eos
1150 1737 1215 1786 qui
1236 1738 1477 1776 dominantur
1491 1738 1633 1776 habere
1653 1738 1817 1785 oportet,
1839 1738 1918 1775 ter·
1933 1750 1966 1776 20

406 1816 526 1843 rorem
545 1805 691 1844 scilicet
711 1808 750 1844 et
772 1806 1047 1845 ordinationem
1068 1809 1107 1845 et
1127 1818 1306 1845 amorem.
1348 1807 1423 1845 nisi
1454 1807 1554 1845 enim
1571 1808 1719 1845 ametur
1741 1806 1916 1845 dominus

404 1876 441 1911 et
463 1875 664 1922 metuatur,
687 1875 874 1914 ordinatio
891 1875 996 1914 illius
1013 1878 1186 1914 constare
1202 1876 1355 1914 minime
1371 1876 1524 1924 poterit.
1547 1888 1615 1923 per
1631 1876 1813 1915 beneficia
1831 1887 1919 1923 ergo

403 1945 440 1980 et
470 1943 734 1983 affabilitatem
776 1946 953 1993 procuret
980 1947 1023 1983 ut
1060 1945 1256 1993 diligatur,
1298 1947 1336 1983 et
1374 1957 1440 1993 per
1476 1946 1600 1984 iustas
1624 1945 1816 1984 uindictas
1845 1957 1920 1984 11011

494 2165 515 2197 2
540 2164 712 2209 internae]
740 2166 903 2199 aeternae
928 2176 949 2200 v
1096 2153 1165 2199 diff>
1213 2165 1287 2200 iesu
1317 2166 1439 2208 GXV,
1471 2166 1535 2201 deo
1560 2177 1581 2201 v
1766 2167 1788 2200 3
1813 2177 1918 2210 opera

402 2222 495 2255 bona
519 2232 540 2255 υ
664 2223 820 2268 tantum]
847 2225 969 2257 tamen
996 2223 1028 2257 G
1053 2223 1095 2258 in
1119 2233 1194 2258 ras.
1320 2224 1343 2258 4
1367 2224 1549 2269 negligere
1573 2223 1827 2269 paruipendere
1851 2234 1872 2257 v

402 2279 455 2313 nil
482 2279 515 2313 G
608 2280 630 2314 5
654 2280 863 2315 thesaurum
887 2281 925 2315 in
950 2281 1046 2315 coelo
1071 2291 1101 2321 v,
1128 2291 1214 2325 opus
1239 2281 1277 2315 in
1302 2281 1439 2316 caelum
1462 2281 1505 2316 X
1594 2281 1686 2316 bono
1712 2280 1809 2315 omni
1839 2281 1874 2315 V

402 2337 423 2370 6
448 2346 469 2370 a
493 2336 556 2371 deo
581 2337 620 2371 in
647 2337 858 2372 caelestibus
883 2349 905 2373 v
1037 2337 1223 2384 pudicitia]
1249 2349 1368 2383 namq.
1394 2338 1480 2374 add.
1509 2339 1540 2373 G
1563 2350 1607 2374 m.
1634 2341 1659 2374 2
1782 2339 1804 2372 8
1827 2338 1913 2373 0111-

402 2394 472 2438 0111]
500 2394 672 2429 debilium
697 2405 718 2430 v
857 2395 879 2429 9
903 2394 1068 2430 omnibus
1094 2395 1423 2441 pulchritudinibus
1448 2396 1490 2431 X
1619 2396 1664 2430 14
1687 2397 1724 2430 et
1747 2395 1912 2440 uirtutis]

402 2451 549 2485 uirtutis
574 2463 596 2487 v
721 2453 898 2487 exexcitus
923 2454 975 2497 X,
1000 2453 1166 2488 exteriori
1190 2464 1211 2488 v
1334 2453 1566 2489 fortitudine*
1595 2453 1627 2487 G
1752 2453 1796 2487 15
1819 2453 1912 2487 indi-

400 2510 461 2552 get
486 2519 552 2543 om.
577 2520 599 2544 v
754 2510 798 2544 16
823 2510 988 2545 interiori
1013 2510 1226 2545 fortitudine
1249 2522 1280 2554 v,
1306 2510 1521 2546 fortitudine
1545 2521 1636 2555 quae
1660 2509 1699 2544 X
1850 2521 1913 2555 per

399 2565 508 2599 bonos
533 2576 645 2600 mores
670 2577 735 2601 om.
762 2579 794 2609 v,
820 2578 882 2612 per
906 2567 1016 2603 bonos
1041 2568 1082 2602 X
1190 2569 1340 2603 exerceri
1367 2569 1428 2603 Xv
1545 2569 1588 2603 17
1613 2568 1729 2602 uirtus
1755 2578 1822 2603 om.
1847 2579 1869 2602 υ

399 2622 570 2667 perditur]
598 2623 769 2658 fortitudo
795 2625 879 2659 add.
906 2636 926 2660 v
1114 2626 1158 2660 18
1183 2626 1257 2671 qui]
1283 2626 1341 2660 cui
1367 2626 1405 2660 X
1430 2625 1503 2660 sed.
1527 2635 1620 2660 corr.
1798 2635 1859 2670 per
1883 2636 1909 2659 s.

398 2679 536 2724 iudicii]
563 2681 754 2715 seueritate
778 2681 906 2717 iudicis
931 2693 952 2718 v
1118 2683 1161 2717 19
1186 2683 1225 2718 in
1249 2693 1368 2718 eorum
1392 2694 1413 2718 v
1580 2681 1742 2716 uindicta
1768 2682 1866 2717 XVv

398 2737 480 2780 11011]
507 2736 674 2771 ferociter
697 2748 767 2772 non
792 2750 813 2774 v
977 2739 1022 2774 20
1047 2740 1116 2785 eos]
1143 2740 1209 2775 hos
1242 2740 1296 2775 Vv
1460 2739 1504 2774 21
1530 2739 1693 2774 dominus
1717 2740 1853 2783 pariter
1876 2751 1909 2780 v,

399 2805 464 2829 om.
489 2795 531 2829 in
554 2805 627 2829 ras.
655 2795 695 2829 X
826 2796 871 2831 22
896 2797 1010 2842 illius]
1037 2798 1112 2832 eius
1143 2798 1184 2839 V,
1210 2798 1286 2832 illis
1312 2809 1332 2832 υ
1463 2798 1581 2841 potest
1605 2808 1626 2832 v
1758 2797 1803 2832 23
1827 2797 1911 2831 effa—

399 2851 580 2886 bilitatem
605 2851 660 2886 X¹
