2032 3248
346 260 400 302 62
754 258 942 294 Arnobii
971 259 1179 294 aduersus
1211 259 1419 294 nationes

343 375 467 425 ratio,
510 386 580 427 per
610 386 732 427 quam
765 386 906 416 sumus
937 374 1113 427 potiores
1145 374 1386 416 animalium
1417 375 1632 430 generibus
1664 375 1834 418 cunctis.

344 443 439 497 quia
468 442 584 485 nobis
616 442 823 485 domicilia
854 443 1035 494 fecimus,
1069 442 1216 496 quibus
1237 444 1439 497 possimus
1466 443 1660 486 hiemalia
1681 444 1834 498 frigora

343 514 385 554 et
414 512 584 555 aestatis
625 512 863 567 flagrantias
895 513 1077 555 euitare?
1120 512 1237 566 quid,
1278 513 1506 555 animantia
1543 514 1675 555 cetera
1713 513 1834 556 huius

341 582 401 624 rei
436 582 734 636 prouidentiam
778 594 855 624 non
896 582 1074 624 habent?
1119 593 1252 623 nonne
1292 581 1373 623 alia
1412 581 1613 623 cernimus
1644 583 1834 635 opportu-

341 650 522 693 nissimis
553 650 717 693 sedibus
747 650 908 692 nidulos
941 650 1019 692 sibi
1051 650 1295 701 construere,
1327 650 1559 692 mansiones
1581 649 1663 692 alia
1684 663 1703 692 6
1726 650 1833 692 saxis
1864 667 1878 691 ε,

341 720 383 762 61
412 720 581 774 rupibus
613 721 753 775 tegere
783 721 823 762 et
855 720 1105 762 communire
1136 720 1362 773 suspensiS,
1403 731 1593 761 excauare
1634 718 1717 761 6116
1754 719 1834 760 161-

340 789 442 831 10118
473 789 558 831 8016
589 790 628 831 61
658 789 700 830 111
731 788 985 831 fossibilibus
1017 788 1145 831 foueis
1175 789 1381 831 tutamina
1415 788 1582 830 sibimet
1612 788 1652 829 et
1682 787 1835 829 cubilia

339 859 607 912 praeparare?
647 857 789 910 quodsi
820 857 1032 899 ministras
1063 869 1208 899 manus
1238 857 1324 899 illis
1355 856 1482 899 etiam
1513 857 1659 898 donare
1689 868 1834 910 parens

339 927 486 968 natura
516 926 727 977 uoluisset,
760 925 990 968 dubitabile
1011 938 1091 967 non
1112 925 1228 977 foret,
1262 925 1360 979 quin
1382 927 1422 967 et
1444 926 1534 978 ipsa
1555 925 1835 967 construerent

339 995 546 1037 moenium
567 994 651 1036 alta
672 994 841 1050 fastigia
862 995 903 1037 et
924 995 1165 1037 artificiosas
1188 995 1432 1038 excuderent
1452 995 1666 1037 nouitates.
1695 995 1834 1036 tamen
1848 1011 1882 1037 10

337 1065 378 1106 in
409 1064 474 1107 1118
505 1064 604 1117 ipsis
636 1077 737 1117 quae
768 1064 911 1106 rostris
943 1065 1064 1118 atque
1095 1064 1304 1120 unguibus
1336 1064 1507 1115 faciunt,
1538 1064 1672 1105 multa
1702 1064 1835 1106 inesse

337 1133 609 1188 conspicimus
656 1133 828 1174 rationis
868 1134 908 1174 et
948 1133 1175 1188 sapientiae
1220 1133 1457 1185 simulacra,
1505 1145 1607 1186 quae
1650 1132 1835 1174 homines

335 1202 491 1244 imitari
523 1202 637 1244 nulla
667 1202 938 1245 meditatione
958 1203 1176 1257 possimus,
1210 1203 1400 1256 quamuis
1431 1202 1514 1244 sint
1534 1201 1650 1244 nobis
1672 1201 1834 1256 opifices

278 1271 486 1314 lSmanus
530 1272 652 1325 atque
697 1272 808 1313 omni
855 1285 1001 1327 genere
1040 1272 1299 1325 perfectionis
1340 1271 1527 1313 artifices.
1574 1271 1731 1313 uestem
1761 1271 1835 1312 illa

338 1352 416 1382 non
446 1341 614 1392 norunt,
654 1341 776 1383 sellas
805 1353 930 1384 naues
961 1341 1083 1395 atque
1113 1342 1248 1383 aratra
1277 1340 1518 1395 conpingere
1558 1352 1632 1382 nec
1661 1339 1878 1393 deniqueis

337 1409 639 1463 superlectilem
671 1410 846 1451 ceteram
879 1422 1001 1463 quam
1030 1409 1250 1452 familiaris
1276 1422 1372 1452 usus
1395 1409 1583 1462 exposcit.
1631 1420 1709 1451 non
1738 1409 1834 1451 sunt

335 1478 417 1519 ista
460 1477 654 1519 scientiae
699 1489 868 1520 munera
904 1478 977 1520 sed
1019 1479 1301 1532 pauperrimae
1346 1478 1602 1520 necessitatis
1648 1477 1832 1520 inuenta.

335 1558 463 1599 neque
499 1558 592 1588 cum
630 1546 780 1588 animis
810 1548 916 1589 artes
949 1547 1050 1589 caeli
1082 1560 1128 1589 ex
1158 1547 1436 1601 penetralibus
1468 1547 1722 1598 ceciderunt,
1763 1546 1833 1589 sed

336 1614 560 1668 exquisitae
591 1615 631 1657 et
661 1616 779 1657 natae
817 1617 915 1658 sunt
944 1616 987 1658 in
1020 1616 1140 1658 terris
1178 1616 1243 1658 hic
1281 1628 1419 1658 omnes
1451 1617 1492 1658 et
1522 1628 1613 1658 cum
1644 1627 1833 1670 processu

224 1692 247 1725 f.
262 1681 346 1739 361³!
381 1684 612 1737 temporum
650 1684 853 1737 paulatim
891 1685 1157 1727 meditatione
1200 1684 1409 1727 conflatae.
1455 1684 1600 1738 quodsi
1636 1684 1833 1726 haberent
1845 1698 1878 1724 20

335 1752 525 1794 scientias
563 1752 748 1804 animae,
796 1765 895 1806 quas
935 1766 1063 1810 genus
1103 1753 1260 1796 scilicet
1299 1753 1446 1795 habere
1484 1753 1673 1795 diuinum
1712 1754 1832 1807 atque

333 1821 567 1863 immortale
611 1822 859 1876 condignum
899 1823 979 1874 est,
1026 1823 1077 1865 ab
1122 1822 1240 1865 initio
1285 1822 1470 1865 homines
1517 1822 1652 1864 cuncti
1698 1821 1834 1864 omnia

334 1889 485 1932 scirent
522 1902 595 1932 nec
633 1891 844 1933 saeculum
882 1892 987 1933 esset
1030 1892 1186 1943 ullum,
1234 1891 1340 1945 quod
1377 1891 1476 1933 artis
1508 1891 1614 1933 esset
1643 1891 1831 1946 ignarum

335 1959 508 2001 alicuius
539 1961 610 2001 601
638 1972 776 2002 rerum
808 1960 1057 2014 experientia
1095 1972 1172 2002 non
1204 1962 1407 2014 paratum.
1455 1972 1562 2002 nunc
1592 1972 1685 2001 uero
1717 1959 1832 2014 inops

334 2029 423 2070 uita
454 2029 494 2070 et
524 2029 749 2070 multarum
781 2029 968 2084 indigens
999 2042 1135 2072 rerum
1167 2030 1340 2072 fortuita
1361 2029 1611 2082 conspiciens
1632 2029 1831 2082 quaedam
1845 2045 1877 2070 25

334 2097 590 2141 commodule
620 2098 845 2152 prouenire‚
880 2099 977 2141 dum
998 2099 1190 2141 imitatur
1221 2098 1428 2153 experitur
1449 2099 1490 2140 et
1510 2099 1700 2151 temptat,
1732 2099 1832 2140 dum

333 2166 489 2209 labitur
518 2166 714 2209 reformat
744 2167 961 2221 immutat,
995 2180 1040 2209 ex
1072 2168 1244 2209 adsidua
1273 2167 1583 2220 reprehensione
1613 2179 1759 2219 paruas
1791 2169 1832 2209 et

334 2235 594 2277 concinnauit
633 2235 866 2279 scientiolas
897 2236 1048 2278 artium
1079 2238 1120 2278 et
1151 2235 1202 2278 ad
1233 2249 1361 2277 unum
1393 2235 1547 2278 exitum
1578 2236 1830 2289 temporibus

379 2429 400 2462 5
440 2428 582 2463 nidulos
617 2429 769 2473 scripsi:
810 2428 1011 2463 nidulorum
1049 2428 1085 2462 P
1263 2430 1463 2463 construere
1503 2429 1718 2470 mansiones,
1760 2428 1830 2463 alia

333 2486 446 2530 uulyo
628 2486 699 2520 6116
724 2497 741 2520 6
766 2486 913 2530 scripsi.-
949 2486 1041 2520 aliae
1066 2486 1100 2520 P
1132 2486 1204 2520 alia
1229 2486 1303 2521 Sab
1487 2486 1579 2520 saxis
1604 2497 1639 2520 se
1670 2487 1739 2522 Urs

336 2543 354 2577 7
380 2543 562 2578 fossilibus
588 2543 660 2578 Sab
829 2542 971 2577 sibimet
996 2543 1086 2578 Sab:
1111 2545 1214 2577 simet
1232 2543 1266 2577 P
1426 2543 1446 2577 9
1472 2544 1713 2578 construerent
1743 2544 1829 2579 Get.-

334 2603 552 2636 construeret
576 2602 610 2636 P
771 2602 814 2636 10
846 2601 1054 2636 artificiosas
1086 2613 1124 2636 r:
1159 2602 1349 2636 artificiosa
1374 2602 1409 2636 P
1567 2602 1729 2637 nouitate
1755 2603 1828 2638 Sab

333 2658 493 2693 nauitate
517 2659 585 2695 Urs
717 2660 758 2694 13
776 2670 960 2704 possumus
979 2659 1052 2694 Sab
1182 2659 1225 2694 14
1242 2659 1449 2704 omnigenae
1472 2658 1540 2693 Urs
1667 2660 1709 2694 18
1726 2671 1828 2704 pene-

333 2716 523 2751 trabilibus
549 2716 622 2752 Sab
647 2727 729 2752 corr
752 2717 792 2751 in
818 2727 877 2751 err
1014 2717 1057 2750 21
1081 2716 1249 2750 scientias
1275 2716 1367 2751 Sab:
1405 2715 1537 2750 sentias
1563 2716 1598 2750 P
1735 2716 1829 2752 scili-

334 2775 388 2808 cet
404 2774 551 2818 scripsi:
569 2775 604 2808 ct
621 2774 656 2808 P
672 2784 726 2809 om
749 2774 813 2809 Gel
829 2784 930 2808 nosse
947 2775 982 2808 et
1005 2774 1187 2808 Vahlenus
1286 2774 1330 2808 23
1347 2774 1439 2808 esset
1458 2772 1541 2816 Sab,
1558 2783 1596 2807 r.-
1615 2784 1687 2808 esse
1705 2775 1737 2809 P

335 2830 439 2865 illum
457 2832 491 2866 P
508 2842 590 2866 corr
606 2842 623 2866 c
761 2833 852 2865 esset
871 2831 955 2872 Sab,
974 2842 1012 2865 r:
1031 2842 1103 2865 esse
1119 2831 1153 2865 P
