2032 3248
330 268 385 311 16
958 267 1203 312 Appendix.

330 386 420 412 num
449 374 655 412 ludibrium
683 374 843 412 reddens
872 373 1067 412 ministros
1089 385 1196 421 suos,
1234 385 1302 412 nec
1333 374 1552 421 corporibus
1581 385 1741 422 parcens
1772 385 1842 413 nec

330 443 480 481 animis.
513 442 711 481 debellatis
741 443 841 481 enim
876 442 1040 491 propriis
1069 443 1236 481 moribus
1257 444 1380 482 totum
1409 442 1601 481 hominem
1630 455 1738 481 suum
1769 444 1840 482 sub

330 512 563 559 triumphum
584 510 756 549 libidinis
776 511 918 549 mittit:
951 511 1090 549 blanda
1117 512 1236 559 prius,
1266 513 1309 549 ut
1329 511 1417 559 plus
1437 513 1570 549 noceat
1591 513 1680 549 dum
1701 512 1840 560 placet,

331 580 558 619 exhauriens
585 591 664 617 rem
694 592 777 618 cum
805 581 960 628 pudore,
984 580 1107 618 hostis
1129 580 1398 627 continentiae,
1423 579 1643 627 frequenter
1663 580 1841 628 perueni-

331 661 397 688 ens
429 649 477 687 ad
508 649 730 696 sanguinem
758 649 1010 697 cupiditatum
1031 648 1171 687 infesta
1191 649 1329 696 rabies,
1352 648 1568 687 incendium
1590 649 1869 689 conscientiae5

330 719 462 765 bonae,
493 719 613 756 mater
643 718 963 766 impaenitentiae,
994 719 1105 756 ruina
1132 719 1300 757 melioris
1331 719 1483 765 aetatis,
1517 719 1744 757 contumelia
1774 729 1841 766 ge-

331 787 444 834 neris,
477 798 697 835 expugnans
726 787 922 835 sanguinis
952 789 991 825 et
1020 787 1186 825 familiae
1216 788 1341 835 fidem,
1378 787 1512 826 alienis
1535 787 1733 825 affectibus
1755 799 1842 825 suos

331 856 502 894 inserens
524 856 636 903 filios,
658 855 699 894 in
720 856 844 894 aliena
864 857 1095 894 testamenta
1116 856 1282 895 sobolem
1303 855 1426 904 ignoti
1447 858 1484 894 et
1506 855 1674 903 corrupti
1690 855 1843 903 generis

331 925 523 962 inducens.
556 935 651 972 quae
679 924 901 972 plerumque
928 926 1035 962 extra
1063 936 1193 963 sexum
1221 926 1370 972 ardens,
1408 926 1495 962 dum
1517 937 1556 963 se
1577 937 1653 963 non
1675 925 1844 963 continet

331 993 432 1031 intra
462 1005 651 1040 concessa,
680 1005 814 1041 parum
842 993 916 1031 sibi
937 995 1048 1042 putat
1069 993 1320 1041 satisfactum,
1349 993 1424 1031 nisi
1445 994 1485 1031 in
1505 994 1673 1031 uirorum
1694 1004 1842 1041 quoque
1857 1008 1889 1033 lc

333 1062 550 1110 corporibus
585 1074 659 1099 non
695 1063 930 1110 uoluptatem
967 1073 1104 1101 nouam
1140 1064 1328 1111 quaerat,
1366 1063 1433 1101 sed
1468 1062 1769 1112 extraordinaria
1804 1063 1844 1100 et

332 1132 579 1179 portentuosa
610 1132 741 1169 contra
770 1130 892 1178 ipsam
920 1132 1096 1169 naturam
1125 1141 1171 1169 ex
1198 1132 1294 1173 uiris
1324 1143 1391 1179 per
1419 1131 1522 1170 uiros
1551 1132 1723 1169 monstra
1755 1142 1844 1169 con-

333 1200 472 1248 quirat.

293 1277 320 1313 4
391 1269 462 1307 Sed
483 1268 583 1307 enim
602 1268 786 1316 pudicitia
806 1269 929 1308 locum
950 1269 1113 1317 primum
1134 1269 1173 1307 in
1194 1269 1410 1318 uirginibus
1431 1271 1548 1316 tenet,
1579 1270 1785 1308 secundum
1806 1269 1847 1306 in

334 1337 625 1385 continentibus,
647 1337 804 1376 tertium
824 1338 864 1375 in
885 1339 1157 1377 matrimoniis:
1190 1350 1322 1377 uerum
1342 1339 1382 1376 in
1403 1338 1576 1377 omnibus
1597 1338 1766 1386 gloriosa
1787 1339 1845 1376 est
1859 1349 1892 1373 15

334 1418 417 1445 cum
439 1407 619 1454 gradibus
642 1407 733 1445 suis.
766 1419 853 1445 nam
874 1409 911 1445 et
931 1407 1258 1446 matrimoniorum
1278 1408 1387 1446 fidem
1409 1409 1539 1446 tenere
1560 1407 1644 1445 laus
1667 1408 1725 1445 est
1747 1407 1848 1444 inter

333 1477 391 1514 tot
413 1476 578 1524 corporis
599 1476 711 1523 bella,
741 1478 780 1514 et
801 1476 1040 1515 matrimonio
1063 1477 1107 1515 de
1130 1476 1366 1515 continentia
1385 1477 1537 1515 modum
1558 1475 1744 1514 statuisse
1765 1487 1846 1514 ma-

335 1544 426 1582 ioris
448 1545 603 1583 uirtutis
632 1547 703 1592 est,
737 1546 824 1583 dum
853 1545 969 1583 etiam
996 1545 1104 1584 licita
1131 1545 1352 1584 reiciuntur.
1385 1546 1486 1584 certe
1508 1557 1554 1583 ex
1575 1546 1683 1583 utero
1705 1544 1847 1582 sancti-

338 1615 457 1652 tatem
493 1614 703 1652 custodisse
739 1616 777 1653 et
812 1614 998 1653 infantem
1034 1626 1074 1653 se
1110 1626 1230 1663 usque
1265 1615 1305 1652 in
1342 1615 1576 1653 senectutem
1607 1614 1646 1651 in
1677 1625 1746 1651 sua
1766 1614 1849 1651 tota

335 1684 459 1720 aetate
486 1682 654 1721 tenuisse
685 1682 927 1721 admirandae
954 1683 1087 1731 utique
1115 1684 1308 1731 potentiae
1342 1684 1420 1721 est:
1452 1683 1528 1721 nisi
1556 1683 1655 1730 quod
1687 1682 1848 1720 blandas
1862 1692 1896 1718 20

335 1751 502 1799 corporis
533 1751 639 1799 leges
668 1764 742 1790 non
771 1763 882 1790 nosse
913 1752 1035 1800 magis
1065 1752 1263 1791 felicitatis
1285 1754 1356 1799 est,
1378 1754 1488 1790 notas
1510 1752 1585 1790 iam
1607 1751 1745 1789 uicisse
1767 1750 1847 1788 uir-

336 1820 431 1858 tutis
460 1822 531 1867 est,
563 1821 618 1858 sic
647 1822 782 1859 tamen·
803 1822 846 1859 ut
877 1822 916 1858 et
936 1820 1058 1859 uirtus
1079 1821 1157 1859 ista
1179 1821 1223 1859 de
1246 1822 1354 1859 domo
1376 1821 1447 1859 Dei
1468 1820 1609 1868 ueniat,
1632 1820 1724 1858 licet
1746 1830 1786 1858 se
1807 1819 1847 1857 in

333 1889 513 1928 membris
534 1889 750 1928 hominibus
772 1891 959 1928 ostendat.

296 1959 321 1998 5
394 1957 618 2006 Pudicitiae,
648 1958 800 2005 fratres,
832 1959 989 2007 antiqua
1017 1960 1221 2007 praecepta
1251 1960 1351 1997 sunt.
1386 1969 1502 2007 quare
1539 1958 1697 2006 antiqua
1735 1958 1844 1996 dico?

337 2027 425 2075 quia
453 2038 536 2065 cum
566 2027 660 2075 ipsis
693 2027 909 2066 hominibus
938 2027 1118 2067 instituta
1145 2029 1246 2066 sunt.
1287 2039 1374 2066 nam
1403 2028 1486 2067 ideo
1516 2039 1560 2066 ex
1589 2027 1671 2066 uiro
1702 2039 1769 2065 suo
1807 2028 1845 2064 et
1859 2036 1892 2062 25

430 2255 448 2288 1
473 2254 649 2288 ministris
675 2254 748 2288 suis
773 2254 851 2289 K²v
990 2254 1014 2290 2
1042 2265 1144 2289 suum
1169 2265 1234 2289 om.
1252 2255 1286 2288 Z
1425 2255 1447 2289 3
1471 2254 1615 2299 blanda]
1643 2255 1678 2289 et
1702 2252 1851 2288 blandet

338 2313 371 2346 Z
462 2312 556 2356 dum]
582 2313 623 2346 ut
640 2312 675 2346 Z
810 2312 949 2355 placeat
966 2312 1001 2346 Z
1135 2311 1159 2347 4
1182 2312 1366 2357 perueniet
1383 2313 1418 2346 Z
1554 2312 1576 2346 5
1600 2309 1848 2354 conscientiae]

337 2369 577 2403 continentiae
594 2370 627 2403 Z
741 2370 762 2404 6
780 2370 890 2404 bonae
914 2380 960 2403 m.
986 2369 1279 2413 impaenitcntiae
1304 2380 1369 2404 om.
1388 2370 1422 2404 Z
1538 2368 1753 2404 contumelie
1771 2368 1805 2402 Z

336 2427 359 2461 8
384 2427 546 2471 ingerens
571 2427 606 2461 Z
734 2427 782 2464 11
809 2428 1033 2462 uoluntatem
1058 2427 1102 2462 K
1218 2427 1492 2462 extraordinarie
1515 2427 1744 2472 portentuosa
1769 2435 1852 2469 que-

338 2483 418 2518 dam
443 2485 479 2518 Z
622 2484 669 2520 12
695 2485 813 2518 uirum
840 2495 883 2519 ex
908 2484 985 2519 uiro
1010 2484 1054 2519 K
1067 2496 1111 2519 m.
1129 2487 1153 2519 2
1292 2485 1336 2519 15
1361 2485 1469 2519 tertio
1494 2484 1534 2519 K
1542 2484 1549 2502 ¹
1713 2482 1849 2527 uerum]

339 2533 435 2575 saciu
459 2542 493 2575 Z
600 2543 664 2587 est]
692 2542 753 2577 sed
778 2543 812 2577 Z
920 2543 964 2577 16
985 2542 1058 2576 suis
1083 2553 1148 2577 om.
1174 2543 1208 2577 Z
1327 2553 1410 2577 nam
1436 2542 1483 2587 et]
1510 2542 1630 2576 manet
1655 2541 1690 2575 Z
1797 2541 1852 2574 est

338 2609 404 2633 om.
430 2599 465 2633 Z
556 2600 600 2633 18
623 2599 766 2634 inlicita
789 2600 832 2634 K
929 2600 972 2635 19
997 2600 1036 2635 in
1060 2611 1104 2635 ea:
1127 2600 1141 2634 i
1165 2600 1215 2642 K,
1240 2600 1285 2635 ad
1309 2601 1341 2634 Z
1440 2600 1520 2634 tota
1545 2609 1608 2633 sua
1631 2599 1750 2633 aetate
1775 2598 1811 2631 Z

338 2656 383 2691 20
408 2655 615 2690 admiranda
639 2656 800 2701 potentia
825 2658 879 2691 est
904 2657 938 2692 Z
1086 2657 1238 2702 plangas
1263 2657 1459 2701 corporales
1484 2656 1518 2690 Z
1666 2655 1710 2690 21
1735 2654 1852 2689 facili-

337 2713 426 2748 tatis
451 2714 486 2748 Z
711 2714 756 2748 22
791 2717 833 2749 ut
856 2718 892 2749 et
916 2725 982 2749 om.
1009 2715 1044 2749 Z
1271 2714 1375 2749 domo
1402 2713 1479 2755 K1,
1505 2712 1596 2747 dono
1621 2712 1733 2746 K²Zv

337 2773 383 2808 23
419 2771 581 2806 homines
618 2771 654 2806 Z
856 2772 902 2807 24
934 2783 1040 2816 quare
1061 2798 1070 2807 .
1098 2799 1105 2806 .
1136 2799 1144 2806 .
1169 2772 1340 2807 instituta
1384 2772 1467 2807 sunt
1503 2781 1570 2806 om.
1607 2771 1647 2802 K
1654 2770 1697 2803 ¹Z
1705 2798 1713 2812 ‚
1766 2769 1850 2805 add.

338 2831 379 2865 in
401 2840 511 2875 mary.
536 2828 594 2863 Κ2
753 2829 798 2864 25
821 2840 904 2864 nam
929 2831 965 2865 et
989 2840 1009 2865 v
1163 2840 1204 2865 ex
1228 2840 1296 2866 om.
1321 2828 1383 2864 Kv
1553 2828 1609 2862 uir
1634 2838 1716 2862 suus
1740 2838 1762 2862 v

340 2889 378 2922 et
402 2898 468 2922 om.
493 2897 514 2921 v
