2032 3248
488 226 547 258 De
573 222 1198 268 singularitateelericorum
1225 232 1251 255 e,
1280 221 1379 254 ῖ-δ.
1601 222 1680 262 181

187 334 384 370 confitetur
406 342 478 367 non
502 333 589 367 ante
613 341 737 367 omnes
761 327 995 375 impleuerit,
1027 338 1071 364 ne
1105 327 1365 365 christianitas
1396 327 1569 364 credatur
1599 337 1679 364 esse

187 400 339 437 fallacia
361 402 397 436 et
419 398 627 436 moechatio
652 398 825 435 uideatur
859 396 1074 433 sanctitatis
1105 396 1316 433 uelamento
1339 395 1491 433 uestita.
1529 398 1682 442 propter

186 468 283 515 quod
305 468 485 504 Dominus
508 467 546 503 in
576 467 771 514 euangelio
803 466 856 502 sic
887 466 1104 512 praemonet
1133 464 1279 502 dicens:
1323 464 1388 501 sic
1422 464 1584 502 luceat
1615 465 1682 501 lu-

187 547 291 573 men
337 537 556 573 uestrum
609 546 759 572 coram
811 533 1113 579 hominibus,
1165 534 1213 570 ut
1260 533 1489 570 uidentes
1540 544 1683 580 opera

156 606 351 645 ve‚nestra
385 604 505 640 bona
546 603 867 650 magnificent
914 605 1103 649 patrem
1142 603 1355 639 uestrum
1396 601 1474 648 qui
1506 601 1552 638 in
1584 611 1684 638 cae-

184 673 246 709 lis
277 675 361 710 est.
393 673 459 709 hoc
483 672 652 719 sequitur
673 673 710 709 et
732 672 872 709 Paulus
894 670 1087 718 apostolus
1109 670 1257 708 dicens:
1291 681 1381 708 non
1412 681 1526 717 ergo
1552 669 1682 706 blas-

183 742 442 788 phemetur
488 741 653 778 bonum
685 742 907 777 uestrum.
939 741 978 776 et
1016 739 1169 776 iterum:
1212 738 1532 785 prouidentes
1565 748 1684 785 quae

186 812 307 847 bona
341 812 455 847 sunt
502 821 590 846 11011
638 811 824 846 tantum
871 819 1028 845 coram
1074 808 1190 854 Deo,
1239 808 1319 845 sed
1357 807 1501 845 etiam
1533 820 1686 847 coram

186 879 480 916 hominibus.
514 879 550 915 et
574 878 647 914 alio
687 877 789 915 loco:
839 876 946 914 siue
986 888 1098 924 ergo
1130 876 1437 914 manducatis
1477 877 1579 915 siue
1618 878 1684 915 bi-

144 948 307 986 mbitis
340 947 440 984 siue
483 946 672 993 aliquid
719 945 912 992 facitis,
961 945 1117 983 omnia
1163 945 1211 982 in
1252 945 1456 992 gloriam
1495 946 1578 984 Dei
1619 947 1685 984 fa-

187 1016 283 1053 cite
314 1018 363 1053 et
395 1017 558 1053 estote
591 1014 693 1052 sine
726 1014 962 1052 scandalo
984 1014 1186 1051 Iudaeis
1225 1015 1271 1051 et
1303 1013 1509 1052 Graecis
1542 1016 1587 1052 et
1618 1027 1685 1053 ec-

187 1084 370 1121 elesiae
401 1083 507 1130 Dei,
541 1083 672 1121 sicut
704 1085 747 1120 et
779 1094 862 1130 ego
894 1094 977 1130 per
1009 1083 1165 1120 omnia
1198 1084 1417 1121 omnibus
1448 1084 1629 1131 placeo.

245 1154 316 1190 Sed
338 1152 537 1200 opponitur
558 1152 740 1198 forsitan,
774 1152 863 1198 quid
886 1154 943 1189 est
966 1153 1063 1199 quod
1085 1152 1164 1199 ipse
1187 1152 1323 1189 iterum
1348 1153 1503 1190 dixerit:
1537 1153 1577 1190 si
1608 1154 1685 1190 110-

186 1222 396 1258 minibus
446 1221 641 1268 placere
682 1221 879 1266 uellem,
929 1220 1117 1258 Christi
1163 1232 1332 1258 seruus
1378 1233 1466 1259 non
1498 1225 1685 1259 essem?

143 1309 171 1331 12
188 1302 394 1338 numquam
417 1301 454 1327 se
485 1300 740 1337 quaecumque
771 1289 872 1326 dicta
901 1286 998 1336 legis
1021 1289 1243 1335 excludunt,
1284 1290 1349 1327 sed
1380 1290 1491 1328 certis
1514 1290 1605 1328 locis
1627 1301 1686 1327 re-

191 1371 328 1407 sponsa
358 1358 535 1396 uniuersa
566 1358 686 1396 defixa
717 1359 817 1395 sunt.
856 1357 934 1395 illic
965 1358 1112 1405 placere
1143 1357 1359 1396 hominibus
1382 1359 1587 1406 nonlicet,
1626 1359 1688 1397 ubi

192 1428 365 1465 uoluntas
395 1427 586 1464 hominum
616 1438 688 1465 non
719 1427 819 1474 capit
840 1426 988 1463 Domini
1011 1425 1266 1465 uoluntatem:
1292 1427 1356 1464 ubi
1379 1438 1467 1466 uero
1489 1431 1688 1476 acceptant

188 1496 358 1533 homines
381 1497 476 1543 quod
499 1497 545 1533 ad
567 1495 725 1543 gloriam
747 1495 894 1543 proficit
915 1495 996 1542 Dei,
1028 1495 1261 1533 innotescere
1284 1496 1455 1534 omnibus
1486 1497 1564 1544 ipse
1586 1497 1686 1536 Pau-

189 1566 247 1603 lus
278 1565 471 1612 apostolus
501 1564 702 1612 praecepit.
749 1565 1114 1614 unusquisque,
1149 1564 1292 1612 inquit,
1326 1567 1545 1603 nostrum
1584 1578 1688 1614 pro-

145 1634 309 1673 20ximo
352 1644 433 1671 suo
479 1634 675 1680 placeat
715 1633 769 1670 ad
815 1633 980 1670 bonam
1027 1633 1453 1673 aedificationem.
1502 1637 1688 1682 quatenus

189 1713 276 1750 ergo
308 1702 514 1748 praemium
537 1702 751 1740 sanctitatis
788 1703 1008 1749 exspectat,
1049 1702 1113 1749 qui
1143 1714 1217 1740 non
1255 1703 1376 1740 solum
1412 1703 1688 1751 blasphemiam

190 1771 405 1808 sanctitatis
435 1771 481 1808 ab
513 1770 727 1808 infidelibus
758 1772 956 1817 prouocat,
998 1772 1063 1808 sed
1093 1771 1207 1809 etiam
1238 1770 1413 1809 fidelibus
1435 1772 1688 1819 perniciosum

190 1840 342 1885 praebet
359 1839 575 1886 exemplar?
599 1842 640 1877 ut
660 1839 796 1876 infirmi
814 1840 883 1877 snb
904 1841 1099 1887 praetexto
1122 1840 1336 1878 dilectionis
1354 1840 1547 1878 subtiliter
1569 1840 1686 1879 forni-

190 1910 322 1945 centur
344 1912 379 1945 et
402 1908 561 1955 pudicus
583 1908 866 1956 inpudicissime
904 1909 1093 1947 castitatis
1130 1909 1309 1956 praebeat
1338 1908 1597 1956 magisterium
1621 1910 1685 1948 de-

149 1992 178 2015 25
194 1979 342 2014 struens
365 1978 461 2025 quod
484 1977 626 2015 Paulus
657 1978 850 2025 apostolus
881 1978 1151 2015 comminatur:
1193 1977 1367 2024 periit⁷
1409 1977 1552 2025 inquit,
1591 1978 1687 2016 fra-

190 2048 266 2082 ter
297 2046 529 2083 infirmus
569 2047 614 2083 in
645 2048 728 2084 tua
759 2046 997 2093 scientia,
1039 2048 1240 2094 propter
1279 2058 1416 2094 quem
1457 2047 1687 2085 Christus

190 2126 364 2161 passus
396 2117 496 2152 est?
531 2115 603 2153 sic
634 2117 790 2153 autem
829 2117 1092 2162 peccantes
1133 2115 1179 2152 in
1218 2115 1404 2153 fratros
1445 2117 1490 2153 et
1520 2126 1687 2164 percu-

281 2247 301 2280 3
327 2247 457 2280 Matth.
483 2247 514 2287 5,
543 2248 596 2280 1⁴3.
834 2249 854 2281 θ’
879 2248 978 2282 Rom.
1007 2248 1060 2289 14,
1089 2248 1142 2283 16.
1383 2250 1401 2283 7
1428 2250 1526 2283 Rem.
1554 2249 1607 2290 12,
1637 2249 1688 2283 17.

190 2305 210 2338 9
249 2305 262 2337 l
292 2304 365 2338 Cor.
394 2305 446 2345 10,
473 2304 526 2338 32.
804 2306 846 2339 13
879 2306 957 2339 Gal.
986 2305 1015 2345 1,
1045 2305 1097 2339 10.
1374 2306 1416 2339 19
1450 2306 1549 2340 Rom.
1578 2306 1631 2347 15,
1657 2307 1687 2340 2.

192 2361 234 2393 Ξῖ)
260 2361 276 2394 Ι
301 2362 378 2395 Cor.
405 2362 436 2395 S.
464 2362 516 2395 11.
546 2363 595 2396 12.

284 2487 305 2519 2
329 2486 491 2520 uideatur
516 2498 590 2520 esse
609 2498 627 2522 v
768 2488 786 2521 ’ἲ
814 2497 901 2530 quae
927 2487 1018 2522 bona
1045 2491 1127 2522 sunt
1151 2490 1187 2527 C,
1215 2489 1306 2523 bona
1323 2500 1343 2523 v
1486 2489 1529 2522 10
1553 2488 1689 2532 aliquid

197 2545 249 2583 C,
277 2544 373 2578 aliud
399 2544 483 2587 quid
516 2545 581 2579 C‘v
718 2546 755 2578 in
787 2545 816 2580 C
838 2555 865 2579 s,
891 2545 912 2579 l.
939 2556 982 2579 m.
1008 2548 1030 2579 2
1177 2546 1293 2590 gloria
1325 2546 1368 2580 C¹
1510 2547 1550 2580 11
1578 2547 1690 2579 estote

199 2601 227 2635 C
243 2611 267 2633 s.
286 2601 309 2635 l.
327 2612 370 2635 m.
390 2603 415 2635 2
526 2605 561 2636 et
587 2604 685 2643 (ante
710 2602 807 2645 0001.)
840 2603 869 2637 C
883 2613 910 2637 s.
930 2603 950 2637 l.
969 2614 1012 2636 m.
1030 2605 1055 2637 2
1164 2604 1206 2637 12
1232 2603 1394 2638 omnihus
1425 2603 1454 2638 0
1469 2614 1497 2638 s.
1517 2604 1537 2637 l.
1557 2614 1601 2637 m.
1620 2604 1645 2636 ,2

196 2658 237 2690 13
263 2659 445 2702 oppinitur
476 2659 518 2693 0¹
657 2659 774 2693 forsan
800 2671 820 2694 v
967 2661 1009 2694 19
1035 2671 1143 2705 usque
1167 2661 1324 2705 proximo
1352 2672 1413 2695 suo
1443 2661 1472 2695 G
1494 2660 1556 2694 sed
1581 2670 1690 2703 usque

195 2725 274 2758 emp.
301 2720 333 2749 et
359 2726 417 2749 suo
443 2727 468 2750 s.
494 2716 513 2750 l.
541 2727 583 2750 m.
609 2718 632 2750 §2
763 2717 807 2750 20
832 2719 1003 2760 quatenus
1035 2718 1089 2758 0¹,
1116 2717 1218 2761 quale
1245 2718 1311 2752 (¹²0
1435 2717 1479 2751 22
1505 2717 1612 2750 etiam
1637 2717 1691 2750 in—

196 2772 354 2806 fidelibus
381 2774 409 2808 C
567 2774 611 2808 23
636 2775 820 2818 praetextu
848 2774 913 2809 C'v
1070 2776 1114 2809 26
1140 2775 1289 2809 seientia
1321 2775 1357 2815 C,
1385 2774 1601 2809 conscientia
1626 2784 1646 2808 v

197 2828 238 2861 ⁵2?
265 2832 299 2863 et
330 2830 358 2864 C
380 2841 405 2864 3.
431 2831 452 2864 l.
479 2842 523 2865 m.
551 2833 575 2864 2
