<?xml version="1.0" encoding="UTF-8"?>
<!DOCTYPE html PUBLIC "-//W3C//DTD XHTML 1.0 Transitional//EN"
    "http://www.w3.org/TR/xhtml1/DTD/xhtml1-transitional.dtd">
<html xmlns="http://www.w3.org/1999/xhtml" xml:lang="en" lang="en">
 <head>
  <title>
</title>
<meta http-equiv="Content-Type" content="text/html;charset=utf-8" />
  <meta name='ocr-system' content='tesseract 3.04.00' />
  <meta name='ocr-capabilities' content='ocr_page ocr_carea ocr_par ocr_line ocrx_word'/>
</head>
<body>
  <div class='ocr_page' id='page_1' title='image "./corpusscriptorum03cypruoft_0863.png"; bbox 0 0 2032 3248; ppageno 0'>
   <div class='ocr_carea' id='block_1_1' title="bbox 860 264 1713 305">
    <p class='ocr_par' dir='ltr' id='par_1_1' title="bbox 860 264 1713 305">
     <span class='ocr_line' id='line_1_1' title="bbox 860 264 1713 305; baseline 0.008 -7"><span class='ocrx_word' id='word_1_1' title='bbox 860 266 899 298; x_wconf 66' lang='grc' dir='ltr'>ω</span> <span class='ocrx_word' id='word_1_2' title='bbox 916 266 982 299; x_wconf 67' lang='lat' dir='ltr'>ber</span> <span class='ocrx_word' id='word_1_3' title='bbox 1023 265 1099 298; x_wconf 80' lang='lat' dir='ltr'>vn.</span> <span class='ocrx_word' id='word_1_4' title='bbox 1632 264 1713 305; x_wconf 59' lang='lat'>283</span> 
     </span>
    </p>
   </div>
   <div class='ocr_carea' id='block_1_2' title="bbox 194 379 1816 2487">
    <p class='ocr_par' dir='ltr' id='par_1_2' title="bbox 194 379 1816 2487">
     <span class='ocr_line' id='line_1_2' title="bbox 238 379 1709 424; baseline -0.003 -1"><span class='ocrx_word' id='word_1_5' title='bbox 238 384 370 424; x_wconf 84' lang='lat' dir='ltr'>iisset.</span> <span class='ocrx_word' id='word_1_6' title='bbox 414 390 482 423; x_wconf 80' lang='lat' dir='ltr'>aut</span> <span class='ocrx_word' id='word_1_7' title='bbox 524 381 666 422; x_wconf 80' lang='lat' dir='ltr'>fatalia</span> <span class='ocrx_word' id='word_1_8' title='bbox 706 380 872 421; x_wconf 83' lang='lat' dir='ltr'>dicenda</span> <span class='ocrx_word' id='word_1_9' title='bbox 915 382 1010 421; x_wconf 80' lang='lat' dir='ltr'>suut</span> <span class='ocrx_word' id='word_1_10' title='bbox 1041 381 1219 421; x_wconf 84' lang='lat' dir='ltr'>carmina</span> <span class='ocrx_word' id='word_1_11' title='bbox 1251 380 1427 421; x_wconf 81' lang='lat' dir='ltr'>inultum</span> <span class='ocrx_word' id='word_1_12' title='bbox 1460 381 1563 420; x_wconf 84' lang='lat' dir='ltr'>ueris</span> <span class='ocrx_word' id='word_1_13' title='bbox 1594 379 1709 420; x_wconf 85' lang='lat' dir='ltr'>aber-</span> 
     </span>
     <span class='ocr_line' id='line_1_3' title="bbox 237 448 1708 504; baseline -0.003 -12"><span class='ocrx_word' id='word_1_14' title='bbox 237 451 387 492; x_wconf 86' lang='lat' dir='ltr'>rauisse</span> <span class='ocrx_word' id='word_1_15' title='bbox 420 450 662 504; x_wconf 81' lang='lat' dir='ltr'>praesagiis,</span> <span class='ocrx_word' id='word_1_16' title='bbox 694 461 786 490; x_wconf 88' lang='lat' dir='ltr'>cum</span> <span class='ocrx_word' id='word_1_17' title='bbox 818 448 1039 490; x_wconf 87' lang='lat' dir='ltr'>remedium</span> <span class='ocrx_word' id='word_1_18' title='bbox 1072 448 1120 489; x_wconf 87' lang='lat' dir='ltr'>ab</span> <span class='ocrx_word' id='word_1_19' title='bbox 1152 448 1215 488; x_wconf 75' lang='lat' dir='ltr'>his</span> <span class='ocrx_word' id='word_1_20' title='bbox 1246 449 1386 489; x_wconf 84' lang='lat' dir='ltr'>datum</span> <span class='ocrx_word' id='word_1_21' title='bbox 1417 460 1493 488; x_wconf 88' lang='lat' dir='ltr'>non</span> <span class='ocrx_word' id='word_1_22' title='bbox 1524 448 1708 500; x_wconf 80' lang='lat' dir='ltr'>deinceps</span> 
     </span>
     <span class='ocr_line' id='line_1_4' title="bbox 237 515 1775 569; baseline -0.004 -9"><span class='ocrx_word' id='word_1_23' title='bbox 237 519 391 561; x_wconf 78' lang='lat' dir='ltr'>cunctis</span> <span class='ocrx_word' id='word_1_24' title='bbox 424 520 492 560; x_wconf 85' lang='lat' dir='ltr'>sed</span> <span class='ocrx_word' id='word_1_25' title='bbox 523 517 671 560; x_wconf 79' lang='lat' dir='ltr'>auxilio</span> <span class='ocrx_word' id='word_1_26' title='bbox 704 517 828 558; x_wconf 90' lang='lat' dir='ltr'>fuisse</span> <span class='ocrx_word' id='word_1_27' title='bbox 860 517 928 558; x_wconf 91' lang='lat' dir='ltr'>uni</span> <span class='ocrx_word' id='word_1_28' title='bbox 960 517 1121 558; x_wconf 84' lang='lat' dir='ltr'>tantum</span> <span class='ocrx_word' id='word_1_29' title='bbox 1153 517 1372 569; x_wconf 74' lang='lat' dir='ltr'>reperiatur</span> <span class='ocrx_word' id='word_1_30' title='bbox 1397 516 1535 558; x_wconf 88' lang='lat' dir='ltr'>aetati.</span> <span class='ocrx_word' id='word_1_31' title='bbox 1567 515 1634 556; x_wconf 88' lang='lat' dir='ltr'>sed</span> <span class='ocrx_word' id='word_1_32' title='bbox 1670 517 1710 556; x_wconf 87' lang='lat' dir='ltr'>et</span> <span class='ocrx_word' id='word_1_33' title='bbox 1726 515 1775 553; x_wconf 75' lang='lat'>49</span> 
     </span>
     <span class='ocr_line' id='line_1_5' title="bbox 236 584 1710 642; baseline -0.003 -14"><span class='ocrx_word' id='word_1_34' title='bbox 236 589 397 642; x_wconf 84' lang='lat' dir='ltr'>Magna,</span> <span class='ocrx_word' id='word_1_35' title='bbox 430 587 577 639; x_wconf 90' lang='lat' dir='ltr'>inquit,</span> <span class='ocrx_word' id='word_1_36' title='bbox 610 587 739 627; x_wconf 88' lang='lat' dir='ltr'>Mater</span> <span class='ocrx_word' id='word_1_37' title='bbox 771 586 899 627; x_wconf 86' lang='lat' dir='ltr'>accita</span> <span class='ocrx_word' id='word_1_38' title='bbox 929 597 974 625; x_wconf 83' lang='lat' dir='ltr'>ex</span> <span class='ocrx_word' id='word_1_39' title='bbox 996 584 1173 638; x_wconf 82' lang='lat' dir='ltr'>Phrygio</span> <span class='ocrx_word' id='word_1_40' title='bbox 1195 585 1436 626; x_wconf 77' lang='lat' dir='ltr'>Pessinunte</span> <span class='ocrx_word' id='word_1_41' title='bbox 1466 584 1585 626; x_wconf 85' lang='lat' dir='ltr'>iussis</span> <span class='ocrx_word' id='word_1_42' title='bbox 1616 596 1710 625; x_wconf 87' lang='lat' dir='ltr'>con—</span> 
     </span>
     <span class='ocr_line' id='line_1_6' title="bbox 211 653 1710 707; baseline -0.001 -11"><span class='ocrx_word' id='word_1_43' title='bbox 211 674 221 693; x_wconf 83' lang='lat'>·.</span> <span class='ocrx_word' id='word_1_44' title='bbox 236 655 430 696; x_wconf 86' lang='lat' dir='ltr'>similiter</span> <span class='ocrx_word' id='word_1_45' title='bbox 451 657 594 696; x_wconf 87' lang='lat' dir='ltr'>uatum</span> <span class='ocrx_word' id='word_1_46' title='bbox 615 654 804 695; x_wconf 85' lang='lat' dir='ltr'>salutaris</span> <span class='ocrx_word' id='word_1_47' title='bbox 829 653 976 706; x_wconf 89' lang='lat' dir='ltr'>populo</span> <span class='ocrx_word' id='word_1_48' title='bbox 998 659 1037 694; x_wconf 87' lang='lat' dir='ltr'>et</span> <span class='ocrx_word' id='word_1_49' title='bbox 1059 666 1299 707; x_wconf 81' lang='lat' dir='ltr'>magnarum</span> <span class='ocrx_word' id='word_1_50' title='bbox 1320 665 1439 694; x_wconf 87' lang='lat' dir='ltr'>causa</span> <span class='ocrx_word' id='word_1_51' title='bbox 1460 653 1710 694; x_wconf 84' lang='lat' dir='ltr'>laetitiarum</span> 
     </span>
     <span class='ocr_line' id='line_1_7' title="bbox 237 721 1710 775; baseline -0.002 -11"><span class='ocrx_word' id='word_1_52' title='bbox 237 724 327 764; x_wconf 86' lang='lat' dir='ltr'>fuit.</span> <span class='ocrx_word' id='word_1_53' title='bbox 374 736 467 764; x_wconf 87' lang='lat' dir='ltr'>nam</span> <span class='ocrx_word' id='word_1_54' title='bbox 498 724 537 763; x_wconf 92' lang='lat' dir='ltr'>et</span> <span class='ocrx_word' id='word_1_55' title='bbox 569 722 638 763; x_wconf 84' lang='lat' dir='ltr'>dju</span> <span class='ocrx_word' id='word_1_56' title='bbox 669 724 809 775; x_wconf 79' lang='lat' dir='ltr'>potens</span> <span class='ocrx_word' id='word_1_57' title='bbox 840 722 967 763; x_wconf 87' lang='lat' dir='ltr'>hostis</span> <span class='ocrx_word' id='word_1_58' title='bbox 999 722 1048 762; x_wconf 83' lang='lat' dir='ltr'>ab</span> <span class='ocrx_word' id='word_1_59' title='bbox 1080 722 1220 763; x_wconf 86' lang='lat' dir='ltr'>ltaliae</span> <span class='ocrx_word' id='word_1_60' title='bbox 1252 721 1499 774; x_wconf 80' lang='lat' dir='ltr'>possessione</span> <span class='ocrx_word' id='word_1_61' title='bbox 1521 721 1710 762; x_wconf 91' lang='lat' dir='ltr'>detrusus</span> 
     </span>
     <span class='ocr_line' id='line_1_8' title="bbox 237 790 1709 846; baseline -0.002 -13"><span class='ocrx_word' id='word_1_62' title='bbox 237 795 297 833; x_wconf 89' lang='lat' dir='ltr'>est</span> <span class='ocrx_word' id='word_1_63' title='bbox 328 795 368 833; x_wconf 88' lang='lat' dir='ltr'>et</span> <span class='ocrx_word' id='word_1_64' title='bbox 399 792 584 846; x_wconf 84' lang='lat' dir='ltr'>gloriosis</span> <span class='ocrx_word' id='word_1_65' title='bbox 621 791 939 843; x_wconf 89' lang='lat' dir='ltr'>inlustribusque</span> <span class='ocrx_word' id='word_1_66' title='bbox 979 791 1160 831; x_wconf 87' lang='lat' dir='ltr'>uictoriis</span> <span class='ocrx_word' id='word_1_67' title='bbox 1198 791 1317 831; x_wconf 87' lang='lat' dir='ltr'>decus</span> <span class='ocrx_word' id='word_1_68' title='bbox 1349 791 1437 830; x_wconf 89' lang='lat' dir='ltr'>urbi</span> <span class='ocrx_word' id='word_1_69' title='bbox 1469 790 1709 831; x_wconf 86' lang='lat' dir='ltr'>restitutum</span> 
     </span>
     <span class='ocr_line' id='line_1_9' title="bbox 237 859 1707 913; baseline -0.001 -12"><span class='ocrx_word' id='word_1_70' title='bbox 237 863 298 902; x_wconf 86' lang='lat' dir='ltr'>est</span> <span class='ocrx_word' id='word_1_71' title='bbox 335 860 553 913; x_wconf 89' lang='lat' dir='ltr'>pristinum</span> <span class='ocrx_word' id='word_1_72' title='bbox 585 860 625 902; x_wconf 84' lang='lat' dir='ltr'>et</span> <span class='ocrx_word' id='word_1_73' title='bbox 655 859 816 913; x_wconf 87' lang='lat' dir='ltr'>imperii</span> <span class='ocrx_word' id='word_1_74' title='bbox 848 859 944 901; x_wconf 80' lang='lat' dir='ltr'>fines</span> <span class='ocrx_word' id='word_1_75' title='bbox 976 860 1090 913; x_wconf 82' lang='lat' dir='ltr'>longe</span> <span class='ocrx_word' id='word_1_76' title='bbox 1127 860 1286 912; x_wconf 84' lang='lat' dir='ltr'>lateque</span> <span class='ocrx_word' id='word_1_77' title='bbox 1317 859 1488 911; x_wconf 89' lang='lat' dir='ltr'>porrecti</span> <span class='ocrx_word' id='word_1_78' title='bbox 1519 860 1559 900; x_wconf 91' lang='lat' dir='ltr'>et</span> <span class='ocrx_word' id='word_1_79' title='bbox 1589 859 1707 900; x_wconf 91' lang='lat' dir='ltr'>innu-</span> 
     </span>
     <span class='ocr_line' id='line_1_10' title="bbox 237 928 1710 983; baseline -0.001 -13"><span class='ocrx_word' id='word_1_80' title='bbox 237 928 358 971; x_wconf 86' lang='lat' dir='ltr'>meris</span> <span class='ocrx_word' id='word_1_81' title='bbox 402 928 592 983; x_wconf 84' lang='lat' dir='ltr'>gentibus</span> <span class='ocrx_word' id='word_1_82' title='bbox 640 928 876 970; x_wconf 87' lang='lat' dir='ltr'>ciuitatibus</span> <span class='ocrx_word' id='word_1_83' title='bbox 923 928 1081 980; x_wconf 86' lang='lat' dir='ltr'>populis</span> <span class='ocrx_word' id='word_1_84' title='bbox 1120 928 1322 969; x_wconf 77' lang='lat' dir='ltr'>libertatis</span> <span class='ocrx_word' id='word_1_85' title='bbox 1358 928 1420 969; x_wconf 89' lang='lat' dir='ltr'>ius</span> <span class='ocrx_word' id='word_1_86' title='bbox 1453 928 1614 980; x_wconf 85' lang='lat' dir='ltr'>raptum</span> <span class='ocrx_word' id='word_1_87' title='bbox 1649 930 1710 968; x_wconf 91' lang='lat' dir='ltr'>est</span> 
     </span>
     <span class='ocr_line' id='line_1_11' title="bbox 195 995 1816 1052; baseline -0.001 -15"><span class='ocrx_word' id='word_1_88' title='bbox 195 1001 278 1039; x_wconf 89' lang='lat' dir='ltr'>10et</span> <span class='ocrx_word' id='word_1_89' title='bbox 317 998 459 1050; x_wconf 87' lang='lat' dir='ltr'>iugum</span> <span class='ocrx_word' id='word_1_90' title='bbox 495 996 500 1052; x_wconf 84' lang='grc'>1</span> <span class='ocrx_word' id='word_1_91' title='bbox 535 997 746 1038; x_wconf 89' lang='lat' dir='ltr'>seruitutis</span> <span class='ocrx_word' id='word_1_92' title='bbox 791 997 1036 1048; x_wconf 82' lang='lat' dir='ltr'>inpositum,</span> <span class='ocrx_word' id='word_1_93' title='bbox 1084 996 1315 1048; x_wconf 79' lang='lat' dir='ltr'>multaeque</span> <span class='ocrx_word' id='word_1_94' title='bbox 1356 1008 1416 1037; x_wconf 87' lang='lat' dir='ltr'>res</span> <span class='ocrx_word' id='word_1_95' title='bbox 1463 996 1565 1037; x_wconf 87' lang='lat' dir='ltr'>aliae</span> <span class='ocrx_word' id='word_1_96' title='bbox 1611 995 1816 1036; x_wconf 74' lang='lat' dir='ltr'>f01·isf.1⁴3¹</span> 
     </span>
     <span class='ocr_line' id='line_1_12' title="bbox 237 1065 1710 1119; baseline -0.001 -13"><span class='ocrx_word' id='word_1_97' title='bbox 237 1066 424 1118; x_wconf 84' lang='lat' dir='ltr'>domique</span> <span class='ocrx_word' id='word_1_98' title='bbox 465 1065 665 1119; x_wconf 83' lang='lat' dir='ltr'>perfectae</span> <span class='ocrx_word' id='word_1_99' title='bbox 704 1065 955 1106; x_wconf 81' lang='lat' dir='ltr'>ineluctabili</span> <span class='ocrx_word' id='word_1_100' title='bbox 998 1065 1190 1106; x_wconf 84' lang='lat' dir='ltr'>firmitate</span> <span class='ocrx_word' id='word_1_101' title='bbox 1226 1065 1358 1118; x_wconf 83' lang='lat' dir='ltr'>gentis</span> <span class='ocrx_word' id='word_1_102' title='bbox 1390 1076 1533 1106; x_wconf 88' lang='lat' dir='ltr'>nomen</span> <span class='ocrx_word' id='word_1_103' title='bbox 1564 1065 1710 1106; x_wconf 86' lang='lat' dir='ltr'>maies-</span> 
     </span>
     <span class='ocr_line' id='line_1_13' title="bbox 237 1133 1711 1186; baseline -0.002 -10"><span class='ocrx_word' id='word_1_104' title='bbox 237 1135 443 1186; x_wconf 87' lang='lat' dir='ltr'>tatemque</span> <span class='ocrx_word' id='word_1_105' title='bbox 482 1133 716 1175; x_wconf 85' lang='lat' dir='ltr'>fundarunt.</span> <span class='ocrx_word' id='word_1_106' title='bbox 765 1134 798 1175; x_wconf 89' lang='lat' dir='ltr'>si</span> <span class='ocrx_word' id='word_1_107' title='bbox 830 1146 971 1175; x_wconf 88' lang='lat' dir='ltr'>uerum</span> <span class='ocrx_word' id='word_1_108' title='bbox 1013 1134 1200 1174; x_wconf 91' lang='lat' dir='ltr'>locuntur</span> <span class='ocrx_word' id='word_1_109' title='bbox 1229 1134 1420 1174; x_wconf 85' lang='lat' dir='ltr'>historiae</span> <span class='ocrx_word' id='word_1_110' title='bbox 1451 1145 1574 1185; x_wconf 89' lang='lat' dir='ltr'>neque</span> <span class='ocrx_word' id='word_1_111' title='bbox 1606 1133 1711 1174; x_wconf 90' lang='lat' dir='ltr'>ullas</span> 
     </span>
     <span class='ocr_line' id='line_1_14' title="bbox 238 1201 1709 1255; baseline -0.001 -12"><span class='ocrx_word' id='word_1_112' title='bbox 238 1203 421 1244; x_wconf 85' lang='lat' dir='ltr'>inserunt</span> <span class='ocrx_word' id='word_1_113' title='bbox 451 1214 583 1243; x_wconf 91' lang='lat' dir='ltr'>rerum</span> <span class='ocrx_word' id='word_1_114' title='bbox 615 1201 978 1254; x_wconf 82' lang='lat' dir='ltr'>conscriptionibus</span> <span class='ocrx_word' id='word_1_115' title='bbox 1010 1201 1220 1253; x_wconf 75' lang='lat' dir='ltr'>falsitates,</span> <span class='ocrx_word' id='word_1_116' title='bbox 1253 1202 1435 1244; x_wconf 84' lang='lat' dir='ltr'>adlatum</span> <span class='ocrx_word' id='word_1_117' title='bbox 1466 1214 1511 1243; x_wconf 80' lang='lat' dir='ltr'>ex</span> <span class='ocrx_word' id='word_1_118' title='bbox 1533 1201 1709 1255; x_wconf 86' lang='lat' dir='ltr'>Phrygia</span> 
     </span>
     <span class='ocr_line' id='line_1_15' title="bbox 238 1270 1710 1324; baseline -0.001 -12"><span class='ocrx_word' id='word_1_119' title='bbox 238 1271 338 1312; x_wconf 90' lang='lat' dir='ltr'>nihil</span> <span class='ocrx_word' id='word_1_120' title='bbox 371 1271 532 1324; x_wconf 89' lang='lat' dir='ltr'>quidem</span> <span class='ocrx_word' id='word_1_121' title='bbox 563 1271 672 1312; x_wconf 89' lang='lat' dir='ltr'>aliud</span> <span class='ocrx_word' id='word_1_122' title='bbox 705 1270 895 1312; x_wconf 87' lang='lat' dir='ltr'>scribitur</span> <span class='ocrx_word' id='word_1_123' title='bbox 925 1271 1097 1312; x_wconf 89' lang='lat' dir='ltr'>missum</span> <span class='ocrx_word' id='word_1_124' title='bbox 1128 1283 1219 1324; x_wconf 86' lang='lat' dir='ltr'>rege</span> <span class='ocrx_word' id='word_1_125' title='bbox 1250 1270 1300 1312; x_wconf 87' lang='lat' dir='ltr'>ab</span> <span class='ocrx_word' id='word_1_126' title='bbox 1321 1270 1476 1318; x_wconf 84' lang='lat' dir='ltr'>Attalo,</span> <span class='ocrx_word' id='word_1_127' title='bbox 1508 1271 1585 1311; x_wconf 91' lang='lat' dir='ltr'>nisi</span> <span class='ocrx_word' id='word_1_128' title='bbox 1606 1270 1710 1324; x_wconf 88' lang='lat' dir='ltr'>lapis</span> 
     </span>
     <span class='ocr_line' id='line_1_16' title="bbox 196 1339 1713 1393; baseline -0.001 -13"><span class='ocrx_word' id='word_1_129' title='bbox 196 1339 402 1392; x_wconf 62' lang='lat' dir='ltr'>mquidam</span> <span class='ocrx_word' id='word_1_130' title='bbox 434 1352 510 1380; x_wconf 90' lang='lat' dir='ltr'>non</span> <span class='ocrx_word' id='word_1_131' title='bbox 542 1352 726 1393; x_wconf 86' lang='lat' dir='ltr'>magnus,</span> <span class='ocrx_word' id='word_1_132' title='bbox 758 1339 853 1380; x_wconf 87' lang='lat' dir='ltr'>ferri</span> <span class='ocrx_word' id='word_1_133' title='bbox 885 1352 1005 1380; x_wconf 85' lang='lat' dir='ltr'>manu</span> <span class='ocrx_word' id='word_1_134' title='bbox 1038 1339 1212 1380; x_wconf 90' lang='lat' dir='ltr'>hominis</span> <span class='ocrx_word' id='word_1_135' title='bbox 1244 1339 1328 1380; x_wconf 91' lang='lat' dir='ltr'>sine</span> <span class='ocrx_word' id='word_1_136' title='bbox 1358 1339 1443 1380; x_wconf 90' lang='lat' dir='ltr'>ulla</span> <span class='ocrx_word' id='word_1_137' title='bbox 1469 1339 1713 1391; x_wconf 87' lang='lat' dir='ltr'>inpressione</span> 
     </span>
     <span class='ocr_line' id='line_1_17' title="bbox 238 1407 1713 1462; baseline 0 -14"><span class='ocrx_word' id='word_1_138' title='bbox 238 1408 305 1460; x_wconf 91' lang='lat' dir='ltr'>qui</span> <span class='ocrx_word' id='word_1_139' title='bbox 348 1410 502 1461; x_wconf 84' lang='lat' dir='ltr'>posset,</span> <span class='ocrx_word' id='word_1_140' title='bbox 548 1408 691 1449; x_wconf 90' lang='lat' dir='ltr'>coloris</span> <span class='ocrx_word' id='word_1_141' title='bbox 731 1407 838 1449; x_wconf 88' lang='lat' dir='ltr'>furui</span> <span class='ocrx_word' id='word_1_142' title='bbox 879 1409 998 1460; x_wconf 90' lang='lat' dir='ltr'>atque</span> <span class='ocrx_word' id='word_1_143' title='bbox 1038 1408 1136 1460; x_wconf 88' lang='lat' dir='ltr'>atri,</span> <span class='ocrx_word' id='word_1_144' title='bbox 1182 1407 1353 1462; x_wconf 80' lang='lat' dir='ltr'>angellis</span> <span class='ocrx_word' id='word_1_145' title='bbox 1391 1407 1713 1461; x_wconf 86' lang='lat' dir='ltr'>prominentibus</span> 
     </span>
     <span class='ocr_line' id='line_1_18' title="bbox 238 1475 1712 1530; baseline -0.001 -13"><span class='ocrx_word' id='word_1_146' title='bbox 238 1477 480 1530; x_wconf 87' lang='lat' dir='ltr'>inaequalis,</span> <span class='ocrx_word' id='word_1_147' title='bbox 523 1478 562 1518; x_wconf 88' lang='lat' dir='ltr'>et</span> <span class='ocrx_word' id='word_1_148' title='bbox 602 1489 719 1529; x_wconf 87' lang='lat' dir='ltr'>quem</span> <span class='ocrx_word' id='word_1_149' title='bbox 761 1488 897 1518; x_wconf 92' lang='lat' dir='ltr'>omnes</span> <span class='ocrx_word' id='word_1_150' title='bbox 936 1476 1052 1517; x_wconf 88' lang='lat' dir='ltr'>hodie</span> <span class='ocrx_word' id='word_1_151' title='bbox 1092 1477 1177 1529; x_wconf 88' lang='lat' dir='ltr'>ipso</span> <span class='ocrx_word' id='word_1_152' title='bbox 1209 1477 1279 1517; x_wconf 88' lang='lat' dir='ltr'>illo</span> <span class='ocrx_word' id='word_1_153' title='bbox 1310 1476 1493 1518; x_wconf 88' lang='lat' dir='ltr'>uidemus</span> <span class='ocrx_word' id='word_1_154' title='bbox 1524 1476 1565 1517; x_wconf 93' lang='lat' dir='ltr'>in</span> <span class='ocrx_word' id='word_1_155' title='bbox 1596 1475 1712 1530; x_wconf 78' lang='lat' dir='ltr'>signo</span> 
     </span>
     <span class='ocr_line' id='line_1_19' title="bbox 234 1544 1711 1598; baseline 0 -14"><span class='ocrx_word' id='word_1_156' title='bbox 234 1544 317 1585; x_wconf 78' lang='lat' dir='ltr'>oris</span> <span class='ocrx_word' id='word_1_157' title='bbox 348 1545 433 1586; x_wconf 85' lang='lat' dir='ltr'>loco</span> <span class='ocrx_word' id='word_1_158' title='bbox 464 1545 661 1597; x_wconf 85' lang='lat' dir='ltr'>positum,</span> <span class='ocrx_word' id='word_1_159' title='bbox 704 1545 929 1586; x_wconf 86' lang='lat' dir='ltr'>indolatum</span> <span class='ocrx_word' id='word_1_160' title='bbox 961 1546 1001 1585; x_wconf 86' lang='lat' dir='ltr'>et</span> <span class='ocrx_word' id='word_1_161' title='bbox 1030 1557 1216 1598; x_wconf 87' lang='lat' dir='ltr'>asperum</span> <span class='ocrx_word' id='word_1_162' title='bbox 1251 1548 1290 1586; x_wconf 91' lang='lat' dir='ltr'>et</span> <span class='ocrx_word' id='word_1_163' title='bbox 1321 1545 1535 1586; x_wconf 88' lang='lat' dir='ltr'>simulacro</span> <span class='ocrx_word' id='word_1_164' title='bbox 1566 1544 1711 1586; x_wconf 83' lang='lat' dir='ltr'>faciem</span> 
     </span>
     <span class='ocr_line' id='line_1_20' title="bbox 239 1612 1777 1667; baseline 0.001 -15"><span class='ocrx_word' id='word_1_165' title='bbox 239 1614 376 1655; x_wconf 86' lang='lat' dir='ltr'>minus</span> <span class='ocrx_word' id='word_1_166' title='bbox 412 1625 636 1667; x_wconf 81' lang='lat' dir='ltr'>expressam</span> <span class='ocrx_word' id='word_1_167' title='bbox 674 1613 930 1655; x_wconf 86' lang='lat' dir='ltr'>simulatione</span> <span class='ocrx_word' id='word_1_168' title='bbox 965 1613 1235 1666; x_wconf 87' lang='lat' dir='ltr'>praebentem.</span> <span class='ocrx_word' id='word_1_169' title='bbox 1269 1613 1365 1665; x_wconf 89' lang='lat' dir='ltr'>quid</span> <span class='ocrx_word' id='word_1_170' title='bbox 1386 1625 1478 1667; x_wconf 85' lang='lat' dir='ltr'>ergo</span> <span class='ocrx_word' id='word_1_171' title='bbox 1500 1612 1706 1654; x_wconf 75' lang='lat' dir='ltr'>dicemus?</span> <span class='ocrx_word' id='word_1_172' title='bbox 1726 1613 1777 1652; x_wconf 78' lang='lat'>50</span> 
     </span>
     <span class='ocr_line' id='line_1_21' title="bbox 194 1681 1710 1734; baseline 0.001 -13"><span class='ocrx_word' id='word_1_173' title='bbox 194 1698 226 1721; x_wconf 69' lang='lat'>20</span> <span class='ocrx_word' id='word_1_174' title='bbox 240 1681 514 1723; x_wconf 87' lang='lat' dir='ltr'>Hannibalem</span> <span class='ocrx_word' id='word_1_175' title='bbox 546 1682 665 1723; x_wconf 89' lang='lat' dir='ltr'>illum</span> <span class='ocrx_word' id='word_1_176' title='bbox 687 1682 878 1732; x_wconf 90' lang='lat' dir='ltr'>Poenum,</span> <span class='ocrx_word' id='word_1_177' title='bbox 910 1682 1066 1723; x_wconf 89' lang='lat' dir='ltr'>hostem</span> <span class='ocrx_word' id='word_1_178' title='bbox 1097 1682 1302 1734; x_wconf 89' lang='lat' dir='ltr'>potentem</span> <span class='ocrx_word' id='word_1_179' title='bbox 1332 1694 1377 1723; x_wconf 86' lang='lat' dir='ltr'>ac</span> <span class='ocrx_word' id='word_1_180' title='bbox 1408 1681 1603 1731; x_wconf 86' lang='lat' dir='ltr'>ualidum,</span> <span class='ocrx_word' id='word_1_181' title='bbox 1637 1681 1710 1722; x_wconf 84' lang='lat' dir='ltr'>sub</span> 
     </span>
     <span class='ocr_line' id='line_1_22' title="bbox 240 1750 1711 1803; baseline 0 -13"><span class='ocrx_word' id='word_1_182' title='bbox 240 1761 316 1802; x_wconf 89' lang='lat' dir='ltr'>quo</span> <span class='ocrx_word' id='word_1_183' title='bbox 362 1762 504 1802; x_wconf 87' lang='lat' dir='ltr'>anceps</span> <span class='ocrx_word' id='word_1_184' title='bbox 545 1752 584 1791; x_wconf 88' lang='lat' dir='ltr'>et</span> <span class='ocrx_word' id='word_1_185' title='bbox 623 1750 746 1791; x_wconf 88' lang='lat' dir='ltr'>dubia</span> <span class='ocrx_word' id='word_1_186' title='bbox 786 1762 848 1791; x_wconf 86' lang='lat' dir='ltr'>res</span> <span class='ocrx_word' id='word_1_187' title='bbox 890 1750 1070 1791; x_wconf 83' lang='lat' dir='ltr'>Romana</span> <span class='ocrx_word' id='word_1_188' title='bbox 1110 1750 1352 1791; x_wconf 89' lang='lat' dir='ltr'>contremuit</span> <span class='ocrx_word' id='word_1_189' title='bbox 1392 1751 1431 1791; x_wconf 93' lang='lat' dir='ltr'>et</span> <span class='ocrx_word' id='word_1_190' title='bbox 1471 1750 1711 1803; x_wconf 80' lang='lat' dir='ltr'>magnitudo</span> 
     </span>
     <span class='ocr_line' id='line_1_23' title="bbox 241 1818 1705 1872; baseline 0.001 -15"><span class='ocrx_word' id='word_1_191' title='bbox 241 1839 259 1857; x_wconf 38' lang='grc' dir='ltr'>ἡ(</span> <span class='ocrx_word' id='word_1_192' title='bbox 281 1818 513 1870; x_wconf 84' lang='lat' dir='ltr'>trepidauit,</span> <span class='ocrx_word' id='word_1_193' title='bbox 546 1818 648 1871; x_wconf 87' lang='lat' dir='ltr'>lapis</span> <span class='ocrx_word' id='word_1_194' title='bbox 679 1831 722 1859; x_wconf 79' lang='lat' dir='ltr'>ex</span> <span class='ocrx_word' id='word_1_195' title='bbox 746 1818 867 1859; x_wconf 87' lang='lat' dir='ltr'>Italia</span> <span class='ocrx_word' id='word_1_196' title='bbox 898 1818 1065 1871; x_wconf 80' lang='lat' dir='ltr'>depulit,</span> <span class='ocrx_word' id='word_1_197' title='bbox 1097 1818 1198 1871; x_wconf 88' lang='lat' dir='ltr'>lapis</span> <span class='ocrx_word' id='word_1_198' title='bbox 1232 1818 1365 1872; x_wconf 87' lang='lat' dir='ltr'>fregit,</span> <span class='ocrx_word' id='word_1_199' title='bbox 1396 1818 1499 1871; x_wconf 86' lang='lat' dir='ltr'>lapis</span> <span class='ocrx_word' id='word_1_200' title='bbox 1520 1818 1705 1872; x_wconf 85' lang='lat' dir='ltr'>fugacem</span> 
     </span>
     <span class='ocr_line' id='line_1_24' title="bbox 240 1886 1711 1939; baseline 0.001 -14"><span class='ocrx_word' id='word_1_201' title='bbox 240 1898 284 1926; x_wconf 80' lang='lat' dir='ltr'>ac</span> <span class='ocrx_word' id='word_1_202' title='bbox 316 1886 505 1927; x_wconf 81' lang='lat' dir='ltr'>timidum</span> <span class='ocrx_word' id='word_1_203' title='bbox 538 1887 678 1939; x_wconf 89' lang='lat' dir='ltr'>suique</span> <span class='ocrx_word' id='word_1_204' title='bbox 708 1898 792 1927; x_wconf 88' lang='lat' dir='ltr'>esse</span> <span class='ocrx_word' id='word_1_205' title='bbox 823 1886 1062 1927; x_wconf 88' lang='lat' dir='ltr'>dissimilem</span> <span class='ocrx_word' id='word_1_206' title='bbox 1094 1886 1217 1928; x_wconf 78' lang='lat' dir='ltr'>fecit?</span> <span class='ocrx_word' id='word_1_207' title='bbox 1247 1888 1286 1928; x_wconf 91' lang='lat' dir='ltr'>et</span> <span class='ocrx_word' id='word_1_208' title='bbox 1316 1886 1421 1939; x_wconf 89' lang='lat' dir='ltr'>quod</span> <span class='ocrx_word' id='word_1_209' title='bbox 1450 1899 1587 1928; x_wconf 88' lang='lat' dir='ltr'>rursus</span> <span class='ocrx_word' id='word_1_210' title='bbox 1618 1888 1711 1928; x_wconf 88' lang='lat' dir='ltr'>urbs</span> 
     </span>
     <span class='ocr_line' id='line_1_25' title="bbox 240 1954 1714 2009; baseline 0 -14"><span class='ocrx_word' id='word_1_211' title='bbox 240 1954 420 1995; x_wconf 81' lang='lat' dir='ltr'>exsiliuit</span> <span class='ocrx_word' id='word_1_212' title='bbox 450 1955 499 1996; x_wconf 90' lang='lat' dir='ltr'>ad</span> <span class='ocrx_word' id='word_1_213' title='bbox 530 1955 688 2007; x_wconf 88' lang='lat' dir='ltr'>imperii</span> <span class='ocrx_word' id='word_1_214' title='bbox 719 1956 903 1997; x_wconf 91' lang='lat' dir='ltr'>columen</span> <span class='ocrx_word' id='word_1_215' title='bbox 934 1957 974 1997; x_wconf 92' lang='lat' dir='ltr'>et</span> <span class='ocrx_word' id='word_1_216' title='bbox 1004 1955 1159 2009; x_wconf 86' lang='lat' dir='ltr'>regium</span> <span class='ocrx_word' id='word_1_217' title='bbox 1181 1956 1465 2008; x_wconf 78' lang='lat' dir='ltr'>principatum,</span> <span class='ocrx_word' id='word_1_218' title='bbox 1499 1955 1601 1996; x_wconf 86' lang='lat' dir='ltr'>nihil</span> <span class='ocrx_word' id='word_1_219' title='bbox 1623 1967 1714 1996; x_wconf 90' lang='lat' dir='ltr'>con-</span> 
     </span>
     <span class='ocr_line' id='line_1_26' title="bbox 196 2023 1713 2073; baseline 0.001 -11"><span class='ocrx_word' id='word_1_220' title='bbox 196 2040 225 2063; x_wconf 68' lang='grc' dir='ltr'>ρε,</span> <span class='ocrx_word' id='word_1_221' title='bbox 240 2023 343 2063; x_wconf 89' lang='lat' dir='ltr'>siliis</span> <span class='ocrx_word' id='word_1_222' title='bbox 374 2026 510 2064; x_wconf 88' lang='lat' dir='ltr'>actum</span> <span class='ocrx_word' id='word_1_223' title='bbox 542 2025 615 2073; x_wconf 90' lang='lat' dir='ltr'>est,</span> <span class='ocrx_word' id='word_1_224' title='bbox 647 2023 748 2064; x_wconf 87' lang='lat' dir='ltr'>nihil</span> <span class='ocrx_word' id='word_1_225' title='bbox 779 2024 988 2064; x_wconf 89' lang='lat' dir='ltr'>hominum</span> <span class='ocrx_word' id='word_1_226' title='bbox 1020 2023 1188 2072; x_wconf 88' lang='lat' dir='ltr'>uiribus,</span> <span class='ocrx_word' id='word_1_227' title='bbox 1229 2036 1299 2065; x_wconf 91' lang='lat' dir='ltr'>nec</span> <span class='ocrx_word' id='word_1_228' title='bbox 1329 2023 1378 2064; x_wconf 90' lang='lat' dir='ltr'>ad</span> <span class='ocrx_word' id='word_1_229' title='bbox 1410 2023 1585 2064; x_wconf 84' lang='lat' dir='ltr'>reditum</span> <span class='ocrx_word' id='word_1_230' title='bbox 1618 2023 1713 2065; x_wconf 91' lang='lat' dir='ltr'>sub-</span> 
     </span>
     <span class='ocr_line' id='line_1_27' title="bbox 241 2091 1713 2144; baseline 0.001 -13"><span class='ocrx_word' id='word_1_231' title='bbox 241 2092 432 2132; x_wconf 87' lang='lat' dir='ltr'>limitatis</span> <span class='ocrx_word' id='word_1_232' title='bbox 483 2092 672 2144; x_wconf 84' lang='lat' dir='ltr'>antiquae</span> <span class='ocrx_word' id='word_1_233' title='bbox 722 2094 783 2132; x_wconf 88' lang='lat' dir='ltr'>tot</span> <span class='ocrx_word' id='word_1_234' title='bbox 831 2092 1035 2144; x_wconf 88' lang='lat' dir='ltr'>tantisque</span> <span class='ocrx_word' id='word_1_235' title='bbox 1079 2091 1128 2132; x_wconf 89' lang='lat' dir='ltr'>ab</span> <span class='ocrx_word' id='word_1_236' title='bbox 1175 2091 1344 2132; x_wconf 88' lang='lat' dir='ltr'>ducibus</span> <span class='ocrx_word' id='word_1_237' title='bbox 1390 2092 1606 2144; x_wconf 89' lang='lat' dir='ltr'>quicquam</span> <span class='ocrx_word' id='word_1_238' title='bbox 1652 2093 1713 2132; x_wconf 88' lang='lat' dir='ltr'>est</span> 
     </span>
     <span class='ocr_line' id='line_1_28' title="bbox 242 2159 1708 2212; baseline 0.001 -13"><span class='ocrx_word' id='word_1_239' title='bbox 242 2160 409 2201; x_wconf 73' lang='lat' dir='ltr'>scientia</span> <span class='ocrx_word' id='word_1_240' title='bbox 448 2159 618 2201; x_wconf 88' lang='lat' dir='ltr'>militari</span> <span class='ocrx_word' id='word_1_241' title='bbox 660 2162 731 2201; x_wconf 85' lang='lat' dir='ltr'>aut</span> <span class='ocrx_word' id='word_1_242' title='bbox 767 2173 899 2201; x_wconf 89' lang='lat' dir='ltr'>rerum</span> <span class='ocrx_word' id='word_1_243' title='bbox 931 2160 1176 2212; x_wconf 83' lang='lat' dir='ltr'>experientia</span> <span class='ocrx_word' id='word_1_244' title='bbox 1206 2159 1437 2201; x_wconf 80' lang='lat' dir='ltr'>conlatum?</span> <span class='ocrx_word' id='word_1_245' title='bbox 1481 2159 1586 2212; x_wconf 90' lang='lat' dir='ltr'>lapis</span> <span class='ocrx_word' id='word_1_246' title='bbox 1617 2159 1708 2201; x_wconf 87' lang='lat' dir='ltr'>aliis</span> 
     </span>
     <span class='ocr_line' id='line_1_29' title="bbox 243 2227 1711 2281; baseline 0 -13"><span class='ocrx_word' id='word_1_247' title='bbox 243 2227 360 2277; x_wconf 89' lang='lat' dir='ltr'>uires,</span> <span class='ocrx_word' id='word_1_248' title='bbox 384 2228 475 2268; x_wconf 87' lang='lat' dir='ltr'>aliis</span> <span class='ocrx_word' id='word_1_249' title='bbox 496 2228 648 2269; x_wconf 91' lang='lat' dir='ltr'>roboris</span> <span class='ocrx_word' id='word_1_250' title='bbox 671 2228 949 2269; x_wconf 83' lang='lat' dir='ltr'>infirmitatem</span> <span class='ocrx_word' id='word_1_251' title='bbox 970 2229 1094 2279; x_wconf 87' lang='lat' dir='ltr'>dedit,</span> <span class='ocrx_word' id='word_1_252' title='bbox 1126 2229 1197 2270; x_wconf 92' lang='lat' dir='ltr'>hos</span> <span class='ocrx_word' id='word_1_253' title='bbox 1219 2229 1404 2270; x_wconf 87' lang='lat' dir='ltr'>secundis</span> <span class='ocrx_word' id='word_1_254' title='bbox 1427 2227 1711 2281; x_wconf 85' lang='lat' dir='ltr'>praecipitauit</span> 
     </span>
     <span class='ocr_line' id='line_1_30' title="bbox 241 2296 1715 2349; baseline 0.001 -13"><span class='ocrx_word' id='word_1_255' title='bbox 241 2296 288 2336; x_wconf 81' lang='lat' dir='ltr'>ab</span> <span class='ocrx_word' id='word_1_256' title='bbox 322 2296 451 2341; x_wconf 82' lang='lat' dir='ltr'>rebus,</span> <span class='ocrx_word' id='word_1_257' title='bbox 484 2296 654 2337; x_wconf 85' lang='lat' dir='ltr'>aliorum</span> <span class='ocrx_word' id='word_1_258' title='bbox 677 2297 824 2337; x_wconf 80' lang='lat' dir='ltr'>extulit</span> <span class='ocrx_word' id='word_1_259' title='bbox 845 2298 995 2338; x_wconf 87' lang='lat' dir='ltr'>stratas</span> <span class='ocrx_word' id='word_1_260' title='bbox 1017 2297 1291 2349; x_wconf 84' lang='lat' dir='ltr'>desperatione</span> <span class='ocrx_word' id='word_1_261' title='bbox 1319 2297 1532 2338; x_wconf 77' lang='lat' dir='ltr'>fortunas?</span> <span class='ocrx_word' id='word_1_262' title='bbox 1563 2298 1603 2338; x_wconf 88' lang='lat' dir='ltr'>et</span> <span class='ocrx_word' id='word_1_263' title='bbox 1625 2297 1715 2349; x_wconf 93' lang='lat' dir='ltr'>quis</span> 
     </span>
     <span class='ocr_line' id='line_1_31' title="bbox 197 2364 1714 2419; baseline 0.002 -16"><span class='ocrx_word' id='word_1_264' title='bbox 197 2364 447 2405; x_wconf 64' lang='lat' dir='ltr'>zobominum</span> <span class='ocrx_word' id='word_1_265' title='bbox 493 2365 627 2405; x_wconf 84' lang='lat' dir='ltr'>credet</span> <span class='ocrx_word' id='word_1_266' title='bbox 672 2366 779 2406; x_wconf 85' lang='lat' dir='ltr'>terra</span> <span class='ocrx_word' id='word_1_267' title='bbox 826 2366 1034 2417; x_wconf 85' lang='lat' dir='ltr'>sumptum</span> <span class='ocrx_word' id='word_1_268' title='bbox 1079 2366 1275 2418; x_wconf 81' lang='lat' dir='ltr'>lapidem,</span> <span class='ocrx_word' id='word_1_269' title='bbox 1323 2377 1438 2406; x_wconf 74' lang='lat' dir='ltr'>sensu</span> <span class='ocrx_word' id='word_1_270' title='bbox 1477 2365 1714 2419; x_wconf 83' lang='lat' dir='ltr'>agitabilem</span> 
     </span>
     <span class='ocr_line' id='line_1_32' title="bbox 244 2432 1716 2487; baseline 0.002 -15"><span class='ocrx_word' id='word_1_271' title='bbox 244 2432 365 2476; x_wconf 87' lang='lat' dir='ltr'>nullo.</span> <span class='ocrx_word' id='word_1_272' title='bbox 390 2432 575 2487; x_wconf 85' lang='lat' dir='ltr'>fuliginei</span> <span class='ocrx_word' id='word_1_273' title='bbox 594 2433 736 2475; x_wconf 88' lang='lat' dir='ltr'>coloris</span> <span class='ocrx_word' id='word_1_274' title='bbox 753 2434 872 2486; x_wconf 86' lang='lat' dir='ltr'>atque</span> <span class='ocrx_word' id='word_1_275' title='bbox 889 2434 1010 2484; x_wconf 59' lang='lat' dir='ltr'>at1·i,*</span> <span class='ocrx_word' id='word_1_276' title='bbox 1027 2434 1213 2487; x_wconf 86' lang='lat' dir='ltr'>corporis,</span> <span class='ocrx_word' id='word_1_277' title='bbox 1237 2434 1355 2476; x_wconf 88' lang='lat' dir='ltr'>deum</span> <span class='ocrx_word' id='word_1_278' title='bbox 1373 2434 1497 2476; x_wconf 84' lang='lat' dir='ltr'>fuisse</span> <span class='ocrx_word' id='word_1_279' title='bbox 1515 2435 1716 2475; x_wconf 80' lang='lat' dir='ltr'>matrem?</span> 
     </span>
    </p>
   </div>
   <div class='ocr_carea' id='block_1_3' title="bbox 242 2592 1715 2803">
    <p class='ocr_par' dir='ltr' id='par_1_3' title="bbox 242 2592 1715 2803">
     <span class='ocr_line' id='line_1_33' title="bbox 285 2592 1713 2635; baseline 0.001 -12"><span class='ocrx_word' id='word_1_280' title='bbox 285 2593 305 2623; x_wconf 72' lang='lat'>:3</span> <span class='ocrx_word' id='word_1_281' title='bbox 332 2592 438 2625; x_wconf 71' lang='lat' dir='ltr'>fuisse</span> <span class='ocrx_word' id='word_1_282' title='bbox 466 2592 523 2625; x_wconf 89' lang='lat' dir='ltr'>uni</span> <span class='ocrx_word' id='word_1_283' title='bbox 549 2593 690 2625; x_wconf 79' lang='lat' dir='ltr'>tantum</span> <span class='ocrx_word' id='word_1_284' title='bbox 718 2593 790 2627; x_wconf 77' lang='lat' dir='ltr'>add</span> <span class='ocrx_word' id='word_1_285' title='bbox 814 2603 832 2627; x_wconf 85' lang='lat' dir='ltr'>c</span> <span class='ocrx_word' id='word_1_286' title='bbox 972 2593 989 2625; x_wconf 79' lang='grc' dir='ltr'>ἶ</span> <span class='ocrx_word' id='word_1_287' title='bbox 1015 2592 1110 2626; x_wconf 75' lang='lat' dir='ltr'>urbis</span> <span class='ocrx_word' id='word_1_288' title='bbox 1136 2593 1180 2633; x_wconf 84' lang='lat' dir='ltr'>P,</span> <span class='ocrx_word' id='word_1_289' title='bbox 1213 2592 1283 2626; x_wconf 67' lang='lat' dir='ltr'>Sub</span> <span class='ocrx_word' id='word_1_290' title='bbox 1308 2602 1387 2626; x_wconf 83' lang='lat' dir='ltr'>corr</span> <span class='ocrx_word' id='word_1_291' title='bbox 1410 2599 1437 2626; x_wconf 76' lang='grc' dir='ltr'>ε’</span> <span class='ocrx_word' id='word_1_292' title='bbox 1577 2593 1618 2626; x_wconf 85' lang='grc'>13</span> <span class='ocrx_word' id='word_1_293' title='bbox 1643 2594 1713 2635; x_wconf 76' lang='lat' dir='ltr'>fry-</span> 
     </span>
     <span class='ocr_line' id='line_1_34' title="bbox 242 2647 1715 2693; baseline 0.003 -14"><span class='ocrx_word' id='word_1_294' title='bbox 242 2647 299 2689; x_wconf 61' lang='lat' dir='ltr'>gia</span> <span class='ocrx_word' id='word_1_295' title='bbox 326 2648 360 2681; x_wconf 92' lang='lat' dir='ltr'><strong><em>P</em></strong></span> <span class='ocrx_word' id='word_1_296' title='bbox 512 2649 552 2681; x_wconf 89' lang='grc'>14</span> <span class='ocrx_word' id='word_1_297' title='bbox 577 2648 714 2691; x_wconf 86' lang='lat' dir='ltr'>quidem</span> <span class='ocrx_word' id='word_1_298' title='bbox 742 2649 832 2683; x_wconf 76' lang='lat' dir='ltr'>Sao.-</span> <span class='ocrx_word' id='word_1_299' title='bbox 865 2649 947 2692; x_wconf 88' lang='lat' dir='ltr'>quid</span> <span class='ocrx_word' id='word_1_300' title='bbox 974 2649 1008 2683; x_wconf 88' lang='lat' dir='ltr'><strong><em>P</em></strong></span> <span class='ocrx_word' id='word_1_301' title='bbox 1143 2650 1184 2682; x_wconf 74' lang='lat'>16</span> <span class='ocrx_word' id='word_1_302' title='bbox 1209 2649 1347 2693; x_wconf 81' lang='lat' dir='ltr'>angulis</span> <span class='ocrx_word' id='word_1_303' title='bbox 1374 2650 1443 2683; x_wconf 56' lang='grc' dir='ltr'>δαὶ)</span> <span class='ocrx_word' id='word_1_304' title='bbox 1594 2650 1635 2682; x_wconf 82' lang='grc'>19</span> <span class='ocrx_word' id='word_1_305' title='bbox 1660 2661 1715 2683; x_wconf 80' lang='lat' dir='ltr'>ex-</span> 
     </span>
     <span class='ocr_line' id='line_1_35' title="bbox 242 2705 1715 2752; baseline 0.002 -16"><span class='ocrx_word' id='word_1_306' title='bbox 242 2713 413 2747; x_wconf 80' lang='lat' dir='ltr'>praessam</span> <span class='ocrx_word' id='word_1_307' title='bbox 448 2705 482 2738; x_wconf 87' lang='lat' dir='ltr'><em>P</em></span> <span class='ocrx_word' id='word_1_308' title='bbox 662 2707 880 2748; x_wconf 83' lang='lat' dir='ltr'>praeuentem</span> <span class='ocrx_word' id='word_1_309' title='bbox 915 2706 950 2739; x_wconf 87' lang='lat' dir='ltr'><em>P</em></span> <span class='ocrx_word' id='word_1_310' title='bbox 976 2716 1057 2740; x_wconf 82' lang='lat' dir='ltr'>corr</span> <span class='ocrx_word' id='word_1_311' title='bbox 1082 2716 1098 2740; x_wconf 86' lang='lat' dir='ltr'>c</span> <span class='ocrx_word' id='word_1_312' title='bbox 1278 2708 1321 2739; x_wconf 89' lang='grc'>22</span> <span class='ocrx_word' id='word_1_313' title='bbox 1354 2708 1519 2741; x_wconf 79' lang='lat' dir='ltr'>lacunam</span> <span class='ocrx_word' id='word_1_314' title='bbox 1550 2708 1715 2752; x_wconf 72' lang='lat' dir='ltr'>siynaut&#39;:</span> 
     </span>
     <span class='ocr_line' id='line_1_36' title="bbox 242 2761 1626 2803; baseline 0.004 -11"><span class='ocrx_word' id='word_1_315' title='bbox 242 2761 374 2803; x_wconf 83' lang='lat' dir='ltr'>imperii</span> <span class='ocrx_word' id='word_1_316' title='bbox 397 2761 617 2795; x_wconf 68' lang='lat' dir='ltr'>intercidisse</span> <span class='ocrx_word' id='word_1_317' title='bbox 637 2761 780 2795; x_wconf 73' lang='lat' dir='ltr'>uidetur</span> <span class='ocrx_word' id='word_1_318' title='bbox 910 2762 952 2796; x_wconf 77' lang='lat'>:23</span> <span class='ocrx_word' id='word_1_319' title='bbox 970 2763 1053 2796; x_wconf 85' lang='lat' dir='ltr'>urbs</span> <span class='ocrx_word' id='word_1_320' title='bbox 1069 2762 1197 2796; x_wconf 72' lang='lat' dir='ltr'>addidi</span> <span class='ocrx_word' id='word_1_321' title='bbox 1326 2763 1368 2796; x_wconf 83' lang='grc'>27</span> <span class='ocrx_word' id='word_1_322' title='bbox 1387 2763 1480 2797; x_wconf 82' lang='lat' dir='ltr'>alliis</span> <span class='ocrx_word' id='word_1_323' title='bbox 1499 2764 1533 2797; x_wconf 95' lang='lat' dir='ltr'><strong><em>P</em></strong></span> <span class='ocrx_word' id='word_1_324' title='bbox 1548 2774 1626 2797; x_wconf 86' lang='lat' dir='ltr'>corr</span> 
     </span>
    </p>
   </div>
   <div class='ocr_carea' id='block_1_4' title="bbox 240 2817 1623 2916">
    <p class='ocr_par' dir='ltr' id='par_1_4' title="bbox 240 2817 1623 2916">
     <span class='ocr_line' id='line_1_37' title="bbox 241 2817 1623 2862; baseline 0.004 -15"><span class='ocrx_word' id='word_1_325' title='bbox 241 2817 281 2862; x_wconf 62' lang='lat'>³3}</span> <span class='ocrx_word' id='word_1_326' title='bbox 317 2817 483 2851; x_wconf 75' lang='lat' dir='ltr'>lacunam</span> <span class='ocrx_word' id='word_1_327' title='bbox 519 2819 680 2861; x_wconf 64' lang='lat' dir='ltr'>siquam:</span> <span class='ocrx_word' id='word_1_328' title='bbox 717 2819 814 2861; x_wconf 74' lang='lat' dir='ltr'>pai-ui</span> <span class='ocrx_word' id='word_1_329' title='bbox 849 2818 1068 2853; x_wconf 55' lang='lat' dir='ltr'>intercidisse</span> <span class='ocrx_word' id='word_1_330' title='bbox 1098 2820 1304 2862; x_wconf 57' lang='lat' dir='ltr'>suspicatur</span> <span class='ocrx_word' id='word_1_331' title='bbox 1336 2819 1623 2854; x_wconf 70' lang='lat' dir='ltr'>Hildebmmlius</span> 
     </span>
     <span class='ocr_line' id='line_1_38' title="bbox 240 2874 566 2916; baseline 0.006 -10"><span class='ocrx_word' id='word_1_332' title='bbox 240 2875 388 2916; x_wconf 69' lang='lat' dir='ltr'>corporis</span> <span class='ocrx_word' id='word_1_333' title='bbox 414 2874 469 2908; x_wconf 77' lang='lat' dir='ltr'>(lel</span> <span class='ocrx_word' id='word_1_334' title='bbox 501 2874 566 2908; x_wconf 80' lang='lat' dir='ltr'>Urs</span> 
     </span>
    </p>
   </div>
  </div>
 </body>
</html>
