2032 3248
365 248 449 288 208
995 242 1242 286 Appendix.

368 351 560 396 cumbunt,
593 361 689 397 quos
709 350 858 386 tantum
879 347 1082 396 uirginitas
1113 349 1296 396 probrosa
1317 348 1552 395 condemnat,
1587 350 1770 396 quantum
1790 348 1876 386 illos

365 418 616 467 coniugalitas
638 419 808 456 castrata
829 417 1039 465 glorificat,
1077 417 1215 464 quibus
1238 415 1404 454 sufficiat
1425 417 1475 454 ad
1496 417 1724 465 supplicium
1761 417 1875 455 dede-

366 499 550 533 corosum,
587 487 686 535 quod
724 486 912 534 spadones
947 498 970 524 a
1006 485 1231 533 coniugibus
1251 484 1482 524 iudicantur.
1501 485 1549 523 ad
1571 497 1729 533 quorum
1751 485 1875 524 incre-

365 556 557 604 pationem
577 568 652 595 non
673 555 825 594 tacendi
847 557 936 593 sunt
957 555 1072 593 etiam
1093 554 1162 592 filii
1183 554 1328 600 Israel,
1351 554 1417 602 qui
1438 555 1539 602 apud
1560 554 1721 592 Esdram
1741 564 1876 592 uxores

365 627 404 664 et
424 625 522 663 filios
544 626 676 663 contra
697 624 826 662 diuina
848 624 931 662 iura
953 625 1149 672 susceptos
1165 635 1240 662 non
1256 622 1426 661 cunctati
1447 623 1635 671 depellere
1655 635 1726 662 nec
1746 624 1878 662 contra
1891 638 1905 663 5

365 693 518 732 Domini
539 693 739 732 caritatem
761 692 886 731 conati
909 698 998 731 sunt
1028 704 1219 731 excusare.
1257 703 1390 730 uerum
1426 691 1561 738 fatear,
1593 693 1626 730 si
1661 693 1873 741 permittor.

367 763 433 811 qui
453 774 553 801 nunc
573 774 640 809 pro
662 761 900 800 dimittendis
922 761 1074 800 feminis
1094 760 1231 799 alienis
1253 760 1525 809 adiunguntur,
1549 761 1638 809 quid
1656 761 1824 799 facerent
1844 760 1877 798 si

366 832 507 870 liberos
529 833 567 869 et
587 842 722 869 uxores
739 831 907 878 proicere
924 830 1145 869 iuberentur
1157 833 1175 868 ⁴?
1197 832 1264 868 aut
1281 831 1429 878 quando
1446 829 1628 868 ualebunt
1645 842 1711 878 pro
1727 829 1877 867 Christo

366 900 583 939 renuntiare
605 900 791 948 cognatis,
815 900 880 948 qui
900 899 1144 938 mulierculas
1160 911 1235 937 non
1251 911 1340 937 suas
1356 901 1592 947 praeponunt
1609 898 1752 937 Christi
1772 909 1878 946 prae-

367 969 515 1017 ceptis?
548 970 631 1008 dico
652 980 716 1007 eos
737 969 850 1007 facile
870 980 938 1017 pro
960 968 1081 1006 isdem
1112 969 1346 1006 mulierculis
1366 970 1544 1017 parentes
1565 967 1737 1016 proprios
1759 967 1875 1005 abne·
1892 981 1924 1005 10

366 1050 471 1088 gare,
493 1050 606 1087 quam
626 1040 781 1086 propter
803 1037 996 1075 Christum
1018 1037 1232 1085 relinquere
1253 1038 1358 1086 ipsas
1378 1037 1624 1076 mulierculas
1645 1049 1780 1084 posse,
1812 1036 1878 1074 de-

367 1107 572 1155 spicientes
594 1108 692 1155 quod
729 1107 767 1145 in
790 1106 988 1155 euangelio
1025 1106 1107 1155 ipse
1145 1106 1328 1145 Dominus
1363 1108 1527 1155 testatus
1564 1108 1623 1144 est
1645 1107 1795 1144 dicens:
1839 1106 1878 1142 si

368 1177 475 1225 quis
505 1176 642 1214 uenit
673 1177 729 1214 ad
760 1188 825 1214 me
857 1177 903 1214 et
933 1187 1024 1214 non
1055 1175 1158 1213 odit
1188 1177 1376 1224 patrem
1406 1188 1538 1214 suum
1570 1177 1653 1214 aut
1682 1176 1880 1212 matrem

367 1251 448 1284 aut
477 1256 667 1284 uxorem
698 1248 744 1284 et
779 1246 926 1284 filios
967 1248 1013 1284 et
1045 1245 1233 1284 fratres
1274 1247 1320 1284 et
1360 1255 1555 1283 sorores
1591 1246 1636 1282 et
1676 1244 1879 1282 animam

367 1327 513 1361 suam,
545 1327 635 1353 non
672 1316 838 1363 potest
868 1325 1000 1355 meus
1033 1314 1459 1363 essediscipulus.
1894 1329 1926 1354 15

300 1390 354 1428 33
426 1384 465 1421 Si
487 1385 532 1422 de
561 1384 771 1423 abiciendis
802 1385 1027 1432 parentibus
1049 1384 1268 1422 dubitantes
1299 1384 1448 1432 indigni
1478 1384 1568 1421 sunt
1588 1382 1752 1428 Christo,
1790 1381 1880 1429 quid

369 1453 443 1490 sibi
473 1453 702 1501 promittunt
738 1465 830 1501 quos
867 1455 1146 1502 contemptores
1183 1453 1338 1491 exhibet
1375 1453 1525 1491 Christo
1561 1463 1636 1490 non
1670 1449 1878 1500 parentalis

368 1522 543 1561 affectio?
581 1534 625 1561 ac
646 1534 712 1570 per
733 1523 804 1561 hoc
824 1522 977 1561 illorum
999 1522 1144 1561 meritis
1166 1524 1411 1569 euacuantur,
1443 1533 1537 1569 quos
1559 1522 1691 1559 uident
1712 1522 1879 1558 contem-

368 1589 539 1639 platione
561 1591 704 1629 Christi
725 1590 851 1629 nullas
871 1602 1055 1639 personas
1077 1591 1248 1639 excipere
1269 1592 1527 1639 cognatorum.
1564 1601 1632 1628 nec
1667 1589 1793 1627 minus
1814 1592 1890 1628 eos'

369 1660 436 1698 sed
455 1659 564 1708 peius
585 1659 699 1698 etiam
720 1661 779 1698 illi
799 1661 1047 1707 confundunt,
1070 1660 1136 1708 qui
1155 1661 1366 1698 metuentes
1387 1672 1462 1698 non
1483 1661 1632 1697 tantum
1654 1671 1738 1697 cum
1754 1658 1880 1697 aliena
1892 1669 1928 1695 20

369 1729 434 1767 sed
456 1728 571 1766 etiam
594 1741 678 1767 cum
701 1741 769 1767 sua
805 1740 918 1768 carne
950 1729 1103 1776 luctari,
1141 1729 1348 1777 amputatis
1370 1728 1604 1777 genitalibus
1625 1731 1745 1766 semet
1773 1728 1876 1776 ipsos

367 1797 581 1836 abscidunt.
605 1799 651 1836 de
673 1799 810 1847 quibus
831 1799 940 1837 modo
972 1799 1262 1838 examinationis
1293 1800 1480 1847 suspendo
1513 1799 1741 1837 sententiam
1761 1797 1879 1835 relin-

367 1878 485 1915 quens
506 1868 583 1906 alia
604 1868 860 1916 disputatione
880 1870 1138 1917 promendam.
1163 1870 1227 1907 sed
1244 1870 1283 1907 in
1302 1869 1559 1907 confusionem
1581 1870 1788 1917 spadonum
1804 1880 1878 1906 non

369 1937 499 1975 dubito
520 1937 695 1976 meliores
716 1938 904 1984 adserere,
942 1939 1005 1986 qui
1029 1949 1096 1976 nec
1132 1938 1205 1976 sibi
1237 1938 1390 1986 quidem
1426 1941 1608 1986 parcunt,
1645 1950 1720 1976 non
1756 1937 1878 1976 dicam

369 2005 520 2044 feminis
537 2007 677 2045 audent
692 2008 967 2054 temptamenta
986 2007 1193 2062 porrigere.
1216 2008 1469 2055 respondeant
1494 2007 1687 2056 spiritales
1715 2005 1879 2045 eunuchi
1893 2015 1928 2040 25

370 2075 455 2122 quis
476 2075 582 2113 furor
603 2077 662 2114 est
682 2076 721 2114 in
744 2076 944 2114 dilectione
969 2076 1172 2115 mulierum
1202 2077 1264 2115 uel
1296 2078 1396 2125 quod
1430 2077 1470 2115 in
1491 2076 1654 2115 feminae
1676 2076 1879 2114 contuber-

369 2143 529 2182 nalitate
551 2145 787 2193 mysterium,
811 2147 853 2183 ut
873 2145 913 2183 in
933 2144 1137 2193 perniciem
1158 2157 1265 2184 suam
1286 2146 1421 2184 alienis
1443 2146 1622 2185 membris
1643 2145 1879 2192 indulgeant,

463 2302 508 2336 12
531 2301 614 2337 Luc.
646 2303 700 2343 14,
725 2302 780 2337 26.

462 2463 484 2496 3
509 2463 602 2507 quod
631 2463 662 2499 C
681 2474 709 2498 s.
734 2464 756 2498 l.
781 2474 827 2497 m.
852 2465 878 2498 2
1075 2464 1321 2509 coniugi-»ibus
1347 2464 1377 2499 C
1568 2465 1591 2499 4
1615 2465 1778 2499 hesdram
1804 2466 1834 2501 C

369 2520 392 2554 5
417 2521 575 2554 cunctati
601 2522 685 2555 sunt
710 2521 741 2556 Ο
911 2521 933 2557 7
960 2521 1205 2566 adiunguntur
1235 2522 1271 2563 0,
1298 2522 1492 2557 adhaerent
1516 2534 1537 2557 v
1709 2523 1776 2556 sia.»
1808 2523 1837 2558 C

369 2576 392 2610 8
417 2576 608 2612 iubeantur
632 2590 654 2613 v
818 2579 862 2613 10
887 2589 946 2613 eos
973 2590 1018 2613 ex
1042 2590 1081 2613 eo
1111 2579 1142 2615 G
1293 2580 1434 2614 facilius
1458 2592 1480 2615 v
1642 2580 1780 2615 hisdem
1807 2580 1836 2615 Ο

371 2633 414 2668 11
438 2633 535 2678 ipsas
559 2635 648 2673 mul.
674 2637 738 2671 rel.
764 2647 785 2671 υ
928 2637 972 2671 12
995 2638 1152 2671 testatus
1177 2639 1232 2671 est
1256 2637 1374 2672 dicens
1406 2637 1444 2679 G,
1469 2638 1560 2671 dixit
1585 2650 1606 2673 v
1746 2638 1790 2672 13
1815 2639 1880 2672 aut

370 2690 445 2724 filio
470 2693 534 2725 aut
557 2691 581 2725 f.
606 2703 628 2727 v
753 2694 797 2727 21
824 2696 934 2728 semet
960 2694 1056 2738 ipsos
1082 2705 1148 2728 om.
1173 2706 1195 2729 v
1318 2695 1365 2729 22
1388 2695 1581 2729 abscedunt
1605 2707 1626 2731 v
1749 2695 1794 2729 23
1818 2695 1879 2729 sed

370 2748 408 2781 in
432 2748 639 2783 confusione
669 2750 706 2791 C,
734 2751 927 2785 secundum
953 2751 1194 2786 confusionem
1220 2763 1239 2786 v
1400 2752 1445 2786 24
1469 2755 1620 2796 parcunt
1645 2752 1787 2796 quidem
1812 2762 1833 2786 v

370 2805 417 2842 25
442 2805 585 2850 porrige
615 2806 658 2842 0¹
798 2808 844 2843 26
869 2809 924 2843 est
949 2819 1015 2843 om.
1040 2819 1062 2843 v
1201 2809 1293 2853 quod
1319 2809 1374 2851 0¹,
1401 2809 1494 2853 quod
1519 2809 1568 2843 sit
1592 2809 1660 2844 Οὐ
1781 2811 1875 2843 cont.

370 2861 525 2896 feminae
548 2873 570 2897 v
709 2864 754 2899 27
780 2865 1004 2910 mysterium]
1029 2866 1269 2900 ministerium
1299 2866 1328 2901 0
1466 2866 1657 2911 indulgent
1681 2867 1725 2901 0¹

2028 2149 2030 2152 ,
2026 1974 2031 2123 ,(-ἡ-,ῆ-
2025 1799 2032 1951 ...----.a..-
2028 1751 2030 1754 v
