2032 3248
811 202 1027 236 Carmina.
1579 202 1660 243 311

414 310 690 356 Pinnatumque
713 319 830 355 genus
851 308 1010 354 pecudes
1033 318 1150 354 genus
1173 318 1278 344 omne
1302 307 1464 344 ferarum

418 378 468 415 Et
490 390 606 425 genus
630 388 853 424 aequoreum
876 375 1053 413 animalia
1075 378 1208 414 cuncta
1229 378 1438 413 natantum.

336 447 388 484 70
419 447 489 484 Sed
511 447 686 493 quoniam
707 445 825 492 primo
847 446 1107 491 transgressus
1129 444 1281 482 crimine
1303 445 1423 491 legem

414 515 493 552 Iam
520 515 592 551 iam
614 515 755 561 primus
777 514 885 551 homo
907 514 1054 550 Domini
1077 514 1253 550 mandata
1275 512 1457 558 mutabat,

416 583 579 630 Coniuge
604 584 737 619 cuncta
758 582 856 619 mala
879 583 1056 619 suadente
1079 583 1197 618 morte
1220 580 1380 627 peribat.

410 652 508 689 Nam
529 651 671 699 peccati
693 651 828 687 malum
854 650 1027 687 conmisit
1049 650 1186 687 femina
1208 650 1368 696 primum

411 721 584 757 Prodidit
604 721 723 766 adque
748 731 854 756 suum
877 719 1023 765 decepit
1045 719 1127 766 Iege
1150 719 1337 755 maritum.

333 790 384 826 75
417 789 498 826 Eua
519 800 695 835 persuasa
717 788 813 825 ma1e
836 788 1017 835 patefecit
1037 787 1169 824 limina
1191 788 1266 824 leto

411 857 461 894 Et
483 857 554 894 sibi
576 868 659 893 cum
681 867 815 903 genere
839 856 981 893 creauit
1004 856 1136 893 funera
1158 858 1250 893 toto.

411 926 509 963 Hinc
531 925 653 973 (nefas
676 921 900 976 infaustum)
920 937 1017 962 mors
1038 925 1227 962 emanauit
1249 925 1286 961 in
1306 934 1453 961 aeuum.

411 995 503 1032 Inde
524 994 644 1041 magis
667 994 812 1031 facinus
835 994 945 1031 facile
967 993 1200 1040 percrebruit
1221 992 1352 1039 altum,

411 1062 684 1110 Agricolaeque
708 1063 814 1100 labor
836 1062 997 1109 agitauit
1019 1061 1167 1098 saeuius
1189 1074 1339 1099 annum.

327 1133 382 1169 80
416 1132 584 1169 Canidus
606 1132 676 1169 hoc
697 1132 774 1169 zelo
797 1143 949 1178 serpens
971 1131 1099 1167 iniecit
1121 1131 1261 1177 iniquo.

411 1200 501 1237 Inde
523 1200 644 1247 magis
666 1200 794 1247 populi
816 1200 935 1237 multa
957 1200 1144 1237 conmissa
1165 1200 1348 1238 malorum

410 1269 458 1305 Et
480 1268 642 1305 nefanda
664 1269 773 1305 malis
795 1271 1020 1315 pepererunt
1043 1269 1184 1306 semina
1205 1269 1327 1306 factis.

466 1337 684 1384 Idcircoque
706 1337 806 1373 Deus
830 1338 944 1381 solus,
967 1337 1026 1374 cui
1049 1348 1192 1374 summa
1212 1338 1394 1384 potestas,

410 1406 460 1442 Et
485 1417 596 1453 super
618 1406 696 1442 alta
717 1407 850 1442 tenens
872 1418 1016 1443 summa
1037 1406 1192 1452 fastigia
1213 1405 1319 1450 caeli,

328 1474 381 1512 85
413 1474 525 1511 Altus
548 1474 776 1511 inaccessam
800 1474 977 1511 habitans
999 1475 1037 1511 in
1059 1475 1206 1512 saecula
1227 1474 1348 1511 lucem

413 1543 688 1590 Praeteritique
712 1554 851 1580 memor
872 1548 908 1580 et
930 1543 1121 1590 praescius
1143 1545 1229 1580 ante
1251 1543 1382 1588 futuri,

406 1612 627 1659 Progeniem
649 1612 773 1649 meriti
795 1613 982 1650 decretum
1005 1615 1131 1649 seruat
1153 1612 1191 1648 in
1213 1623 1366 1649 aeuum:

408 1681 456 1717 Et
479 1683 632 1718 cunctas
653 1681 798 1718 animas
821 1692 915 1727 quae
937 1692 1091 1727 corpora
1112 1682 1218 1718 tarde
1241 1682 1452 1728 gubernant

408 1749 458 1786 Et
479 1750 622 1786 ratione
645 1750 795 1786 mouent
816 1749 1003 1787 hominem
1026 1751 1189 1797 uagante
1210 1761 1276 1796 per
1298 1751 1415 1795 artus,

324 1818 377 1854 9O
408 1818 459 1855 Vt
481 1818 640 1864 primum
662 1818 784 1864 posito
807 1818 1055 1855 membrorum
1076 1819 1238 1865 pondere
1261 1818 1397 1855 cedunt

408 1886 656 1933 Terrenisque
678 1887 781 1924 leues
802 1887 989 1924 resolutae
1010 1887 1168 1924 nexibus
1190 1887 1299 1924 ibunt

407 1955 462 1992 Ac
484 1955 654 2001 proprias
676 1957 846 2002 repetent
869 1955 1028 1992 diuersis
1051 1956 1223 2002 partibus
1245 1968 1340 2001 oras,

406 2023 532 2061 Illicet
553 2024 708 2061 occultis
731 2024 826 2061 alias
849 2024 989 2061 includi
1011 2024 1190 2070 tenebris,

247 2178 291 2212 68
315 2181 576 2222 pennatumque
601 2191 621 2214 v
776 2180 924 2223 pecudes
951 2191 1060 2223 genus
1091 2181 1140 2215 W
1163 2192 1188 2214 s.
1215 2181 1236 2215 l.
1397 2181 1441 2216 69
1466 2183 1651 2216 natantum

155 2233 235 2275 ΒΤ,
262 2235 457 2269 natandum
480 2237 536 2277 W,
563 2237 725 2270 natantia
752 2249 770 2271 v
879 2238 923 2271 70
947 2238 1059 2281 primo
1086 2250 1131 2271 ea:
1156 2249 1275 2282 promo
1308 2239 1358 2272 W
1470 2240 1511 2273 71
1537 2242 1651 2272 muta-

155 2290 218 2325 bat
235 2292 273 2327 D
296 2292 360 2326 bat
385 2293 425 2326 in
449 2303 521 2326 νας.
661 2295 702 2327 72
728 2294 867 2337 peribat
892 2306 970 2338 -Ql‘l‘-
999 2295 1166 2338 pergebat
1198 2296 1245 2330 W
1269 2307 1312 2329 m.
1341 2299 1362 2329 ⁴2
1507 2297 1550 2330 74
1574 2308 1651 2341 pro-

155 2347 209 2382 dit
237 2350 270 2383 T
372 2350 451 2392 adq.
478 2349 519 2383 de
550 2351 581 2384 T
602 2350 673 2384 secl.
700 2351 741 2384 de
765 2362 790 2384 S.
818 2352 839 2385 l.
953 2352 1112 2395 decaepit
1138 2354 1194 2397 leg
1225 2354 1281 2394 W,
1309 2354 1452 2397 dcet-pta
1477 2354 1555 2397 lege
1578 2365 1651 2388 ma-

154 2404 215 2439 lim
333 2407 376 2440 75
401 2418 490 2441 euua
523 2409 570 2441 W
684 2409 816 2442 lumine
840 2410 916 2443 ΠΤ
1040 2411 1082 2444 Tb*
1108 2411 1228 2444 sunere
1252 2412 1301 2445 Hs
1324 2412 1481 2445 alterum
1505 2424 1521 2445 e
1538 2422 1563 2446 s.
1582 2412 1604 2446 l.

155 2461 196 2495 77
223 2463 418 2497 infaustum
444 2466 584 2507 scripsi,
611 2466 789 2498 incautum
818 2466 962 2502 DTWv
1109 2469 1314 2501 emannauit
1339 2469 1387 2508 1),
1413 2470 1548 2503 amauit
1576 2470 1607 2503 Τ

154 2518 198 2552 78
222 2521 443 2563 praecrebuit
467 2522 540 2555 ff!
676 2523 717 2556 79
744 2535 807 2556 om.
832 2525 908 2556 TW
1031 2526 1259 2568 agrwraeque
1276 2526 1314 2559 1)
1433 2526 1478 2560 80
1503 2527 1649 2560 callidos

158 2576 215 2616 T1,
236 2577 370 2611 calidus
394 2580 441 2613 IV
667 2582 709 2613 81
738 2582 850 2614 multa
868 2582 989 2626 populi
1010 2583 1041 2616 T
1263 2584 1307 2617 δι’)
1331 2584 1426 2616 altus
1451 2595 1530 2627 sup.
1557 2584 1648 2618 alius

158 2632 207 2666 W
231 2645 273 2667 m.
300 2638 323 2668 2
521 2637 566 2670 88
591 2647 732 2680 corporo
757 2638 794 2671 J)
992 2640 1093 2673 tarda
1120 2652 1138 2673 ἰτ
1330 2641 1374 2674 89
1400 2641 1540 2675 homine
1564 2642 1646 2682 DT,

154 2689 197 2722 ab
222 2691 364 2725 homine
394 2693 443 2727 W
625 2697 773 2728 uacante
796 2696 875 2728 TW
1047 2699 1089 2729 90
1117 2698 1267 2741 primum
1287 2698 1380 2738 TW,
1406 2699 1518 2742 primo
1543 2698 1602 2732 Du

154 2746 195 2779 91
222 2747 327 2792 leues]
356 2750 429 2782 lues
460 2751 507 2784 W
614 2752 658 2785 §³⁵2
683 2754 843 2795 repetent
874 2754 912 2795 T,
938 2754 1118 2797 repetendi
1150 2755 1206 2795 W,
1233 2757 1371 2799 reptent
1396 2756 1456 2790 Du
1573 2766 1647 2789 uer-

154 2801 203 2834 sis
235 2805 275 2835 W
410 2816 486 2839 oras
518 2807 557 2848 T,
583 2807 687 2842 horas
712 2809 768 2849 W,
793 2809 863 2843 oris
887 2810 936 2850 1),
960 2810 1053 2843 orbis
1082 2823 1099 2846 υ
1238 2813 1281 2845 93
1305 2812 1458 2846 tenebris
1486 2813 1525 2852 T,
1550 2814 1645 2846 tene-

154 2858 235 2893 bras
260 2861 372 2897 DWv
