2032 3248
788 210 917 245 Liber
947 211 1033 246 IIII.
1570 216 1649 259 153

168 324 325 366 rabitur
355 327 395 365 et
425 325 639 375 nescietur,
672 325 766 378 quia
796 326 849 366 sit
881 326 1155 368 consimilium
1187 328 1398 370 nominum
1420 329 1650 371 confusione

169 394 365 435 caecatus.
398 394 518 445 atque
539 394 599 434 ita
619 406 689 446 per
711 405 782 434 uos
804 394 926 447 ipsos,
959 395 1146 447 quamuis
1169 396 1255 437 fieri
1279 397 1428 448 nolitis,
1461 398 1648 448 efficitur,

167 463 212 503 ut
243 461 414 503 haesitet
444 462 586 514 religio
619 461 858 503 conturbata
896 475 1023 515 neque
1061 464 1209 505 habeat
1239 465 1360 506 finem
1391 469 1567 517 certum,
1607 467 1650 508 in

168 543 287 583 quem
323 531 496 584 dirigere
534 543 575 571 se
617 531 744 583 possit
781 531 924 572 multis
964 533 1075 573 elusa
1114 534 1397 587 ambiguitatis
1435 535 1649 577 erroribus.

139 613 153 638 ⁵
168 599 309 653 fingite
338 611 409 640 nos
440 599 547 640 enim
579 600 646 640 uel
667 601 908 641 auctoritate
930 603 1153 642 commotos
1175 602 1240 642 uel
1263 603 1463 644 uiolentia
1484 605 1648 645 terroris
1670 604 1717 643 1⁶

167 668 293 709 uestri
322 666 529 708 induxisse
550 668 591 708 in
614 668 797 709 animum
818 669 1047 710 Mineruam
1078 670 1190 711 uerbi
1227 683 1346 712 causa
1377 672 1500 713 sacris
1536 672 1651 713 uobis

167 736 434 777 sollemnibus
465 740 504 777 et
526 735 608 777 ritu
637 736 741 778 uelle
763 737 925 779 adorare
947 738 1132 791 uolgato:
1165 739 1210 790 si,
1234 751 1326 780 cum
1348 740 1505 782 diuinas
1528 753 1652 794 appa-

167 816 303 845 ramus
343 817 405 845 res
444 804 610 857 adgredi
650 807 771 857 atque
808 805 888 846 aris
919 805 1226 848 flammantibus
1258 820 1330 848 sua
1361 808 1525 849 reddere
1556 821 1651 849 con-

167 873 335 922 stituta,
376 872 584 914 Mineruae
621 885 756 914 omnes
797 873 988 915 aduolent
1029 888 1075 916 ac
1113 877 1160 916 de
1200 876 1322 918 istius
1353 877 1528 917 nominis
1560 889 1651 931 pos-

123 941 341 983 msessione
379 942 578 982 certantes
618 943 786 994 poscant
826 942 905 983 sibi
943 943 1128 997 singulae
1167 946 1405 996 apparatum
1436 945 1555 986 illum
1588 958 1651 986 sa-

167 1021 324 1051 crorum
361 1008 492 1051 reddi:
534 1009 631 1062 quid
662 1010 704 1051 in
735 1010 867 1052 medio
908 1011 1103 1052 faciemus
1142 1024 1212 1053 nos
1244 1013 1397 1054 animal
1436 1014 1554 1054 tenue
1586 1013 1652 1054 uel

167 1078 207 1118 in
237 1079 373 1130 partes
404 1090 503 1130 quas
533 1078 667 1130 potius
708 1079 766 1132 pii
797 1080 977 1120 muneris
1019 1080 1150 1121 officia
1192 1081 1514 1123 transferemus?
1543 1081 1652 1122 dicet

167 1146 274 1187 enim
305 1145 476 1188 forsitan
507 1146 640 1199 prima
671 1147 743 1188 illa
775 1161 898 1200 quam
929 1148 1129 1190 diximus:
1163 1163 1299 1190 meum
1321 1162 1465 1190 nomen
1487 1151 1549 1190 est
1570 1149 1652 1190 Mi-

167 1227 323 1265 neruae,
356 1228 493 1256 meum
528 1228 690 1268 numen,
724 1229 824 1269 quae
847 1217 1080 1269 Apollinem
1112 1218 1247 1270 genui,
1281 1230 1380 1271 quae
1407 1219 1579 1259 Dianam
1612 1218 1653 1259 et

122 1301 153 1326 15
168 1295 213 1324 ex
243 1284 326 1324 mei
357 1284 462 1325 uteri
493 1283 580 1325 fetu
612 1285 769 1325 caelum
802 1286 1039 1327 numinibus
1071 1286 1163 1327 auxi
1187 1287 1227 1327 et
1248 1288 1412 1327 deorum
1434 1299 1652 1328 numerum

167 1352 456 1404 multiplicaui.
503 1352 648 1399 immo,
680 1353 840 1405 inquiet
871 1354 1013 1405 quinta
1044 1354 1251 1403 Minerua,
1285 1356 1310 1406 †
1342 1355 1518 1404 tutunis,
1551 1367 1652 1407 quae

166 1421 315 1462 marita
347 1422 386 1462 et
415 1433 614 1474 puerpera
644 1422 791 1463 totiens
823 1422 1024 1463 castitatis
1056 1435 1178 1475 purae
1210 1422 1415 1463 inminuta
1436 1435 1477 1463 es
1499 1423 1651 1463 sancti-

164 1490 261 1530 tate.
311 1500 441 1530 nonne
471 1489 584 1531 uides
615 1490 656 1530 in
687 1489 899 1543 Capitoliis
931 1490 1120 1531 omnibus
1152 1490 1365 1544 uirginalis
1392 1503 1478 1531 esse
1500 1491 1650 1544 species

168 1557 446 1598 Mineruarum
478 1558 517 1599 et
547 1558 811 1610 innuptarum
843 1558 905 1598 his
937 1558 1087 1599 formas
1119 1560 1169 1600 ab
1191 1558 1416 1599 artificibus
1451 1558 1457 1612 Ι
1493 1559 1649 1599 cunctis
1665 1562 1762 1595 fise»

123 1639 155 1664 20
169 1626 289 1667 dari?
319 1626 468 1668 desiste
498 1626 626 1679 igitur
657 1638 804 1667 nomen
836 1626 935 1666 iuris
967 1626 1044 1667 tibi
1075 1627 1294 1668 adsciscere
1324 1639 1402 1667 non
1435 1628 1509 1668 tui.
1557 1640 1653 1668 nam

167 1694 396 1736 Mineruam
425 1707 491 1736 me
522 1707 606 1735 esse
637 1694 820 1748 genitore
842 1707 888 1735 ex
909 1694 1097 1736 Pallante
1118 1696 1386 1747 procreatam,
1419 1695 1536 1736 testis
1568 1707 1653 1735 om-

167 1763 229 1803 nis
261 1764 322 1803 est
353 1764 562 1815 poetarum
595 1763 757 1816 chorus,
799 1763 867 1815 qui
899 1763 1109 1804 Palladem
1140 1777 1204 1804 me
1234 1766 1440 1815 nuncupat
1472 1763 1653 1804 deriuato

168 1843 191 1871 a
221 1832 336 1883 patre
367 1832 613 1884 cognomine.
659 1830 756 1883 quid
787 1831 909 1881 dicis,
942 1831 1098 1883 inquiet
1136 1832 1310 1872 secunda
1340 1832 1437 1872 haec
1468 1831 1650 1877 audiens,

213 2001 231 2033 1
257 2000 337 2044 quia
363 2000 452 2034 Sab:
483 2001 566 2044 quid
595 2011 639 2034 ea:
671 2011 738 2044 qua
763 2004 802 2034 ut
827 2000 976 2035 uidetur
1001 2001 1033 2034 P
1186 1999 1421 2034 consimilium
1449 2001 1538 2034 Sab:
1572 2011 1651 2034 con—

168 2057 288 2091 silium
314 2057 348 2091 P
498 2058 518 2091 3
544 2060 584 2091 ut
610 2058 691 2093 Sab.
717 2069 755 2091 r:
781 2060 818 2091 at
843 2058 878 2092 P
1029 2058 1160 2091 hesitct
1187 2058 1221 2091 P
1244 2058 1327 2091 haec
1353 2058 1401 2090 sit
1427 2060 1461 2090 ct
1488 2056 1559 2090 Sab

168 2118 188 2147 4
205 2115 327 2148 multis
344 2115 491 2157 scripsi:
517 2116 552 2147 ct
569 2115 676 2148 nullis
694 2116 730 2149 P
752 2115 860 2149 nullis
880 2115 951 2149 Sab
977 2117 1047 2148 tam
1068 2115 1190 2147 multis
1215 2115 1384 2149 Oehlerus
1521 2115 1542 2147 5
1560 2124 1651 2147 coni-

168 2184 280 2216 motos
304 2193 333 2225 r,
352 2183 469 2216 Salon:
494 2174 649 2217 cbmotus
668 2184 703 2216 P
726 2184 801 2217 ideo
829 2186 927 2217 notos
946 2184 1016 2218 Sub
1043 2183 1119 2217 ideo
1145 2185 1256 2216 motos
1281 2184 1321 2216 z'n
1339 2194 1396 2216 err
1534 2183 1552 2216 7
1578 2183 1652 2216 uol-

168 2243 266 2284 gato:
306 2241 335 2273 si
359 2240 510 2283 scripsi.-
547 2241 707 2284 uolgator
739 2241 769 2274 si
795 2242 829 2275 P
866 2241 1030 2284 uulgato,
1067 2252 1120 2274 res
1151 2241 1179 2274 si
1207 2240 1277 2274 &ab
1314 2240 1455 2283 uolgato
1488 2240 1516 2273 si
1542 2250 1562 2273 r

165 2296 288 2330 diuina
305 2308 324 2330 r
447 2298 468 2331 8
485 2308 537 2331 res
555 2297 682 2331 addidi
805 2297 946 2341 adgredi
964 2301 1068 2340 atque
1086 2297 1289 2341 Rigjaltc'zos:
1310 2296 1496 2340 adgrediat
1514 2306 1599 2339 quae
1619 2296 1653 2329 1²

167 2346 364 2409 adgrediat.
385 2376 449 2408 que
468 2368 496 2399 c‘
521 2365 835 2409 aggrediamurque
855 2366 924 2399 Sab
949 2366 1244 2409 aggredimurque
1267 2365 1330 2398 (iel
1467 2366 1487 2398 9
1513 2366 1651 2399 ineruae

167 2422 201 2455 P
216 2432 297 2455 corr
435 2422 476 2455 14
494 2432 607 2455 meum
625 2422 823 2467 Riyczltius:
849 2413 887 2455 cu
908 2423 942 2455 P
967 2425 1043 2455 tum
1063 2422 1135 2455 Sab
1273 2432 1384 2455 meum
1403 2424 1457 2455 est
1474 2422 1652 2455 Mineruae

166 2488 290 2511 nomen
316 2489 354 2512 ae
379 2489 506 2511 numen
524 2479 580 2512 uel
605 2489 718 2512 meum
745 2480 822 2512 tum
840 2489 962 2512 nomen
982 2481 1035 2512 est
1053 2479 1228 2511 Mineruae
1247 2481 1321 2511 tum
1342 2489 1468 2511 numen
1494 2478 1561 2512 Urs

166 2535 307 2568 numine
325 2536 424 2569 ιὸἀῖηιΓ
561 2535 773 2579 appollinem
792 2536 827 2569 P
963 2536 1067 2577 genui
1087 2535 1177 2569 Sab:
1203 2536 1327 2578 genuit
1346 2536 1380 2568 P
1518 2536 1560 2569 15
1577 2535 1651 2569 fetu

168 2592 253 2625 sab:
282 2592 366 2626 fletu
385 2593 419 2626 P
558 2593 597 2627 16
623 2592 748 2635 quinta
777 2592 861 2625 Gel:
895 2594 1027 2635 quanta
1054 2593 1088 2625 P
1119 2594 1242 2634 quarta
1270 2592 1338 2625 Sub
1475 2594 1514 2625 tu
1540 2593 1580 2624 tu
1605 2592 1651 2624 sis

169 2648 239 2681 Sal>
270 2651 310 2682 tu
335 2650 383 2683 sis
414 2650 478 2683 Gel
510 2651 548 2682 tu
574 2649 686 2682 tinnis
713 2649 808 2682 Salm
963 2649 1002 2681 17
1029 2648 1216 2681 imminuta
1244 2648 1333 2681 Sab:
1368 2648 1504 2682 inmuta
1530 2649 1564 2681 P

169 2715 202 2738 es
221 2705 305 2747 Sub,
325 2717 363 2739 r:
388 2708 440 2740 est
457 2706 491 2739 P
629 2706 670 2738 15
688 2704 895 2748 uirginaleis
915 2705 985 2738 Sctb
1120 2705 1160 2737 19
1178 2705 1225 2747 et]
1246 2716 1304 2738 nec
1324 2705 1395 2738 Sab
1528 2705 1651 2748 innup-

167 2763 283 2795 tarum
300 2762 499 2807 Riqaltius:
517 2765 703 2806 nuptarum
723 2762 756 2794 P
858 2762 902 2793 20
920 2760 1107 2794 adsciscere
1128 2761 1208 2801 Sab,
1228 2771 1264 2793 r:
1282 2761 1510 2795 adhisciscere
1531 2761 1564 2794 P

167 2817 210 2851 23
235 2819 366 2861 inquiet
391 2820 425 2853 P
561 2819 680 2852 audies
707 2819 740 2851 P
764 2829 844 2851 corr
868 2822 896 2851 ε’
