2032 3248
303 2482 354 2520 11

395 312 450 353 82
1033 309 1276 353 Appendix.

393 415 617 464 mysterium
653 415 740 453 fidei
777 415 1044 453 intemeratum
1084 415 1233 463 possint
1265 414 1445 463 accipere.
1488 415 1554 452 sed
1589 415 1700 462 enim,
1742 415 1906 454 uirorum

393 484 546 532 optime,
583 484 784 522 reddamus
818 485 856 521 et
888 484 1154 532 permittamus
1184 484 1393 521 uirtutibus
1423 483 1653 521 caelestibus
1683 483 1785 522 uires
1806 496 1906 532 suas,

392 555 429 591 et
468 552 680 600 dignationi
717 553 869 591 diuinae
903 553 1114 591 maiestatis
1155 553 1403 591 concedamus
1445 552 1681 600 operationes
1718 553 1904 600 proprias,

391 623 430 660 et
450 621 716 669 intellegentes
739 622 920 669 quantum
941 622 982 659 in
1004 633 1047 659 ea
1070 621 1122 659 sit
1159 621 1454 659 emolumentum
1489 621 1653 659 libenter
1689 622 1723 659 ei
1745 621 1903 669 adquie-

392 702 552 729 scamus.
585 692 623 728 et
654 690 738 728 ideo
768 701 852 728 cum
882 690 985 728 salus
1016 691 1146 728 nostra
1176 690 1216 727 in
1246 690 1476 738 baptismate
1499 690 1669 737 spiritus,
1703 691 1801 738 quod
1822 691 1935 738 ple-5

389 770 547 807 rumque
564 771 649 797 cum
664 758 895 806 baptismate
912 770 1032 807 aquae
1054 759 1296 797 coniunctum
1313 760 1384 806 est,
1408 758 1459 796 sit
1475 759 1694 806 constituta,
1718 759 1904 807 siquidem

389 840 455 877 per
475 840 543 867 nos
564 828 756 875 baptisma
787 828 970 874 tradetur,
1010 827 1158 876 integre
1190 829 1228 866 et
1256 828 1492 866 sollemniter
1514 829 1553 866 et
1573 838 1641 875 per
1663 827 1787 865 omnia
1808 839 1903 875 (11100

387 897 530 945 scripta
551 899 639 936 sunt
660 897 883 945 adsignetur
904 898 1018 945 atque
1042 897 1125 935 sine
1146 896 1226 935 ulla
1243 897 1360 935 ullius
1376 896 1432 935 rei
1450 896 1686 944 separatione
1701 897 1901 934 tradatur:

387 968 453 1004 aut
473 966 506 1004 si
527 977 550 1003 a
570 966 713 1004 minore
745 966 846 1004 clero
881 977 947 1014 per
976 965 1243 1004 necessitatem
1273 965 1459 1003 traditum
1483 965 1612 1011 fuerit,
1636 967 1814 1003 euentum
1835 975 1900 1002 ex-

388 1036 600 1083 spectemus
640 1037 683 1073 ut
724 1036 790 1073 aut
830 1034 1051 1083 suppleatur
1091 1047 1113 1073 a
1147 1034 1257 1073 nobis
1293 1036 1359 1072 aut
1388 1035 1433 1084 [a]
1456 1034 1612 1072 Domino
1650 1034 1899 1082 supplendum
1914 1049 1954 1074 10

385 1105 622 1142 reseruetur:
655 1103 688 1141 si
709 1114 798 1142 uero
820 1104 868 1141 ab
889 1103 1025 1141 alienis
1051 1103 1236 1141 traditum
1257 1103 1385 1151 fuerit,
1407 1104 1451 1141 ut
1472 1104 1598 1150 potest
1613 1103 1684 1141 1100
1705 1103 1899 1151 negotium

385 1174 422 1211 et
443 1174 485 1210 ut
506 1171 676 1210 admittit
706 1172 930 1220 corrigatur,
967 1172 1056 1220 quia
1088 1173 1248 1220 spiritus
1280 1174 1436 1211 sanctus
1466 1173 1574 1210 extra
1604 1172 1803 1210 ecclesiam
1823 1183 1898 1210 non

385 1241 447 1287 sit,
485 1240 578 1279 fides
614 1251 761 1288 quoque
792 1252 866 1279 non
897 1241 1019 1279 solum
1053 1242 1154 1289 apud
1176 1241 1400 1288 haereticos,
1423 1252 1555 1279 uerum
1576 1241 1691 1285 etiam
1712 1242 1812 1288 apud
1833 1252 1896 1279 eos

384 1310 449 1358 qui
484 1310 523 1347 in
559 1310 764 1348 schismate
801 1310 1001 1348 constituti
1038 1312 1125 1348 sunt
1162 1322 1254 1349 sana
1290 1321 1373 1348 esse
1409 1322 1483 1348 11011
1518 1310 1651 1358 possit,
1684 1310 1896 1357 idcircoque

383 1379 655 1427 paenitentiam
691 1379 894 1427 agentibus
931 1380 1183 1428 correctisque
1212 1392 1280 1428 per
1308 1380 1520 1419 doctrinam
1555 1380 1732 1418 ueritatis
1762 1381 1800 1418 et
1828 1391 1896 1428 per
1910 1396 1942 1420 15

382 1449 493 1487 fidem
530 1449 709 1497 ipsorum,
749 1461 843 1497 quae
881 1450 1012 1497 postea
1047 1450 1248 1487 emendata
1279 1451 1337 1488 est
1372 1449 1570 1497 purificato
1606 1449 1715 1487 corde
1753 1459 1893 1495 eorum,

382 1519 642 1556 tantummodo
672 1518 903 1565 baptismate
934 1518 1099 1565 spiritali
1131 1518 1168 1555 id
1199 1520 1257 1556 est
1288 1529 1422 1556 manus
1455 1518 1695 1566 impositione
1726 1517 1893 1565 episcopi

382 1588 421 1624 et
442 1586 601 1633 spiritus
633 1586 757 1624 sancti
791 1586 1140 1624 subministratione
1171 1587 1366 1625 subueniri
1389 1588 1536 1625 debeat.
1570 1587 1721 1635 signum
1741 1597 1890 1634 quoque

381 1654 468 1693 fidei
498 1654 690 1702 integrum
721 1655 790 1693 hoc
818 1656 925 1693 modo
948 1657 985 1693 et
1006 1656 1077 1693 hac
1112 1656 1257 1693 ratione
1279 1656 1379 1694 tradi
1401 1656 1440 1693 in
1462 1656 1622 1694 ecclesia
1641 1656 1776 1693 merito
1798 1667 1888 1694 con-

382 1724 520 1770 sueuit,
549 1735 594 1762 ne
624 1723 812 1762 inuocatio
841 1723 1004 1763 nominis
1025 1725 1113 1763 Iesu
1134 1736 1229 1772 quae
1251 1725 1393 1763 aboleri
1414 1737 1488 1763 non
1509 1726 1636 1773 potest
1658 1724 1889 1772 contemptui
1903 1738 1939 1763 20

381 1803 403 1830 a
431 1792 540 1830 nobis
572 1792 746 1830 uideatur
774 1793 920 1839 habita,
954 1793 1052 1840 quod
1082 1793 1212 1841 utique
1241 1805 1315 1831 non
1345 1795 1506 1841 oportet,
1544 1805 1770 1842 quamquam
1799 1793 1889 1830 talis

377 1860 586 1908 inuocatio,
629 1862 661 1899 si
697 1861 794 1899 nihil
831 1873 958 1899 eorum
995 1873 1089 1909 quae
1125 1862 1416 1900 memorauimus
1453 1864 1624 1900 secutum
1665 1847 1801 1909 fuerit,
1841 1863 1888 1899 ab

377 1930 594 1977 operatione
627 1930 763 1968 salutis
794 1932 920 1969 cesset
951 1943 994 1969 ac
1022 1933 1146 1970 uacet.
1180 1931 1328 1969 dicente
1351 1931 1450 1969 enim
1471 1932 1644 1983 apostolo
1666 1943 1782 1969 unum
1804 1942 1888 1969 esse

375 1999 576 2046 baptisma,
614 2010 766 2037 necesse
802 2002 861 2038 est
895 2000 1132 2038 inuocatione
1168 2000 1330 2038 nominis
1360 2001 1448 2038 Iesu
1477 2002 1760 2048 perseuerante,
1799 2001 1888 2048 quia

374 2079 449 2106 non
478 2069 602 2116 potest
624 2080 645 2106 a
667 2080 855 2116 quoquam
886 2069 1081 2107 hominum
1110 2081 1205 2117 quae
1235 2069 1353 2107 semel
1383 2069 1560 2108 inuocata
1590 2071 1648 2107 est
1669 2069 1825 2116 auferri,
1851 2069 1884 2107 si
1899 2081 1931 2108 25

374 2148 456 2175 eam
488 2139 618 2175 contra
647 2138 839 2176 decretum
867 2137 1121 2185 apostolorum
1153 2139 1346 2186 geminare
1379 2139 1460 2176 ausi
1482 2138 1666 2176 fuerimus
1687 2138 1884 2176 nimietate

372 2206 593 2253 praestandi
628 2206 741 2244 immo
778 2207 1054 2254 superaddendi
1091 2207 1337 2254 baptismatis
1373 2207 1520 2246 studio:
1559 2207 1591 2245 si
1629 2207 1696 2245 ille
1735 2207 1798 2255 qui
1836 2207 1883 2245 ad

373 2275 570 2313 ecclesiam
605 2276 815 2314 reuertitur
850 2277 945 2314 nolit
982 2277 1104 2315 denuo
1140 2277 1341 2325 baptizari,
1378 2277 1549 2315 futurum
1578 2278 1637 2316 est
1665 2279 1708 2315 ut
1729 2277 1880 2315 defrau-

373 2343 503 2382 demus
538 2345 767 2392 baptismate
805 2345 971 2393 spiritali
1007 2358 1092 2384 eum
1130 2357 1241 2394 quem
1277 2348 1454 2394 putamus
1487 2346 1786 2385 defraudandum
1807 2358 1881 2384 non

372 2423 455 2450 esse
475 2413 704 2461 baptismate
727 2426 858 2463 aquae.
1582 2420 1584 2423 ’
1895 2429 1929 2455 3ο

428 2481 525 2526 Quid
554 2484 679 2521 autem
709 2484 853 2521 statues
882 2483 922 2521 in
951 2495 1153 2531 personam
1182 2484 1263 2522 eius
1291 2485 1449 2523 uerbum
1483 2484 1675 2522 audientis
1697 2485 1761 2532 qui
1782 2484 1879 2522 forte

372 2550 629 2597 adprehensus
657 2551 696 2588 in
725 2551 875 2590 nomine
908 2551 1050 2590 Christi
1072 2553 1204 2591 statim
1226 2554 1421 2592 confessus
1443 2565 1487 2592 ac
1508 2553 1731 2601 priusquam
1750 2553 1878 2601 bapti-

371 2619 449 2656 zari
485 2630 581 2666 aqua
616 2621 898 2667 permitteretur
922 2621 955 2659 ei
985 2621 1102 2659 fuerit
1135 2622 1304 2670 punitus,
1342 2624 1470 2661 utrum
1504 2622 1648 2670 perisse
1685 2634 1769 2660 eum
1790 2634 1877 2670 pro-

370 2687 563 2726 nuntiabis
593 2688 682 2735 quia
709 2701 783 2727 non
811 2692 869 2728 est
898 2702 995 2739 aqua
1023 2690 1252 2738 baptizatus,
1290 2704 1338 2730 an
1366 2703 1454 2730 uero
1476 2691 1622 2739 aliquid
1644 2691 1878 2729 extrinsecus

462 2823 481 2855 1
507 2823 669 2856 uiuorum
695 2823 782 2865 00ch
810 2835 873 2859 em.
900 2825 1085 2860 Baluzius
1190 2826 1212 2860 4
1237 2827 1284 2871 et]
1311 2827 1352 2860 ut
1376 2826 1457 2871 Riy.
1567 2825 1719 2860 libentes
1743 2825 1827 2869 Riy.

370 2878 414 2913 10
438 2889 459 2912 a
483 2879 617 2914 inclusi
711 2881 754 2914 18
779 2881 883 2916 debet
905 2882 993 2924 fort.
1094 2883 1139 2918 22
1155 2885 1335 2928 secutum]
1364 2884 1543 2918 seruatum
1570 2883 1650 2928 Ray.
1745 2882 1789 2916 26
1815 2883 1877 2916 aut

369 2935 400 2971 si
425 2937 501 2973 cod.
597 2937 640 2971 27
666 2938 827 2973 studiosi.
854 2939 891 2973 Si
916 2939 997 2985 Εἰς.
1092 2940 1136 2974 28
1160 2940 1277 2975 noluit
1301 2941 1385 2986 Riq.

2015 2790 2020 2825 -...
2015 2731 2022 2778 ,,....
2016 2703 2022 2722 ⁴
2018 2674 2022 2693 „-
2016 2269 2032 2657 -m-v-w—-nu-ae-...m‹
