2032 3248
402 232 517 262 XXIV

402 324 558 365 factum
571 324 634 365 est
646 322 805 376 possint
821 322 1075 375 pertractari.
1098 323 1244 364 deinde
1261 322 1417 364 codices
1434 322 1503 375 qui
1523 323 1684 378 uulgati
1702 324 1798 364 sunt
1811 334 1912 375 quo-

403 410 496 439 rum
518 397 562 438 in
578 397 697 439 libris
719 397 870 439 ueteris
890 397 1130 439 testamenti
1151 409 1315 439 summa
1337 397 1587 450 conspicitur
1607 397 1778 450 penuria
1799 409 1912 439 com-

404 484 547 525 parare
567 471 761 514 immensi
780 471 934 514 laboris
950 472 1023 513 est.
1047 485 1144 514 nam
1161 472 1232 526 qui
1250 472 1323 513 has
1340 471 1536 525 reliquias
1554 471 1771 514 ediderunt
1787 473 1914 526 pleri-

407 558 484 600 que
515 546 849 600 splendidissima
877 546 1090 589 uolumina
1114 546 1339 588 inhumano
1360 547 1494 600 pretio
1517 547 1701 601 exposita
1722 547 1917 602 denegari

407 621 542 676 magis
576 634 701 675 quam
732 621 1028 665 communicari
1062 621 1194 664 doctis
1228 622 1466 664 hominibus
1500 623 1680 665 uoluisse
1709 622 1916 665 uidentur.

409 708 534 749 quare
581 696 805 738 dolendum
853 697 915 738 est
955 696 1232 748 Sabaterium‚
1282 697 1399 739 cuius
1449 697 1635 739 collectio
1684 698 1753 739 uel
1799 697 1920 740 hodie

409 771 589 813 maximo
618 771 712 813 usui
740 772 815 822 est,
846 784 940 813 cum
969 772 1135 825 patrum
1165 771 1534 814 ecclesiasticorum
1563 772 1805 814 testimonia
1826 785 1921 814 con-

411 846 571 901 gereret
599 845 731 888 rarius
762 859 887 900 quam
915 847 1091 889 debebat
1111 847 1397 890 adnotationes
1418 847 1582 889 criticas
1605 847 1847 897 excussisse3
1880 848 1923 888 in

413 921 664 976 castigandis
694 921 804 963 enim
834 922 1060 975 scripturae
1089 934 1226 964 sacrae
1255 921 1505 964 testimoniis
1536 922 1710 964 editores
1741 921 1924 975 plerum-

413 1009 492 1050 que
520 995 850 1049 interpolatiores
881 996 1039 1039 codices
1067 1009 1192 1050 quam
1223 997 1294 1050 qui
1322 996 1562 1039 horridioris
1591 996 1788 1038 sermonis
1811 996 1926 1037 rubi-

416 1071 555 1125 ginem
586 1071 748 1113 fidelius
770 1073 987 1114 seruarunt
1008 1072 1256 1114 uetustiores
1279 1072 1394 1125 sequi
1416 1072 1664 1114 maluerunt.
1698 1071 1856 1114 accedit
1877 1071 1928 1112 ad

418 1145 491 1187 has
531 1145 800 1188 difficultates
841 1146 1178 1201 Cyprianicorum
1220 1147 1407 1189 codicum
1448 1147 1643 1198 condicio⁷
1695 1147 1737 1188 in
1778 1146 1928 1200 quibus

419 1221 562 1263 eadem
609 1221 834 1263 lectionum
883 1221 1203 1276 deprehenditur
1242 1222 1476 1273 diuersitas,
1527 1234 1629 1275 quae
1671 1221 1932 1277 singulorum

419 1296 602 1337 locorum
630 1296 698 1337 uel
720 1309 743 1338 a
766 1296 1035 1351 scriptoribus
1064 1296 1287 1338 citatorum
1319 1297 1386 1338 uel
1415 1297 1624 1339 codicibus
1655 1296 1934 1339 exhibitorum

423 1370 533 1424 apud
555 1369 814 1413 Sabaterium
845 1371 1034 1422 occurrit,
1068 1371 1220 1425 quique
1241 1372 1340 1414 adeo
1361 1383 1441 1414 non
1463 1371 1724 1425 concordant,
1755 1371 1803 1412 ut
1822 1371 1934 1412 idem

424 1445 468 1485 in
489 1445 622 1487 isdem
650 1445 787 1488 uerbis
809 1446 964 1500 pluries
986 1446 1186 1489 adhibitis
1208 1447 1435 1500 scripturas
1456 1446 1674 1488 ostendant
1695 1445 1933 1488 contrarias.

427 1532 529 1572 quae
551 1532 645 1561 cum
666 1520 727 1562 ita
747 1521 842 1572 sint,
873 1520 1028 1563 frustra
1048 1534 1184 1563 meam
1206 1533 1371 1575 operam
1393 1521 1479 1563 fore
1499 1521 1698 1571 intellexi,
1735 1521 1770 1561 si
1791 1520 1936 1561 lectio—

426 1666 490 1690 cae
515 1666 546 1700 p.
565 1655 594 1689 Ι.
619 1655 700 1690 Hal.
725 1659 810 1690 1785
829 1676 870 1680 ——
889 1656 1041 1701 Kipling
1065 1657 1149 1692 Cod.
1166 1657 1458 1702 Euangeliorum
1476 1661 1510 1691 et
1527 1656 1705 1691 Actorum
1728 1656 1939 1700 Caretabrigy.

432 1715 518 1747 1793
537 1733 580 1737 —-
597 1713 725 1758 Rettig
755 1713 840 1749 Cod.
867 1714 1161 1759 Euauyeliorum
1186 1714 1350 1760 Sanqall.
1377 1715 1457 1749 Tur.
1489 1717 1573 1748 183ss
1593 1734 1636 1739 —
1658 1713 1693 1748 C.
1714 1714 1948 1748 Tischendorf

430 1771 574 1816 Euanq.
595 1771 813 1806 Palatinum
835 1772 1013 1806 ineditum
1030 1772 1108 1806 siue
1133 1772 1311 1816 reliquiae
1329 1776 1449 1806 textus
1467 1783 1596 1817 cuany.
1619 1772 1729 1806 latiui
1745 1776 1831 1806 ante
1849 1772 1943 1806 Hie-

430 1839 623 1874 ronymum
645 1831 745 1864 uersi
762 1841 807 1864 ex
824 1829 900 1864 cod.
919 1830 1094 1864 Palatino
1113 1841 1307 1874 purpureo
1332 1831 1458 1874 quarti
1481 1830 1541 1865 uel
1567 1831 1689 1874 quiriti
1705 1842 1739 1873 p.
1765 1830 1846 1865 Chr.
1865 1841 1945 1864 sae—

433 1888 508 1922 culi
524 1887 621 1932 Lips.
644 1891 729 1922 1847
756 1908 792 1912 —
809 1887 849 1922 F.
864 1888 982 1922 Haase
998 1888 1178 1934 Euanyel.
1196 1892 1371 1932 quattuor
1388 1893 1493 1923 uetus
1510 1889 1571 1922 lat.
1591 1890 1787 1932 interpret.
1807 1899 1853 1922 eac
1870 1887 1946 1922 cod.

435 1945 694 1990 Rehdiyerarzo
711 1945 796 1989 (ind.
815 1945 895 1980 lect.
916 1946 1012 1980 uniu.
1028 1945 1174 1980 Vratisl.
1191 1957 1222 1980 a.
1239 1949 1325 1980 1865
1344 1947 1379 1980 ct
1400 1948 1511 1990 1866).
1524 1966 1569 1973 -—-
1583 1946 1647 1980 Th.
1662 1945 1841 1980 Hearnius
1855 1946 1950 1980 Acta

435 2007 548 2049 apost.
565 2003 837 2048 yra-eco-latina
857 2030 863 2036 .
881 2031 886 2037 .
903 2032 908 2036 .
931 2014 949 2037 e
964 2003 1038 2038 cod.
1059 2003 1260 2038 Laudiano
1280 2004 1553 2038 characteribus
1570 2004 1779 2038 uncialibus
1798 2007 1951 2037 exarato

436 2062 565 2099 Oxonii
585 2065 671 2096 1715
687 2083 729 2087 ——
744 2063 780 2098 C.
800 2062 1037 2097 Tischendorf
1053 2062 1136 2097 Ood.
1161 2063 1467 2098 Claromoritauus
1483 2063 1562 2097 siue
1580 2062 1750 2107 epistolae
1770 2062 1885 2096 Pauli
1898 2073 1950 2107 yr.

437 2124 473 2155 et
490 2121 552 2155 lat.
578 2131 623 2155 cae
641 2120 718 2155 cod.
745 2121 952 2156 Parisiensi
975 2121 1205 2155 celeberrimo
1226 2149 1231 2154 .
1249 2148 1255 2154 .
1270 2147 1278 2153 .
1298 2121 1393 2155 serti
1417 2124 1459 2155 ut
1482 2121 1633 2155 uidetur
1649 2131 1685 2164 p.
1709 2120 1792 2156 Chr.
1817 2120 1955 2154 saeculi

438 2177 536 2223 Lips.
574 2181 661 2212 1852
696 2199 737 2203 -—-
767 2178 825 2213 Fr.
860 2178 1003 2212 Munter
1035 2177 1186 2223 Fraym.
1223 2178 1393 2222 Prophe&
1429 2177 1562 2212 Jerem
1597 2178 1731 2212 Ezech.
1827 2189 1844 2211 e
1878 2177 1953 2211 cod.

444 2233 744 2281 Wirceburyeusi
771 2235 924 2271 Hafniae
954 2240 1041 2270 1819
1063 2256 1100 2260 -ψ
1120 2236 1290 2270 Volkmar
1315 2236 1438 2270 Esdra
1466 2236 1630 2280 prophet.
1663 2247 1708 2270 cx
1737 2236 1843 2270 duob.
1874 2246 1953 2268 imm.

443 2294 563 2329 Italae
593 2293 746 2339 Tubing.
786 2297 873 2328 1863
905 2315 944 2318 --
976 2294 1016 2330 O.
1042 2294 1082 2330 F.
1107 2294 1290 2328 Fritzsche
1317 2294 1464 2339 Fraffln.
1491 2294 1576 2328 libri
1600 2293 1684 2328 Iud.
1711 2292 1829 2326 Turio.
1859 2294 1957 2325 1867.

445 2352 635 2396 Specimen
663 2352 747 2387 edit.
779 2353 858 2386 crit.
888 2353 1078 2396 interpret.
1109 2356 1180 2387 act.
1212 2352 1274 2386 lat.
1295 2352 1343 2387 N.
1366 2352 1406 2386 T.
1435 2352 1550 2386 Turio.
1584 2354 1671 2384 1867
1690 2369 1732 2375 —
1751 2350 1825 2384 Jos.
1853 2348 1959 2384 Cozzs.

446 2409 644 2444 Sacrorum
671 2410 862 2444 bibliorum
889 2411 1136 2444 uetustissima
1160 2411 1366 2455 fraymenta
1392 2409 1535 2444 Graeca
1569 2413 1602 2443 et
1620 2408 1761 2442 Ltaz'ua
1786 2418 1803 2441 e
1823 2407 1959 2450 palim-

443 2469 576 2512 psestis
605 2468 785 2502 codicibus
808 2468 1042 2503 bibliothecae
1065 2468 1419 2512 Crypioferratcnsis
1444 2468 1575 2501 Romae-
1596 2470 1681 2500 1867
1702 2487 1744 2491 —
1763 2466 1958 2500 Librorum

449 2526 612 2562 Leuitici
629 2531 662 2561 et
676 2527 925 2562 Numerorum
941 2527 1060 2561 uer-sio
1078 2527 1232 2570 (zutiqua
1250 2526 1352 2561 Itala
1371 2538 1388 2560 e
1406 2525 1525 2560 codice
1538 2525 1762 2569 perantiquo
1780 2524 1820 2558 in
1837 2523 1961 2557 biblio-

450 2586 555 2619 theca
579 2585 934 2620 Ashburnhamiense
963 2589 1178 2619 conseruato
1206 2596 1304 2619 omnic
1329 2585 1491 2628 primum
1522 2583 1617 2627 typis
1647 2582 1748 2616 edita
1780 2583 1877 2614 1868.
1909 2578 1963 2622 (cf.

452 2642 591 2677 Reusch
624 2644 770 2688 theoloy.
800 2642 1088 2686 Quartalschrift
1115 2646 1203 2677 1870
1226 2653 1259 2687 p.
1287 2646 1329 2676 32
1356 2643 1391 2676 ct
1409 2642 1530 2676 Reme
1557 2640 1711 2684 critique
1736 2641 1822 2672 1870
1847 2649 1879 2681 p.
1900 2639 1963 2669 341

454 2703 520 2744 sq.)
551 2721 587 2726 —
615 2701 696 2737 Ern.
715 2701 837 2735 Ranke
862 2700 1089 2747 Fraymenta
1116 2702 1296 2736 uersionis
1320 2710 1511 2736 sacrarum
1535 2698 1803 2742 scripturarum
1829 2694 1966 2728 latinae

455 2761 839 2805 antehicronymianae
868 2759 1096 2795 Vindobonae
1125 2762 1222 2794 1868.
1257 2759 1313 2794 uir
1342 2756 1568 2792 doctissimus
1602 2755 1643 2788 de
1673 2753 1731 2788 his
1761 2751 1865 2786 rebus
1898 2760 1967 2783 11011

456 2829 525 2852 uno
549 2818 690 2852 nomine
714 2818 848 2862 optime
873 2818 1022 2852 meritus
1048 2816 1133 2862 quid
1158 2816 1294 2861 singuli
1311 2815 1349 2850 in
1365 2812 1586 2849 restituenda
1602 2811 1666 2846 illa
1683 2810 1844 2845 uersione
1868 2817 1967 2852 prae—

456 2878 619 2913 stiterint
643 2878 843 2914 accuratius
872 2888 904 2921 p.
923 2879 943 2909 5
969 2886 1020 2920 sq.
1038 2877 1189 2910 enarrat.
