2032 3248
2023 0 2032 90 ἑ

424 202 502 243 132
1054 188 1301 234 Appendix.
2023 102 2028 224 Ι

419 305 621 345 dilectione
658 314 749 342 suae
771 299 986 341 uoluntatis
1007 299 1046 337 te
1069 295 1277 336 coronabit.
1309 294 1462 331 tantum
1483 294 1574 330 tunc
1594 292 1638 329 ut
1658 289 1780 328 nostri
1802 288 1938 326 memi-
2022 292 2027 339 Ι

417 375 521 414 neris
549 374 716 423 petimus
737 373 776 410 et
805 380 970 416 oramus,
1001 379 1087 406 cum
1106 364 1294 415 pudicitia
1313 363 1337 411 †
1359 361 1582 400 adlectionis
1604 358 1758 398 Domini
1779 358 1940 406 probata

419 447 533 493 atque
555 441 801 481 immaculata
821 438 950 478 hostia
970 438 1060 476 ante
1079 434 1225 473 Christi
1247 431 1418 471 tribunal
1439 429 1650 478 adstiteris,
1673 441 1757 467 cum
1778 426 1939 475 gloriam

419 513 568 563 gratiae
605 512 676 550 Dei
710 510 878 560 praemio
916 508 1076 547 deuotae
1109 504 1252 545 mentis
1288 514 1331 542 ac
1366 500 1711 541 remunerationem
1732 497 1938 546 exceperis,

418 582 635 622 memoriter
669 581 826 620 haereat
862 579 899 618 et
934 577 1125 616 tenaciter
1162 573 1339 613 sensibus
1375 572 1452 610 tuis
1488 571 1642 609 maneat
1679 580 1792 617 quam
1827 565 1938 606 nobis
1954 578 1971 602 5

419 652 616 701 impertire
653 649 826 699 dignaris
862 647 1015 687 dilectio
1056 643 1255 684 caritatis:
1308 643 1351 680 ut
1387 640 1625 680 orationibus
1662 637 1741 676 tuis
1781 637 1938 685 peccata

419 723 551 761 nostra
566 721 630 760 uel
645 719 799 758 ueniam
816 716 1110 765 consequantur,
1132 715 1177 752 ut
1191 712 1341 751 meritis
1362 709 1533 749 iustitiae
1550 710 1639 747 tuae
1660 707 1764 745 uitae
1785 706 1938 743 nostrae

420 791 560 830 delicta
594 789 820 838 purgentur.
854 785 995 825 etenim
1031 782 1208 832 martyrii
1243 782 1368 838 instaer
1404 790 1487 818 esse
1510 777 1670 824 confido,
1703 776 1941 825 peccatorem

420 860 514 899 iusti
548 857 729 907 martyris
762 856 947 906 petitione
969 853 1154 893 meruisse
1185 851 1340 897 saluari,
1363 851 1402 889 et
1422 850 1465 887 ut
1487 860 1572 887 cum
1592 847 1674 895 ipse
1695 856 1763 894 pro
1789 846 1828 883 te
1848 855 1939 892 pro-

420 940 569 969 mouere
592 927 684 977 quid
704 925 881 975 precibus
901 924 980 963 tuis
1001 923 1128 961 minus
1149 920 1273 970 possis
1294 918 1475 968 martyris
1496 916 1645 956 meritis
1667 914 1854 954 libereris.
1887 912 1941 951 sic
1957 925 1994 947 ιι]

420 1000 488 1038 lob
519 1000 644 1037 iustus
665 1007 734 1045 pro
771 994 979 1034 amicorum
999 992 1117 1031 trium
1137 990 1306 1039 peccatis
1327 1001 1350 1028 a
1369 989 1449 1027 Deo
1470 987 1676 1036 rogaturus
1699 986 1736 1023 et
1757 984 1941 1032 impetra-

419 1071 529 1107 turus
566 1065 795 1111 ostenditur,
828 1051 873 1102 'et
901 1062 1077 1111 probatio
1108 1059 1260 1099 timoris
1281 1059 1363 1098 eius
1385 1059 1424 1096 et
1444 1057 1533 1095 fidei
1553 1054 1707 1094 Domini
1727 1064 1819 1092 uoce
1840 1054 1939 1091 teste

422 1137 610 1187 signatur.
644 1147 728 1175 cum
759 1145 848 1183 ergo
881 1133 922 1170 in
943 1132 1003 1170 die
1025 1128 1265 1170 liberationis
1286 1130 1389 1175 tuae,
1413 1126 1622 1173 carissime,
1654 1123 1943 1172 repraesentare

420 1210 459 1247 te
482 1206 626 1245 Christi
662 1204 835 1244 uultibus
871 1201 1054 1251 coeperis,
1092 1212 1179 1240 cum
1200 1198 1240 1236 in
1271 1198 1539 1237 aeternitatem
1571 1193 1943 1244 perpetuitatemque

422 1276 579 1316 uiuendi
615 1285 778 1324 regnare
817 1285 902 1312 cum
935 1271 1087 1310 Christo
1123 1269 1230 1309 felici
1267 1269 1368 1307 sorte
1405 1265 1649 1311 successeris,
1685 1275 1754 1312 pro
1789 1261 1940 1300 Domini
1957 1272 1992 1296 ιε»

421 1344 683 1386 misericordia
702 1344 742 1382 in
764 1344 891 1382 mente
911 1353 971 1381 me
992 1341 1091 1379 habe
1114 1339 1267 1378 Celsum
1288 1349 1447 1386 puerum
1468 1337 1590 1384 tuum,
1613 1331 1867 1373 sanctissime.

2018 1023 2027 1174 *Qu-..-
2019 904 2029 1019 «ae-en·—
2019 791 2029 898 ἥψω-1ο.-
2021 754 2028 785 ⁴«
2020 650 2029 747 ηψπ-ηομ,
2021 390 2031 646 -e-m-.·W-.„.„-.,.-,
2024 371 2026 378 ⁴
2022 340 2026 364 v..
2024 277 2028 281 ,
2023 246 2026 263 ,

521 1563 540 1596 1
566 1572 627 1596 sue
653 1561 689 1595 et
713 1559 748 1594 Z
912 1557 962 1602 te]
990 1557 1026 1591 et
1051 1555 1129 1597 Zt²,
1154 1545 1190 1589 Et
1215 1567 1252 1600 μ,
1278 1554 1314 1588 et
1339 1563 1418 1597 emp.
1443 1556 1474 1587 ὑὶ
1655 1548 1842 1586 eoronabis
1872 1547 1904 1582 T

426 1622 513 1655 tunc
537 1620 682 1654 tantum
708 1618 744 1652 Z
850 1616 873 1650 2
897 1616 939 1649 ut
964 1625 1044 1649 curn
1069 1614 1103 1648 Z
1219 1611 1347 1658 pudica
1371 1611 1413 1653 Z,
1439 1611 1566 1656 pudice
1591 1609 1688 1651 Bal„
1714 1607 1849 1642 iudicio
1876 1619 1901 1651 μ

426 1694 479 1713 μ*
496 1675 710 1711 adlectionis
737 1675 778 1717 Τ,
804 1673 1010 1709 dilectionis
1035 1672 1076 1714 Z,
1103 1670 1290 1706 electionis
1316 1683 1340 1714 μ
1581 1668 1603 1702 3
1629 1665 1758 1702 christi
1783 1676 1849 1700 om.
1876 1678 1901 1709 μ

425 1736 448 1770 4
473 1735 671 1780 praemium
697 1745 719 1769 v
874 1731 925 1776 ac]
952 1731 998 1765 ad
1022 1734 1037 1765 t
1189 1727 1486 1763 remunerationis
1513 1726 1570 1771 Τμ
1723 1723 1897 1768 acceperis
1914 1733 1946 1763 υ,
2013 1665 2024 1779 l

428 1793 561 1839 ceperis
587 1793 620 1827 Z
830 1790 852 1825 5
875 1788 1066 1824 memoriae
1090 1787 1145 1822 Zv
1361 1784 1538 1819 tenaciter
1563 1787 1617 1829 τμ,
1643 1783 1786 1818 censeat
1809 1780 1879 1814 iter
1905 1779 1946 1820 Τ,
2014 1784 2022 1821 1

427 1850 646 1886 intenatium
671 1850 704 1884 Z
874 1848 913 1882 in
939 1846 1102 1881 sensibus
1127 1845 1181 1880 Zv
1369 1843 1390 1877 6
1414 1842 1562 1876 dilectio
1589 1841 1753 1875 caritatis
1778 1850 1845 1874 om.
1871 1837 1906 1872 Z
2012 1819 2022 1902 ῑ

428 1910 447 1943 7
474 1909 533 1944 uel
559 1919 624 1944 om.
652 1908 750 1953 Ζίμυ
899 1906 922 1940 8
946 1904 1041 1949 quod
1067 1903 1162 1938 enim
1189 1903 1224 1937 Z
1353 1902 1374 1936 9
1400 1899 1571 1945 martyris
1597 1909 1663 1934 om.
1690 1897 1775 1932 Bal.
1908 1896 1952 1929 ut
2014 1903 2021 1963 i

429 1969 465 2002 et
491 1967 576 2002 Bal.
703 1975 767 2010 pro
791 1965 828 1999 te
854 1962 1071 2009 promouere]
1099 1960 1293 2006 promereri
1318 1959 1402 1994 Bal.
1428 1969 1475 1993 em
1499 1968 1519 1992 r
1652 1956 1695 1990 11
1720 1954 1852 1989 iustius
1879 1967 1903 1988 ιι
2013 1966 2020 1996 q

429 2026 466 2060 et
490 2025 750 2070 impetraturus
776 2033 844 2058 om.
872 2022 908 2056 Z
1069 2020 1113 2055 12
1138 2018 1277 2054 domini
1301 2028 1387 2053 uoce
1411 2016 1516 2060 teste]
1545 2015 1614 2050 dno
1639 2013 1848 2059 protegente
1872 2011 1907 2045 Z
2014 2000 2020 2054 Ῐ

430 2084 473 2119 14
498 2082 676 2127 uultibus]
702 2080 883 2116 militibus
909 2079 944 2114 Z
1082 2088 1162 2112 cum
1187 2076 1225 2111 in
1251 2076 1315 2120 ae]
1342 2073 1569 2110 coeternitati
1595 2073 1631 2107 Z
1771 2069 1950 2115 perpetui·
2014 2068 2019 2136 Ι

426 2143 575 2185 tamque
600 2150 683 2184 emp.
709 2142 724 2174 t
922 2137 967 2172 15
991 2135 1150 2180 uiuendi]
1177 2133 1347 2168 ueniendi
1372 2133 1407 2167 Z
1606 2141 1668 2175 pro
1695 2129 1736 2173 Τ,
1762 2128 1800 2162 in
1826 2128 1904 2171 Ζιμ
2013 2138 2018 2212 1

429 2200 473 2234 16
497 2210 554 2233 me
578 2209 644 2234 om.
672 2198 714 2240 Z,
740 2197 813 2232 iam
838 2207 859 2232 v
1086 2193 1220 2228 celsum
1246 2192 1349 2236 ΤΖμ,
1375 2191 1540 2226 cecilium
1565 2193 1580 2224 t
1605 2192 1639 2223 et
1665 2187 1905 2242 Renziyiaffls
2013 2212 2019 2236 5

2012 2254 2018 2297 g

2011 2300 2018 2398 ἰ

2011 2408 2017 2528 i

2011 2547 2015 2585 1

2010 2600 2015 2634 i

431 2255 666 2301 sanctissime]
694 2254 879 2290 carissime
903 2253 945 2288 Z.
973 2272 1014 2278 -—
1044 2252 1102 2286 Ad
1137 2250 1286 2295 (Caecili
1311 2248 1483 2294 Cypriani
1508 2247 1566 2288 ad)
1592 2245 1772 2302 Vigilium
1804 2254 1884 2288 epm
1909 2243 1951 2277 de

428 2314 571 2349 iudaica
595 2312 850 2348 incredulitate
875 2310 1022 2356 explicit
1048 2309 1123 2351 TZ,
1157 2307 1317 2353 Explicit
1349 2307 1394 2341 ad
1428 2306 1606 2351 Vigilium
1640 2314 1718 2348 epm
1743 2302 1785 2337 de
1810 2301 1953 2335 iudaica

428 2371 732 2413 incredulitatet,
762 2381 828 2405 om.
856 2383 891 2415 μ.
922 2389 962 2395 -
