2032 3248
368 231 429 263 CX
905 218 1100 253 Caecilii
1125 217 1343 262 Cypriani

366 324 492 366 nimis
524 325 667 378 pectus
702 324 872 366 affectus
906 323 1091 377 duplices
1123 323 1305 365 onerant.
1342 322 1486 364 dolebo
1516 324 1624 377 quod
1644 336 1725 365 non
1747 335 1881 365 comes

367 393 548 435 fuerim?
578 393 649 435 sed
677 393 792 435 illius
821 393 999 435 uictoria
1028 392 1324 446 triumphanda
1345 392 1420 433 est.
1458 392 1507 434 de
1528 393 1705 434 uictoria
1726 393 1880 434 trium-

367 464 531 517 phabo?
564 463 635 504 sed
666 463 782 506 doleo
816 462 924 516 quod
955 474 1090 504 comes
1121 473 1202 503 non
1225 461 1318 504 sim.
1358 474 1503 503 uerum
1537 462 1654 503 uobis
1675 462 1817 504 tamen
1839 463 1880 504 et

367 532 615 585 simpliciter
645 531 926 574 confitendum
947 532 1021 583 est,
1053 531 1162 585 quod
1183 531 1225 573 et
1245 542 1318 573 uos
1341 531 1471 583 scitis,
1501 531 1545 573 in
1565 531 1642 573 hac
1663 544 1729 573 me
1751 531 1881 573 fuisse

365 602 581 643 sententia.
612 602 796 643 multum
819 614 865 643 ac
886 601 1012 643 nimis
1041 601 1226 643 multum
1249 600 1297 642 de
1319 601 1454 657 gloria
1482 601 1569 643 61116
1601 601 1753 652 exulto,
1783 601 1909 655 pluss

364 672 506 714 tamen
529 671 645 714 doleo
668 672 777 725 quod
798 671 991 714 remansi.

526 821 794 939 ACTA
837 865 1726 940 PROCONSVLARIA.

328 1027 345 1066 l
422 1028 677 1082 Imperatore
705 1027 920 1071 Valeriano
950 1029 1146 1082 quartum
1168 1029 1209 1070 et
1231 1027 1424 1070 Gallieno
1445 1028 1620 1070 tertium
1642 1029 1881 1071 consulibus

364 1097 487 1139 tertio
518 1097 791 1139 kalendarum
813 1097 1122 1152 Septembrium
1143 1096 1393 1152 Carthagine
1421 1097 1464 1139 in
1494 1097 1712 1139 secretario
1734 1098 1882 1140 Pater-

363 1179 440 1208 nus
462 1167 680 1220 proconsul
702 1166 905 1221 Cypriane
935 1168 1122 1221 episcopo
1153 1167 1278 1209 dixit:
1309 1167 1582 1209 sacratissimi
1611 1167 1881 1221 imperatores
1895 1180 1929 1204 10

363 1237 610 1279 Valerianus
633 1237 673 1279 et
695 1236 911 1280 Gallienus
931 1238 1096 1280 litteras
1117 1238 1169 1280 ad
1190 1251 1256 1280 me
1279 1237 1375 1280 dare
1397 1238 1562 1293 dignati
1583 1239 1693 1289 sunt,
1729 1237 1880 1291 quibus

362 1307 658 1361 praeceperunt
688 1319 754 1349 eos
788 1308 859 1361 qui
887 1308 1119 1350 Romanam
1149 1308 1395 1363 religionem
1427 1320 1507 1350 non
1539 1307 1693 1359 colunt,
1732 1307 1809 1349 deb
1815 1320 1880 1349 ere

361 1377 569 1419 Romanas
605 1378 880 1419 caeremonias
916 1389 1216 1432 recognoscere.
1255 1377 1460 1431 exquisiui
1496 1389 1592 1432 ergo
1611 1372 1615 1376 ’
1629 1377 1679 1418 (16
1715 1376 1881 1418 nomine

360 1446 447 1500 tuo,
471 1445 570 1499 quid
592 1446 698 1487 mihi
718 1447 937 1499 respondes
947 1449 967 1488 t>
989 1446 1216 1501 Cyprianus
1239 1447 1452 1501 episcopus
1474 1446 1601 1488 dixit:
1625 1445 1655 1488 C
1664 1446 1692 1487 h
1702 1446 1744 1487 ri
1756 1458 1774 1487 s
1784 1447 1802 1487 t
1812 1446 1825 1487 i
1835 1458 1879 1487 a·

362 1527 456 1556 nus
495 1527 603 1556 sum
636 1515 684 1556 et
715 1515 1003 1569 episcopus.
1045 1516 1219 1557 nullos
1258 1516 1395 1558 alios
1434 1516 1552 1557 deos
1592 1515 1733 1567 noui,
1774 1515 1926 1557 nisi1⁵

364 1597 518 1626 unum
556 1585 605 1626 et
635 1597 811 1626 uerum
842 1585 1022 1636 Deum⁷
1064 1585 1150 1638 qui
1188 1585 1319 1626 fecit
1357 1585 1557 1626 caelum
1588 1585 1636 1626 et
1665 1585 1879 1639 terram,

362 1665 500 1695 mare
532 1653 581 1694 et
613 1666 740 1706 quae
772 1654 892 1695 sunt
922 1653 973 1696 in
1005 1654 1078 1696 eis
1109 1654 1291 1696 omnia.
1332 1654 1452 1695 111116
1482 1654 1582 1695 Deo
1614 1665 1702 1695 nos
1735 1652 1880 1695 Chri-

363 1722 527 1763 stiani
549 1722 895 1764 deseruimus:
925 1723 1057 1764 hunc
1079 1723 1413 1777 deprecamur
1435 1723 1619 1765 diebus
1641 1735 1694 1765 ac
1715 1723 1880 1765 nocti-

361 1791 452 1832 bus
491 1803 577 1845 pro
618 1792 768 1834 nobis
799 1793 848 1834 et
877 1805 964 1846 pro
1005 1793 1243 1835 omnibus
1273 1792 1575 1834 hominibus
1607 1794 1656 1834 61
1686 1805 1773 1846 pro
1805 1793 1879 1834 in-

362 1861 676 1902 columitate
716 1860 944 1914 ipsorum
984 1862 1372 1915 imperatorum.
1415 1861 1619 1904 Paternus
1657 1862 1876 1915 proconsul
1891 1873 1926 1900 20

361 1930 468 1971 dixit
481 1946 490 1971 :
527 1930 570 1972 in
600 1931 676 1972 hac
708 1943 803 1985 ergo
840 1931 1056 1973 uoluntate
1092 1943 1328 1984 perseueras
1338 1934 1358 1973 ⁴?
1396 1930 1623 1985 Cyprianus
1661 1931 1875 1984 episcopus

361 2000 593 2053 respondit:
626 2001 755 2042 bona
776 2000 1045 2052 uoluntas,
1079 2013 1205 2054 quae
1226 2001 1385 2042 Deum
1405 2000 1576 2052 nouit,
1605 2001 1875 2042 immutari

362 2081 388 2109 n
400 2081 458 2110 on
489 2070 675 2123 potest.
709 2069 915 2111 Paternus
943 2070 1162 2123 proconsul
1193 2070 1318 2111 dixit:
1352 2070 1506 2123 poteris
1530 2081 1625 2124 ergo
1649 2070 1875 2111 secundum

360 2138 625 2192 praeceptum
648 2138 861 2180 Valeriani
895 2140 936 2180 et
959 2138 1139 2180 Gallieni
1169 2139 1283 2180 exsul
1316 2139 1370 2182 ad
1401 2139 1545 2180 urbem
1575 2137 1873 2180 Curubitanam

362 2207 597 2260 proficisci?
635 2208 863 2262 Cyprianus
895 2208 1107 2261 episcopus
1139 2208 1263 2249 dixit:
1295 2215 1320 2262 p
1333 2222 1353 2250 r
1363 2220 1384 2249 o
1395 2207 1415 2249 f
1421 2209 1435 2249 i
1446 2221 1466 2249 c
1476 2208 1489 2249 i
1501 2221 1518 2250 s
1530 2221 1550 2250 c
1561 2221 1582 2250 0
1593 2222 1625 2249 r.
1664 2208 1869 2249 Paternus
1885 2219 1917 2244 25

359 2277 576 2329 proconsul
597 2277 723 2319 dixit:
745 2289 825 2319 non
847 2278 982 2319 solum
1004 2278 1054 2319 de
1076 2278 1290 2332 episcopis,
1312 2291 1459 2319 uerum
1483 2278 1609 2319 etiam
1632 2277 1681 2318 de
1702 2277 1873 2331 presby-

359 2344 461 2386 teris
490 2345 595 2387 mihi
625 2346 803 2388 scribere
832 2346 995 2401 dignati
1025 2348 1134 2388 sunt.
1169 2348 1263 2388 uolo
1295 2359 1390 2401 ergo
1414 2346 1516 2388 scire
1539 2359 1585 2387 ex
1606 2347 1661 2396 te,
1694 2346 1765 2398 qui
1788 2346 1873 2387 sint

357 2413 588 2468 presbyteri
619 2415 690 2468 qui
720 2415 764 2456 in
794 2415 870 2457 hac
903 2416 1075 2457 ciuitate
1111 2416 1355 2458 consistunt.
1395 2414 1623 2469 Cyprianus
1660 2414 1873 2468 episcopus

358 2483 587 2536 respondit:
639 2484 847 2538 legibus
892 2485 1087 2527 uestris
1133 2486 1157 2527 b
1171 2497 1257 2527 ene
1303 2485 1455 2538 atque
1500 2483 1872 2525 1111111616611-

428 2643 447 2676 1
465 2643 604 2689 dolebo]
623 2644 751 2678 docebo
769 2655 801 2678 w
939 2644 962 2679 5
978 2644 1021 2679 de
1037 2655 1069 2679 w
1086 2655 1113 2681 3.
1131 2645 1154 2679 Z.
1172 2656 1217 2680 m.
1235 2647 1266 2680 2.
1287 2665 1329 2669 —

427 2700 562 2744 Incipit
590 2701 706 2746 passio
736 2701 891 2736 ciusdem
916 2701 1089 2746 (eiusdem
1113 2702 1233 2747 passio
1260 2702 1312 2746 Ε)
1338 2701 1509 2746 Cypriani
1534 2712 1574 2735 ex
1598 2701 1655 2736 die
1680 2712 1749 2746 qua
1774 2713 1868 2736 mar-

356 2757 492 2801 tyrium
511 2757 707 2802 Cyprianus
732 2759 838 2793 tulit:
869 2759 951 2794 ordo
977 2761 1096 2794 autem
1120 2759 1287 2804 martyrii
1311 2760 1524 2803 (martyrum
1541 2759 1602 2804 M)
1626 2759 1692 2793 hac
1718 2759 1868 2794 lectione

356 2813 622 2849 demonstratur
662 2818 698 2850 et
739 2815 957 2851 declaratur:
999 2816 1087 2852 Cum
1127 2816 1325 2861 Cyprianus
1367 2817 1510 2851 sanctus
1552 2818 1690 2862 martyr
1730 2817 1865 2852 electus

356 2882 378 2905 a
394 2871 467 2906 Deo
485 2871 527 2906 de
545 2871 692 2908 ciuitate
710 2873 930 2908 Curubitana
948 2873 1012 2918 (cf.
1031 2885 1059 2909 c.
1077 2875 1116 2918 2)
1135 2878 1197 2910 etc.
1216 2874 1311 2909 ΕΜ.
1330 2894 1373 2900 -
