2032 3248
338 222 400 251 Lx

337 313 432 354 ante
453 313 675 355 Erasmum
706 313 885 355 edidisse
913 313 1021 355 infra
1050 313 1234 356 narrabo.
1267 326 1314 355 ex
1334 314 1627 357 Dauentriensi
1647 316 1844 358 Erasmus

336 388 381 429 in
403 400 521 430 suam
550 387 706 441 recepit
729 387 1016 429 emendatione
1038 388 1254 430 accedente
1275 387 1359 430 fere
1379 389 1506 431 nulla.
1529 402 1603 431 nec
1624 390 1842 443 quicquam

337 463 381 504 in
402 461 655 516 corrigendis
688 462 849 504 mendis
881 462 1030 515 reliqui
1062 462 1371 515 praestiterunt.
1413 463 1510 504 sunt
1541 464 1651 505 enim
1685 464 1844 507 codices

338 537 424 578 eius
446 536 662 578 rarissimi.
696 536 858 589 praeter
877 535 1215 578 uetustissimum
1236 536 1486 579 Vossianum
1507 538 1580 579 lat.
1602 538 1660 579 40
1680 551 1783 580 saec.
1806 538 1844 579 X

337 611 415 666 (K)
426 610 480 667 ²¹⁴),
504 624 625 664 quem
646 611 711 652 uir
732 611 1041 653 illustrissimus
1064 612 1131 653 Du
1152 611 1256 653 Rieu
1278 624 1357 665 qua
1379 612 1439 653 est
1461 612 1634 668 insignis
1656 613 1844 656 liberali-

336 686 422 728 tate
451 686 732 728 Vindobonam
762 686 893 737 misit,
924 685 1199 728 Parisiensem
1223 686 1287 740 (Z)
1321 687 1437 728 cuius
1467 687 1630 740 saepius
1652 688 1845 730 denotaui

334 762 696 815 interpolationem
724 761 909 803 adhibui.
941 762 1074 803 exstat
1103 774 1199 804 uero
1221 761 1385 813 tertius,
1417 762 1641 804 Vossianus
1664 763 1737 805 lat.
1765 764 1845 806 108

336 850 437 880 saec.
468 837 587 888 XIII,
625 837 741 890 isque
772 836 854 878 fuit
884 836 1058 878 fortasse
1087 838 1195 879 unde
1228 837 1353 878 editio
1385 837 1572 892 princeps
1603 838 1736 891 petita
1771 839 1844 880 est.

336 913 446 954 certe
463 912 562 965 quin
580 924 626 953 ea
643 924 689 953 ex
705 911 844 953 codice
856 911 1055 953 Vossiano
1078 924 1203 965 quam
1220 911 1447 953 Parisiensi
1469 912 1662 954 similiori
1682 912 1849 954 fluxerit

335 988 502 1040 propter
522 987 764 1028 lacunarum
787 986 948 1039 aliquot
970 986 1300 1040 mendorumque
1318 987 1648 1029 communionem
1666 987 1850 1028 dubitari

336 1062 490 1116 nequit.
534 1061 739 1115 quondam
781 1061 1028 1103 exstiterunt
1069 1061 1305 1114 conplures:
1349 1074 1396 1103 ex
1433 1061 1571 1103 codice
1611 1062 1768 1116 insigni
1806 1063 1847 1104 et

338 1137 505 1179 uetusto
527 1136 772 1178 Carthusiae
794 1135 1049 1178 Coloniensis
1069 1135 1248 1178 Grauius
1278 1136 1503 1190 scripturas
1534 1136 1732 1190 quasdam
1752 1150 1847 1190 pro-

337 1212 451 1263 tulit,
500 1212 658 1254 codices
697 1211 899 1254 Ludouici
941 1210 1146 1253 Carrionis
1187 1213 1228 1253 et
1270 1211 1308 1253 S.
1351 1212 1616 1254 Pantaleonis
1657 1211 1846 1254 Coloniae

301 1286 303 1289 ’
337 1286 551 1329 Pamelius
573 1287 729 1329 laudat.
756 1312 807 1317 —
830 1286 895 1328 III
917 1289 1005 1330 De
1027 1290 1194 1333 laude
1216 1289 1506 1341 martyrii.
1528 1288 1636 1329 hunc
1657 1287 1849 1329 libellum

338 1362 538 1417 Cypriani
561 1363 697 1405 aetate
719 1363 999 1418 conscriptum
1022 1364 1198 1406 editores
1221 1365 1273 1406 ad
1296 1364 1655 1418 corruptissimum
1677 1361 1848 1404 alterius

339 1436 523 1479 familiae
558 1438 765 1491 exemplar
796 1439 1018 1492 exegerunt
1038 1439 1107 1480 uel
1127 1439 1265 1493 potius
1288 1451 1382 1480 cum
1402 1439 1600 1480 Erasmus
1621 1437 1780 1490 primus
1802 1448 1850 1477 ex

341 1513 480 1555 codiee
503 1512 589 1554 eius
612 1513 775 1567 generis
794 1512 1083 1555 Gemblacensi
1107 1513 1315 1564 edidisset,
1337 1513 1646 1556 inemendatum
1669 1511 1848 1564 relique-

340 1587 450 1629 runt.
488 1589 650 1641 praeter
686 1587 844 1629 codices
874 1588 1006 1640 MQT,
1046 1600 1220 1642 quorum
1257 1588 1559 1642 comparatione
1591 1588 1643 1629 ad
1676 1586 1848 1628 alterius

340 1662 525 1705 familiae
546 1662 816 1717 archetypum
838 1663 1166 1717 cognoscendum
1187 1663 1438 1716 peruenitur,
1475 1662 1594 1704 libris
1616 1661 1725 1703 LNP
1748 1673 1846 1702 usus

342 1751 449 1789 sum,
482 1750 583 1791 quos
606 1737 649 1778 in
670 1751 799 1779 unum
832 1737 1014 1779 codicem
1034 1738 1249 1791 parentem
1270 1750 1515 1792 conuergere
1536 1749 1660 1790 supra
1681 1736 1851 1777 demon·-

343 1813 522 1855 stratum
544 1813 626 1862 est;
651 1812 767 1853 cuius
789 1812 1044 1866 praestantia
1065 1813 1219 1865 quanta
1235 1812 1290 1854 sit
1305 1824 1510 1864 nusquam
1531 1810 1680 1852 melius
1703 1821 1851 1865 cogno-

342 1888 485 1930 scitur.
525 1900 619 1929 eum
641 1899 736 1929 uero
759 1886 1022 1942 Seguieriano
1047 1886 1111 1942 (S)
1135 1886 1275 1928 cedere
1295 1899 1369 1940 par
1391 1886 1476 1927 erat
1497 1885 1540 1926 in
1562 1885 1694 1926 altera
1714 1883 1849 1925 libelli

342 1964 459 2017 parte
480 1963 575 2004 inde
596 1976 619 2004 a
641 1962 779 2003 uerbis
800 1975 848 2002 sa
869 1963 1042 2014 sufferre
1065 1964 1135 2015 (z
1157 1961 1265 2015 App.
1289 1962 1403 2014 393)
1426 1960 1469 2001 in
1490 1971 1535 2001 eo
1557 1960 1752 2001 exstante.
1785 1958 1850 2000 1113

341 2037 558 2091 praesidiis
575 2037 618 2079 in
634 2037 710 2078 hae
731 2037 898 2078 demum
920 2037 1153 2079 recensione
1173 2037 1382 2090 permulta
1399 2049 1503 2089 quae
1519 2035 1641 2077 antea
1659 2033 1849 2088 intellegi

342 2124 422 2154 11011
442 2112 633 2165 poterant
654 2111 807 2153 rectius
829 2111 1058 2153 constituta
1079 2111 1187 2162 sunt,
1211 2111 1330 2165 plura
1351 2111 1511 2152 restant
1528 2110 1662 2152 adhuc
1680 2110 1852 2151 obscura

343 2189 385 2230 et
405 2188 635 2230 restabunt.
663 2199 760 2228 nam
782 2187 924 2228 utrum
947 2199 994 2228 ea
1016 2186 1200 2228 contorto
1223 2198 1369 2240 genere
1391 2185 1554 2227 dicendi
1576 2196 1654 2238 quo
1677 2184 1851 2237 scriptor

343 2262 478 2304 utitur
514 2262 755 2315 explicanda
789 2261 874 2303 sint
905 2274 955 2303 an
986 2261 1250 2302 librariorum
1288 2260 1493 2302 erroribus
1527 2260 1752 2301 debeantur
1782 2257 1853 2298 uix

344 2338 480 2391 potest
506 2338 682 2379 decerni.
712 2363 769 2367 —
787 2338 849 2379 IV
872 2339 961 2380 Ad
982 2338 1388 2379 Nouateanum.
1416 2336 1525 2377 hunc
1553 2333 1780 2376 tractatum
1801 2332 1851 2373 ab

346 2412 533 2466 episcopo
570 2425 665 2454 011111
703 2411 903 2466 Cypriane
941 2413 1139 2454 aduersus
1176 2411 1431 2465 Stephanum
1469 2408 1538 2464 (cf.
1571 2408 1622 2450 A.
1653 2406 1771 2462 55‚4)
1811 2407 1852 2448 et

345 2486 596 2529 Felicissimi
624 2486 804 2528 schisma
834 2486 903 2541 (cf.
927 2486 977 2528 A.
1001 2485 1147 2542 54‚12)
1179 2486 1316 2528 stante
1348 2485 1487 2539 paullo
1509 2483 1601 2537 post
1621 2482 1843 2523 Decianam

346 2561 671 2615 persecutionem
704 2560 774 2616 (cf.
798 2561 943 2616 5735)
976 2561 1255 2614 conscriptum
1283 2561 1502 2614 postquam
1535 2557 1660 2599 editio
1683 2556 1849 2597 Dauen-

346 2634 513 2677 triensis
535 2635 729 2689 Cypriani
751 2636 942 2689 operibus
964 2636 1128 2686 adiecit,
1159 2635 1334 2677 editores
1357 2646 1450 2675 cum
1472 2632 1524 2674 ad
1544 2643 1608 2673 res
1631 2631 1681 2672 de
1702 2629 1853 2683 quibus

393 2748 425 2791 *)
444 2748 611 2783 Continet
639 2749 779 2784 libellos
808 2749 870 2790 IV,
898 2749 956 2783 De
981 2749 1070 2783 bono
1093 2749 1300 2793 pudicitiae
1330 2747 1403 2790 (fol.
1421 2746 1594 2789 8b—13‘2).
1624 2744 1684 2778 VI.
1710 2743 1751 2777 V.
1769 2742 1852 2776 XII.

347 2805 449 2839 X111.
474 2805 574 2840 VIII.
598 2806 637 2840 X.
664 2807 726 2848 IX,
754 2807 855 2850 epist.
878 2809 930 2847 11,
954 2808 1150 2840 tractatum
1167 2807 1229 2841 Ad
1246 2805 1502 2841 Nouatianum
1526 2804 1583 2845 (z
1599 2803 1689 2846 App.
1707 2811 1739 2844 p.
1758 2800 1854 2844 52,8)

348 2864 384 2897 et
400 2863 463 2897 lib.
482 2862 544 2896 XI.
