2032 3248
329 218 412 261 164
968 213 1033 258 Ap
1046 213 1218 258 pendix.

326 334 478 372 neque
518 321 686 361 audiet
724 320 912 370 aliquis
952 320 1000 358 in
1030 320 1220 369 plateis
1263 332 1433 360 uocem
1471 321 1590 361 eius.
1623 333 1710 362 ecce
1742 323 1856 362 Chri-

327 396 410 432 stus
432 405 507 432 non
528 391 725 431 contendit
745 401 868 438 neque
890 390 1096 429 clamauit:
1129 392 1169 428 et
1196 391 1240 429 tu
1268 391 1302 429 si
1332 402 1481 430 morum
1503 391 1649 430 Christi
1671 393 1855 432 similitu-

326 463 453 502 dinem
474 462 639 501 retinere
661 460 782 509 cupis,
812 472 858 499 ne
881 460 1102 508 contendas,
1134 472 1181 500 ne
1212 461 1397 500 abusiuus
1418 462 1458 500 in
1480 462 1644 502 ecclesia
1664 462 1852 501 Christia-

325 544 397 571 nus
419 532 573 571 existas,
597 531 677 569 suis
708 530 807 569 enim
836 530 1095 569 sectatoribus
1117 530 1294 570 Christus
1327 531 1546 581 praecepit:
1579 531 1741 572 nolite
1771 545 1851 572 uo-

325 601 431 641 cari
460 598 642 641 Rabbi:
693 611 815 639 unus
861 601 939 639 est
981 599 1109 639 enim
1154 601 1401 649 magister
1431 603 1630 650 uester,
1662 601 1744 651 qui
1775 603 1885 644 est5

322 671 574 710 Christus:
598 671 645 708 et
678 670 866 719 patrem
896 669 1063 708 nolite
1094 681 1279 710 uocare
1312 682 1464 720 super
1494 673 1696 710 terram:
1728 683 1853 711 unus

325 743 399 781 est
430 741 556 781 enim
599 740 743 788 pater
772 741 941 778 uester
986 740 1068 788 qui
1111 739 1162 778 in
1194 741 1354 780 caelis
1385 742 1474 780 est.
1523 753 1685 781 omnes
1724 742 1854 781 enim

324 824 407 851 uos
438 813 627 851 fratres
659 810 795 850 estis.
850 809 996 859 quibus
1041 811 1090 849 ad
1127 811 1422 860 supplicandum
1467 811 1672 861 imperauit
1703 812 1850 851 dicere:

324 883 467 932 pater
486 883 664 921 noster
686 881 768 929 qui
788 880 836 918 in
857 879 1018 919 caelis
1049 891 1097 918 es
1129 880 1492 920 sanctificetur
1512 892 1683 920 nomen
1704 883 1849 920 tuum.

323 951 470 991 frustra
490 962 582 1000 ergo
599 952 751 999 patrem
773 949 969 988 contendit
990 949 1031 988 in
1051 950 1157 988 terra
1178 950 1245 999 qui
1264 951 1415 999 patrem
1436 952 1475 989 et
1495 949 1664 999 patriam
1692 950 1852 1000 profite-
1867 967 1906 993 io

322 1024 387 1061 tur
407 1022 550 1060 habere
573 1032 613 1060 se
634 1021 675 1058 in
697 1020 825 1059 caelo:
867 1019 975 1058 cuius
1005 1031 1207 1068 possessor
1234 1032 1345 1061 nemo
1376 1020 1564 1070 efficitur,
1605 1021 1681 1060 nisi
1711 1021 1777 1070 qui
1808 1022 1854 1060 de

321 1094 498 1131 terrenae
517 1090 666 1140 patriae
688 1089 933 1130 contentione
956 1100 1112 1129 securus
1133 1090 1316 1129 habetur.

822 1217 1031 1257 PAVPER
1071 1218 1346 1258 SVPERBVS.

283 1333 309 1372 8
380 1324 548 1363 Octauus
569 1322 767 1362 abusionis
797 1324 942 1372 gradus
972 1324 1033 1362 est
1061 1334 1208 1372 pauper
1230 1324 1440 1372 superbus,
1474 1323 1539 1372 qui
1576 1323 1676 1362 nihil
1705 1323 1851 1363 habens

320 1394 361 1433 in
383 1393 601 1443 superbiam
622 1393 841 1440 extollitur,
865 1404 951 1431 cum
973 1404 993 1432 e
1013 1393 1205 1432 contrario
1228 1393 1416 1431 diuitibus
1434 1393 1578 1432 saeculi
1594 1405 1669 1432 non
1686 1393 1849 1442 superbe
1865 1408 1901 1434 15

322 1475 458 1513 sapere
479 1475 547 1512 per
567 1462 782 1511 apostolum
804 1462 1027 1511 imperetur.
1051 1462 1143 1511 quid
1164 1474 1255 1511 ergo
1279 1463 1460 1502 stolidius
1480 1462 1564 1502 fieri
1584 1465 1714 1511 potest
1736 1475 1849 1512 quam

321 1534 431 1573 illum
465 1532 531 1582 qui
551 1544 620 1581 per
640 1532 810 1571 infimam
831 1532 1028 1570 miseriam
1063 1532 1172 1571 uelut
1206 1532 1248 1570 in
1283 1534 1427 1571 terram
1458 1532 1631 1572 abiectus
1653 1534 1847 1572 extremus

320 1605 360 1643 et
380 1602 537 1642 humilis
558 1602 732 1641 incedere
753 1603 792 1640 et
813 1602 1038 1640 contristari
1070 1602 1255 1641 debuerat
1278 1601 1530 1651 supercilioso
1562 1603 1764 1651 superbiae
1784 1604 1848 1641 tu-

319 1684 424 1711 more
445 1671 618 1710 inflatam
639 1673 811 1710 mentem
841 1673 976 1710 contra
997 1672 1119 1711 Deum
1141 1671 1322 1721 erigere?
1354 1683 1423 1721 per
1453 1673 1553 1721 quod
1581 1672 1720 1711 uitium
1748 1673 1849 1722 lapsi

321 1742 543 1782 corruerunt
574 1741 641 1790 qui
672 1753 818 1780 summo
857 1741 955 1780 caeli
990 1741 1135 1780 conditi
1172 1744 1283 1780 erant
1319 1742 1499 1780 culmine.
1523 1742 1615 1791 quid
1651 1753 1741 1791 ergo
1763 1743 1849 1781 uult
1862 1759 1901 1786 20

320 1811 430 1862 quasi
451 1813 587 1861 potens
608 1811 649 1850 in
665 1814 770 1851 terra
791 1812 1004 1861 superbire,
1028 1812 1094 1861 qui
1113 1823 1207 1861 prae
1229 1812 1405 1851 omnibus
1425 1812 1644 1852 hominibus
1666 1813 1850 1852 debuerat

319 1881 476 1922 humilis
498 1880 712 1931 apparere?
744 1882 814 1920 sed
834 1893 881 1921 ne
904 1882 949 1921 de
970 1884 1199 1931 paupertate
1220 1894 1291 1920 sua
1311 1882 1515 1921 tristitiam
1535 1883 1725 1930 habeant,
1757 1882 1848 1932 quid

319 1962 340 1989 a
380 1950 459 1989 Deo
499 1950 694 2001 accepturi
737 1952 829 1990 sunt
875 1962 1065 2000 pauperes
1102 1951 1335 1991 adtendant:
1388 1952 1471 2001 ipse
1516 1952 1659 1991 etenim
1699 1952 1847 2001 inquit:

407 2123 431 2158 4
454 2122 589 2159 Matth.
615 2122 673 2166 23,
697 2123 730 2158 8.
757 2123 789 2158 9.
931 2123 953 2157 9
979 2122 1114 2158 Matth.
1140 2122 1174 2165 6,
1200 2123 1231 2159 9.

409 2289 429 2322 1
453 2289 577 2334 platea
600 2301 623 2326 v
740 2290 763 2325 2
787 2300 902 2335 neque
927 2290 1103 2326 clamauit
1127 2301 1195 2326 om.
1221 2290 1264 2325 X
1388 2291 1410 2326 3
1434 2292 1558 2326 tenere
1582 2302 1604 2327 v
1720 2302 1765 2327 ne
1783 2318 1791 2326 .
1807 2318 1814 2326 .
1831 2319 1839 2325 .

315 2346 448 2382 existas
471 2358 537 2383 om.
565 2348 608 2383 X
739 2349 939 2384 christiana
966 2349 1010 2391 G,
1035 2349 1164 2384 christi
1195 2349 1230 2385 V
1367 2350 1391 2385 5
1415 2350 1604 2396 magister]
1631 2351 1734 2395 pater
1759 2350 1801 2385 X

316 2404 337 2439 7
362 2405 456 2439 enim
481 2407 535 2440 est
558 2406 600 2441 X
722 2407 832 2452 enim]
860 2408 981 2442 autem
1008 2407 1051 2442 X
1174 2407 1197 2442 8
1224 2407 1369 2454 quibus]
1396 2408 1459 2453 qui
1485 2409 1521 2443 et
1547 2407 1590 2442 X
1715 2408 1844 2454 dicere]

315 2473 396 2498 cum
420 2462 511 2498 dicit
533 2475 555 2500 v
563 2478 572 2506 3
599 2465 651 2499 sic
675 2466 797 2500 autem
821 2465 976 2500 orabitis
1001 2465 1088 2502 add.
1121 2465 1213 2502 GVv
1408 2467 1431 2502 9
1456 2477 1494 2501 68
1519 2466 1559 2500 111
1585 2466 1695 2501 caelis
1720 2466 1800 2502 XV

315 2520 361 2556 10
376 2522 515 2566 patrem
532 2526 633 2566 pater
652 2522 838 2558 contendit
860 2523 900 2566 V,
928 2523 1115 2559 contendit
1133 2523 1185 2567 X,
1211 2523 1397 2559 contendit
1412 2525 1554 2570 patrem
1572 2534 1609 2559 se
1626 2524 1759 2559 habere
1775 2536 1798 2561 v

315 2589 352 2614 se
376 2579 567 2624 profitetur
591 2581 723 2617 habere
748 2581 797 2624 X,
823 2592 860 2627 p.
886 2592 915 2616 s.
941 2581 978 2616 h.
1003 2593 1026 2618 v
1207 2583 1251 2617 11
1274 2582 1415 2628 patriae
1439 2593 1544 2617 nemo
1569 2592 1751 2627 possessor
1773 2593 1796 2619 v

314 2636 360 2671 16
385 2637 587 2682 apostolum
611 2639 760 2684 paulum
789 2639 845 2675 Vv
969 2639 1170 2685 imperatur
1198 2641 1230 2676 G
1356 2651 1441 2686 ergo
1467 2650 1535 2675 om.
1566 2640 1602 2676 V
1722 2641 1847 2685 potest

313 2693 392 2729 fieri
423 2694 477 2730 Vv
617 2697 661 2731 17
686 2697 869 2732 infimam
894 2699 936 2732 Χ
1080 2699 1178 2734 terra
1206 2700 1237 2734 G
1385 2699 1564 2734 extremus
1590 2699 1639 2744 et]
1666 2701 1703 2734 et
1727 2699 1842 2734 extre-

313 2763 394 2788 mus
419 2754 494 2798 atq.
520 2753 563 2789 X
691 2757 736 2792 19
761 2756 1025 2792 inflammatam
1052 2757 1094 2792 X
1225 2757 1273 2793 20
1295 2757 1334 2793 in
1359 2768 1499 2792 summo
1523 2768 1545 2793 v
1670 2757 1716 2793 21
1740 2757 1842 2803 prae]

313 2820 376 2855 pro
404 2810 478 2847 GV
636 2813 681 2848 22
706 2824 771 2850 sua
796 2825 862 2851 om.
891 2814 933 2850 X
1094 2815 1141 2851 23
1165 2815 1345 2860 recepturi
1370 2815 1446 2850 sint
1476 2815 1530 2851 Vv
1694 2815 1841 2861 etenim]

312 2878 411 2902 6111111
436 2879 458 2903 υ
