2032 3248
635 245 689 277 ho
715 243 890 286 duplici
918 244 1133 285 martyrio
1163 254 1189 276 c.
1216 244 1362 276 24—25.
1665 245 1744 285 237

246 352 336 389 dicit
371 343 529 397 ‘abnega
560 350 752 387 Christum
783 353 819 386 et
845 349 996 386 immola
1029 349 1121 388 Ioui.
1164 360 1200 385 et
1223 353 1303 385 esto
1326 349 1466 385 amicus
1489 351 1634 389 noster,
1681 359 1746 385 aut

245 411 415 463 morere’,
439 431 549 466 saepe
569 419 699 466 lingua
716 421 830 466 negat
847 420 955 456 corde
970 419 1196 455 reclamante
1219 422 1255 455 et
1278 430 1408 455 manus
1428 418 1552 455 adolet
1569 421 1643 458 tus.
1663 431 1745 456 cum

245 489 390 526 animus
412 489 514 525 intus
537 488 667 525 adoret
689 488 889 524 Christum.
935 499 1159 534 quamquam
1196 488 1262 524 hoc
1300 500 1445 534 quoque
1478 488 1743 533 grauissimum

249 560 306 595 est
327 558 477 602 crimen,
501 560 624 594 tamen
647 557 812 603 aliquam
836 556 1044 602 impietatis
1067 556 1214 602 culpam
1239 555 1362 593 eleuat
1382 557 1565 593 humanae
1590 558 1746 593 naturae

216 638 230 661 5
247 626 499 664 imbecillitas.
543 625 593 662 ibi
619 628 769 662 satanas
791 625 861 662 tibi
884 624 1050 671 loquitur
1075 635 1163 661 uoce
1186 625 1355 672 tyranni:
1387 628 1425 661 at
1447 625 1537 671 quid
1560 625 1627 661 tibi
1651 623 1745 660 dicit

243 695 339 732 idem
377 706 441 741 per
476 696 579 732 tuam
615 694 984 740 concupiscentiam?
1015 686 1173 740 ‘abnega
1206 694 1409 738 Christum,
1453 696 1489 729 et
1511 696 1591 730 esto
1613 693 1739 729 diues:

243 763 409 801 sacrifica
430 764 662 800 Mammonae
685 765 721 799 et
744 762 893 799 Christo
918 763 1089 799 nuntium
1109 756 1281 799 remitte.'
1315 762 1403 808 quid
1426 764 1484 799 est
1505 762 1602 808 quod
1627 760 1739 808 polli-

244 834 375 869 cetur?
398 844 526 869 aurum
550 837 586 868 et
609 834 820 878 argentum,
848 831 1019 868 inutilem
1042 831 1237 868 materiam
1259 831 1331 867 nisi
1354 842 1541 868 exerceas
1568 842 1633 866 nec
1651 829 1741 865 dicit

237 893 396 939 ‘morere
439 902 502 938 sed
539 900 685 938 oblecta
721 892 871 939 oculos'.
907 900 1016 937 immo
1054 900 1176 946 potius
1213 901 1281 937 hoc
1313 899 1404 936 dicit
1434 892 1593 936 ‘lucrare
1625 909 1738 945 pecu-

203 982 234 1006 10
248 970 347 1007 niam
370 970 415 1006 ad
437 970 548 1007 breue
571 972 719 1016 tempus
741 969 940 1006 habiturus
965 972 1001 1005 et
1025 969 1138 1015 perde
1156 969 1194 1005 in
1212 970 1407 1005 aeternum
1431 968 1593 1004 animam
1615 959 1741 1003 tuam’.

244 1042 281 1076 et
300 1041 426 1075 tamen
449 1038 509 1075 hic
532 1041 664 1084 sponte
688 1037 882 1074 submittis
906 1049 1028 1084 genua
1051 1039 1204 1075 satanae
1243 1039 1279 1074 et
1317 1037 1503 1084 abnegato
1527 1036 1675 1073 Christo
1708 1038 1743 1072 te

241 1109 359 1144 totum
393 1106 446 1142 illi
480 1106 682 1152 mancipas.
735 1106 823 1152 quid
855 1108 977 1142 autem
1012 1105 1210 1142 Christus?
1231 1099 1349 1142 ‘meus
1392 1107 1472 1142 esto
1511 1108 1548 1141 et
1585 1104 1668 1142 uiue
1706 1103 1743 1140 in

242 1177 456 1212 aeternum:
499 1178 691 1211 contemne
734 1174 888 1211 diuitias
930 1175 1022 1211 istas
1064 1174 1328 1222 temporarias.
1373 1177 1410 1210 et
1448 1185 1516 1221 ego
1554 1174 1623 1210 tibi
1656 1184 1742 1210 cen-

242 1244 388 1290 tuplum
431 1254 606 1289 reponam
649 1243 683 1278 in
727 1243 795 1279 hoc
844 1242 992 1280 saeculo
1035 1245 1072 1280 et
1116 1243 1231 1280 uitam
1288 1245 1478 1280 aeternam
1521 1243 1558 1278 in
1600 1242 1740 1278 futuro.

198 1323 227 1347 1⁵
244 1311 411 1358 relinque
453 1314 591 1348 terram
633 1314 666 1347 et
708 1310 834 1358 accipe
872 1304 1039 1349 coelum'.
1093 1323 1133 1348 ac
1173 1312 1272 1349 Deus
1310 1312 1382 1348 ista
1422 1310 1601 1357 pollicens
1633 1311 1741 1347 dese-

242 1382 349 1421 ritur.
393 1383 428 1417 et
466 1380 636 1417 diabolus
674 1385 749 1417 tam
787 1380 897 1417 nihili
945 1391 1004 1416 res
1036 1391 1173 1427 easque
1207 1380 1300 1418 falso
1342 1380 1566 1427 promittens
1607 1379 1740 1416 adora-

240 1452 313 1486 tur.
366 1461 385 1486 o
427 1449 571 1486 foedam
619 1448 876 1486 defectionem.
933 1460 952 1486 o
997 1451 1143 1495 turpem
1190 1448 1454 1486 idololatriam.
1514 1461 1533 1485 o
1574 1448 1740 1495 iniquam

241 1519 565 1565 permutatimwm.
610 1529 681 1564 quo
704 1518 867 1565 praemio
891 1517 1112 1555 sollicitauit
1134 1519 1287 1555 humani
1320 1519 1468 1565 generis
1501 1518 1639 1566 primos
1675 1528 1740 1553 au-

240 1590 391 1625 ctores?
416 1587 580 1625 ostendit
602 1599 750 1634 pomum
773 1590 809 1624 et
831 1587 934 1624 dedit
956 1590 1123 1624 mortem.
1148 1588 1340 1625 mendacio
1364 1587 1519 1625 fefellit:
1540 1599 1629 1624 non
1651 1598 1739 1624 mo-

192 1656 458 1701 20riemini‚
492 1656 572 1692 sed
604 1655 751 1693 eritis
783 1656 914 1692 sicut
938 1656 1032 1698 Dii,
1056 1657 1272 1694 scientes
1294 1658 1463 1693 bonum
1486 1658 1530 1694 et
1551 1657 1739 1693 malum.

235 1726 346 1770 atque
371 1724 427 1760 illi
449 1724 570 1761 delusi
588 1725 735 1771 qualem
754 1724 950 1761 Dominum
971 1725 1217 1761 deseruerunt
1241 1728 1277 1762 et
1294 1726 1340 1761 ad
1358 1736 1466 1771 quem
1490 1725 1706 1762 defecerunt
1721 1728 1738 1762 ⁴?

236 1804 257 1829 a
279 1804 351 1839 qua
374 1792 554 1830 felicitato
580 1793 797 1830 exciderunt
836 1797 872 1829 et
911 1793 945 1829 111
968 1806 1063 1840 quas
1099 1805 1294 1831 aerumnas
1329 1797 1446 1830 semet
1468 1794 1735 1830 coniecerunt?

236 1862 301 1899 sed
318 1862 414 1899 idem
434 1861 497 1898 1110
514 1864 751 1899 tenebrarum
769 1862 943 1909 princeps
966 1863 1028 1909 qui
1048 1863 1147 1899 Euae
1171 1863 1319 1900 locutus
1341 1866 1398 1899 est
1420 1873 1486 1909 per
1508 1864 1735 1909 serpentem,

236 1931 343 1967 nobis
365 1931 533 1976 loquitur
566 1942 629 1977 per
662 1931 848 1968 satellites
871 1943 955 1967 suos
980 1945 1020 1968 ac
1046 1931 1262 1971 ministros,
1297 1944 1360 1978 per
1383 1932 1488 1968 lenas
1510 1934 1548 1968 et
1569 1932 1735 1976 lenones⁷

190 2008 220 2032 25
236 2009 302 2046 per
323 2011 384 2036 eos
406 2000 470 2046 qui
493 1999 688 2046 pelliciunt
709 2000 755 2036 ad
792 2011 956 2038 amorem
993 2001 1168 2046 pecuniae
1191 2001 1236 2037 ad
1259 2001 1499 2038 ambitionem
1531 2001 1577 2037 ad
1604 2001 1735 2047 uolup-

234 2068 362 2112 tatem,
386 2070 589 2104 auocantes
612 2080 633 2104 a
655 2068 870 2105 sinceritate
889 2080 983 2116 quae
1008 2071 1065 2105 est
1089 2069 1125 2105 in
1147 2069 1296 2106 Christo
1320 2070 1416 2107 Iesu.
1450 2070 1547 2106 idem
1579 2069 1643 2106 1110
1676 2069 1733 2106 10-

234 2135 360 2182 quitur
396 2136 502 2174 nobis
541 2148 606 2183 per
641 2137 962 2183 concupiscentias
1000 2140 1149 2174 nostras
1181 2149 1274 2184 quae
1314 2138 1448 2174 uiuunt
1482 2137 1519 2173 in
1556 2137 1735 2174 membris

235 2205 388 2243 nostris.
410 2216 477 2242 nec
500 2205 591 2242 dicit
613 2207 708 2253 quod
732 2207 840 2244 1101110
863 2210 1065 2255 tyrannus:
1106 2200 1184 2244 ‘aut
1215 2208 1305 2243 1111111
1329 2209 1545 2254 optempera
1568 2209 1633 2243 aut
1654 2218 1733 2244 mo-

234 2267 338 2314 rere',
377 2286 440 2311 nec
464 2277 629 2311 ostentat
661 2286 827 2312 carceres
870 2278 1021 2312 catenas
1059 2276 1211 2312 uncinos
1249 2275 1460 2321 sartagines
1483 2276 1548 2311 aut
1569 2275 1734 2312 caminos

188 2349 220 2372 ³0
234 2343 415 2383 incensos.
439 2355 511 2380 non
530 2354 655 2380 cruces
674 2343 829 2389 laqueos
847 2346 912 2380 aut
929 2345 1089 2390 gladios.
1109 2345 1173 2381 sed
1190 2346 1359 2381 tantum:
1380 2336 1589 2380 ‘contemne
1604 2343 1734 2390 Deum,

235 2410 407 2447 renuntia
428 2410 528 2447 uitae
552 2411 724 2448 caelestis
749 2412 965 2456 hereditati,
1003 2415 1039 2449 et
1062 2412 1250 2449 committe
1273 2412 1514 2457 adulterium,
1547 2414 1584 2449 et
1605 2412 1733 2459 capies

235 2470 492 2524 uoluptatem'.
532 2480 597 2516 sed
633 2480 812 2526 qualem?
853 2486 1149 2518 momentaneam
1181 2484 1217 2518 et
1248 2480 1413 2527 corporis
1436 2482 1602 2517 tautum:
1641 2481 1731 2528 quot

233 2553 355 2584 autem
379 2548 691 2584 amaritudinibus
715 2548 936 2586 conditam?
981 2549 1135 2586 infamia
1157 2550 1334 2595 periculo,
1359 2559 1471 2594 super
1492 2548 1615 2586 omnia
1642 2559 1727 2585 uero

234 2618 375 2652 secreto
399 2616 647 2653 conscientiae
670 2617 852 2654 cruciatu.
895 2619 985 2654 haec
1008 2620 1065 2654 est
1088 2629 1172 2654 esca
1194 2618 1343 2663 diaboli,
1378 2618 1446 2655 hoc
1467 2619 1727 2655 auctoramen-

190 2688 324 2719 35111111.
349 2683 574 2729 stipendium
602 2697 709 2730 porro
733 2686 840 2732 quale
866 2688 950 2722 est?
984 2686 1082 2722 dicat
1115 2686 1249 2722 maiore
1284 2698 1364 2722 cum
1389 2686 1458 2722 fide
1480 2687 1616 2724 beatus
1638 2697 1729 2732 apo-

329 2852 366 2883 15·
393 2853 463 2884 (jen
505 2854 534 2884 3.
562 2854 591 2886 4,
621 2856 640 2884 f»
