2032 3248
794 240 923 273 Liber
957 239 1028 273 Vll.
1566 240 1647 280 279

172 358 388 407 praestans.
422 356 582 396 sanctus
603 354 712 403 deus,
746 355 889 395 salutis
913 354 1043 406 dator,
1075 353 1356 394 ualetudinum
1378 353 1646 406 pessimarum

169 423 442 476 propulsator,
488 423 712 476 prohibitor
753 424 794 464 et
833 423 1053 472 extinctor,
1101 422 1297 474 serpentis
1338 423 1399 462 est
1438 420 1565 461 forma
1607 422 1647 461 et

168 491 537 543 circumscriptione
579 491 735 541 finitus,
778 503 847 543 per
888 492 1035 531 terrain
1078 491 1260 542 reptans,
1303 500 1423 531 caeno
1463 489 1569 530 natis
1600 488 1646 528 ut

169 560 399 601 uermiculis
437 571 522 600 mos
562 560 641 609 est,
684 559 816 600 solum
856 560 991 600 mento
1022 558 1129 600 radit
1159 560 1201 599 et
1230 559 1408 610 pectore,
1452 556 1646 597 tortuosis

139 647 152 669 ε»
167 628 441 670 uoluminibus
463 641 502 668 se
525 628 706 677 trahens,
739 628 859 680 atque
880 631 926 668 ut
947 639 1112 681 pergere
1133 638 1296 679 prorsus
1318 625 1456 678 possit,
1489 625 1644 677 partem

166 697 225 737 sui
259 700 504 749 postremam
543 696 753 737 conatibus
792 695 936 747 prioris
975 695 1150 736 adducit.
1197 698 1236 735 et
1266 694 1455 746 quoniam
1494 693 1644 747 legitur
1659 693 1708 731 45

167 777 259 806 usus
291 765 391 806 cibis
422 764 566 814 etiam,
608 764 753 816 quibus
784 764 872 805 uita
903 763 944 804 in
975 763 1207 816 corporibus
1237 763 1481 812 inmoratur,
1522 761 1643 803 habet

165 833 324 886 patulas
355 834 501 883 fauces,
534 833 678 885 quibus
712 833 820 873 cibos
852 832 1082 873 transuoret
1112 831 1192 872 oris
1222 830 1402 872 hiatibus
1429 830 1642 882 adpetitos,

163 901 286 942 habet
316 901 616 954 receptaculum
648 901 802 942 uentris
843 902 883 941 et
914 900 983 941 ubi
1015 912 1158 941 mansa
1197 902 1237 940 et
1275 903 1413 939 uorata
1447 899 1644 950 decoquat

121 983 150 1006 10
163 968 330 1018 uiscera,
363 969 529 1021 sanguis
561 968 677 1009 detur
708 970 754 1009 ut
784 969 937 1020 corpori
969 970 1009 1009 et
1040 968 1196 1009 uiribus
1228 967 1520 1021 redintegratio
1547 966 1645 1007 sub·

164 1039 346 1089 rogetur,
389 1037 509 1078 habet
539 1038 579 1077 et
610 1040 811 1078 extremos
851 1038 1059 1087 tramiteS,
1100 1050 1170 1090 per
1201 1048 1299 1090 quos
1329 1035 1523 1077 inmunda
1553 1035 1642 1076 faex

163 1108 227 1146 eat
268 1105 484 1146 auersabili
526 1117 689 1157 corpora
728 1105 921 1147 foeditate
962 1106 1195 1147 deonerans.
1242 1105 1276 1147 si
1309 1105 1466 1157 quando
1507 1104 1643 1145 mutat

163 1174 250 1215 loca
279 1175 319 1214 et
348 1174 397 1214 ab
430 1173 521 1214 aliis
553 1174 783 1228 transgredi
814 1173 857 1214 in
888 1174 990 1214 alias
1011 1174 1193 1227 regiones
1215 1174 1345 1227 parat,
1377 1184 1454 1213 non
1475 1174 1522 1213 ut
1542 1172 1640 1213 deus

162 1242 327 1283 obscure
368 1255 437 1295 per
477 1241 577 1283 caeli
620 1241 755 1283 euolat
795 1241 928 1283 sidera
968 1244 1196 1295 punctoque
1243 1242 1285 1283 in
1331 1240 1526 1294 temporis
1571 1239 1640 1280 ubi

118 1326 146 1350 ιε
162 1322 283 1351 causa
311 1310 581 1362 postulauerit
611 1310 783 1360 sistitur,
816 1311 885 1352 sed
907 1311 1023 1351 uelut
1045 1310 1196 1351 animal
1216 1311 1384 1351 brutum
1406 1309 1641 1350 uehiculum

161 1390 238 1430 quo
270 1379 517 1420 sustineatur
547 1379 662 1431 petit,
694 1379 821 1420 undas
852 1379 985 1432 pelagi
1022 1379 1128 1420 uitat
1158 1379 1278 1432 atque
1300 1379 1346 1419 ut
1367 1379 1481 1419 tutus
1516 1377 1642 1431 possit

161 1447 456 1499 incolumisque
486 1447 696 1499 praestari,
729 1459 819 1488 cum
850 1447 1085 1488 hominibus
1116 1460 1261 1488 nauem
1293 1445 1478 1488 ascendit
1507 1446 1548 1486 et
1567 1445 1639 1486 ille

160 1515 345 1567 publicae
376 1515 566 1556 sanitatis
588 1515 684 1556 deus
707 1514 841 1569 fragili
869 1527 910 1556 se
931 1515 1041 1569 ligno
1063 1515 1103 1556 et
1123 1514 1357 1556 tabularum
1378 1513 1641 1567 compagibus

160 1582 297 1623 credit.
350 1594 429 1623 non
475 1584 721 1625 arbitramur
770 1583 951 1624 euincere
996 1584 1117 1636 atque
1167 1583 1348 1624 obtinere
1393 1594 1464 1623 uos
1508 1593 1639 1635 posse,

114 1665 145 1690 20
160 1651 449 1703 Aesculapium
480 1651 599 1692 illum
630 1651 757 1693 fuisse
787 1652 1027 1704 serpentem,
1059 1652 1138 1693 nisi
1168 1652 1273 1693 hunc
1305 1651 1478 1693 colorem
1499 1651 1640 1691 uolue-

158 1718 248 1759 ritis
294 1719 502 1768 inducere,
550 1721 596 1760 ut
640 1720 682 1760 in
727 1732 901 1774 anguem
947 1719 1094 1762 dicatis
1139 1720 1383 1761 conuertisse
1424 1731 1465 1760 se
1503 1719 1637 1769 deum,

158 1787 371 1838 quominus
411 1788 565 1828 curiose
603 1790 765 1840 possent
803 1789 991 1840 quisnam
1030 1789 1136 1830 esset
1177 1789 1248 1830 aut
1285 1787 1416 1840 qualis
1454 1787 1639 1829 homines

158 1855 318 1895 intueri.
366 1856 469 1907 quod
501 1855 534 1895 si
567 1855 687 1896 fuerit
719 1868 741 1895 a
771 1855 886 1897 uobis
917 1856 1086 1906 dictum,
1119 1868 1240 1908 quam
1272 1855 1492 1897 infirmiter
1522 1855 1639 1896 inua-

158 1923 315 1975 lideque
346 1923 518 1973 dicatur,
550 1923 638 1975 ipsa
669 1936 803 1965 rerum
833 1924 1100 1976 inaequalitas
1126 1924 1332 1966 indicabit.
1376 1924 1410 1964 si
1432 1923 1539 1964 enim
1564 1921 1570 1976 1
1595 1935 1637 1964 se
1650 1931 1671 1964 f.
1690 1933 1752 1964 159

112 1991 254 2032 2569115
286 1991 413 2032 uideri
445 1993 495 2033 ab
525 1991 756 2033 hominibus
779 1992 972 2043 euitabat,
1005 2005 1075 2034 nec
1097 1993 1138 2033 in
1159 1992 1288 2033 forma
1308 1992 1508 2045 serpentis
1529 1991 1636 2033 116116

156 2059 297 2100 debuit
328 2059 526 2111 conspici,
567 2072 658 2100 cum
690 2060 731 2100 in
762 2060 942 2112 qualibet
973 2059 1103 2102 forma
1140 2072 1218 2101 non
1249 2060 1299 2101 ab
1330 2060 1416 2112 ipso
1447 2072 1488 2101 se
1519 2059 1636 2110 alius,

158 2127 226 2169 sed
272 2128 355 2180 ipse
401 2129 503 2168 esset
550 2127 723 2168 futurus.
771 2128 832 2168 sin
874 2131 1012 2169 autem
1053 2128 1280 2169 intenderat
1321 2127 1563 2169 cernendum
1595 2140 1636 2169 se

156 2196 400 2237 (lare—non
423 2196 530 2237 enim
552 2196 693 2237 debuit
714 2197 920 2237 oculorum
940 2208 1086 2250 negare
1103 2208 1145 2237 se
1164 2196 1542 2249 conspectui—cur
1558 2208 1635 2237 non

199 2347 219 2376 ὃ
247 2347 386 2387 reptans
405 2344 492 2378 Sao:
519 2346 677 2387 ctcptans
704 2346 735 2387 (c
754 2346 845 2388 eras)
872 2344 906 2378 P
1062 2345 1082 2377 6
1107 2345 1344 2379 contractibus
1367 2345 1530 2389 Unqerus
1554 2355 1630 2378 cur-

156 2400 294 2434 uatibus
319 2401 336 2434 12
473 2401 493 2433 9
518 2402 551 2433 et
570 2400 659 2434 Sab:
686 2403 726 2434 ut
746 2401 779 2434 P
915 2401 1114 2445 dequoquat
1131 2401 1166 2435 Ι)
1301 2401 1341 2434 11
1368 2402 1530 2436 tramites
1549 2402 1633 2445 Sab,

156 2468 191 2489 r:
217 2457 401 2490 tramuites
427 2457 461 2490 P
594 2458 636 2491 14
660 2457 813 2501 obscure]
839 2457 933 2492 ocius
958 2457 976 2491 ἒ
1114 2458 1156 2490 15
1181 2458 1320 2491 sistitur
1345 2457 1438 2492 Sab:
1463 2458 1582 2492 *ititur
1600 2459 1635 2492 P

154 2513 274 2547 sititur
290 2525 309 2547 r
424 2515 466 2547 125
490 2514 628 2556 fragilis
646 2514 680 2547 P
696 2525 777 2549 corr
897 2514 1123 2558 compagibus
1141 2514 1223 2555 Sab,
1240 2525 1278 2548 r:
1295 2515 1497 2558 compagius
1515 2516 1550 2548 P

152 2570 196 2603 ⁴20
220 2570 426 2614 escolapium
447 2570 480 2604 P
615 2571 659 2603 22
685 2571 868 2613 quominus
892 2571 1026 2605 curiose
1042 2571 1190 2615 scripsi.-
1215 2581 1282 2615 quo
1299 2571 1439 2605 mentiri
1458 2582 1492 2605 se
1511 2572 1545 2605 P

151 2629 293 2669 possent
323 2627 409 2660 Urs.-
441 2637 536 2670 posse
563 2627 595 2660 P
626 2629 739 2669 posset
767 2627 836 2661 Sal>
986 2628 1102 2671 qualis
1133 2628 1220 2662 Urs.-
1253 2628 1371 2670 quales
1397 2629 1432 2662 P
1566 2639 1633 2673 quo

152 2683 290 2716 mentiri
319 2694 353 2716 se
371 2684 488 2726 posset
512 2694 572 2716 nec
598 2683 757 2726 quisnam
783 2686 846 2717 aut
861 2684 975 2728 qualis
992 2687 1135 2728 possent
1152 2685 1308 2718 homines
1326 2685 1452 2720 intueri
1477 2687 1542 2721 Urs
1566 2696 1633 2730 quo

152 2739 291 2772 mentiri
307 2750 341 2773 se
355 2741 470 2782 posset
484 2742 517 2771 vt
530 2739 688 2782 quisnam
703 2743 791 2773 esset
805 2743 865 2774 aut
878 2741 992 2784 qualis
1006 2740 1069 2775 hoc
1082 2741 1197 2775 minus
1212 2742 1343 2776 intueri
1356 2744 1544 2779 Meursius

150 2795 190 2827 24
212 2796 374 2829 dieantur
392 2795 462 2829 Sab
577 2796 621 2828 25
638 2795 735 2829 deus*
754 2797 789 2830 P
902 2797 944 2830 26
961 2797 1120 2840 qualibet
1139 2797 1219 2838 Sub,
1237 2809 1275 2832 r:
1301 2800 1434 2842 qualib,
1456 2802 1491 2834 et
1509 2801 1545 2835 P

150 2850 193 2883 28
218 2860 323 2883 non..
340 2852 553 2894 .conspcctui
573 2851 628 2884 del
651 2852 804 2886 Orellius
910 2856 944 2886 et
965 2863 1032 2887 non
1052 2854 1201 2888 Zz‘vzlctus·
1309 2857 1398 2890 enim
1416 2857 1543 2891 addidi

152 2918 184 2939 se
210 2907 336 2941 addidi
