2032 3248
338 219 421 260 376

383 321 488 354 uetus
526 320 629 353 homo
661 318 813 352 moritur
845 318 923 360 204,
949 318 988 360 6;
1013 318 1091 361 804,

383 367 425 407 2,
461 365 530 400 filii
566 365 629 399 deo
667 365 885 409 generantur
922 365 998 406 706,
1031 365 1091 406 12;

383 412 460 454 819,
488 412 550 453 13;
588 410 684 445 Adae
720 412 755 444 et
780 410 875 444 Euae
900 412 1091 444 renouatur

381 457 537 492 infantia
574 457 605 491 A
632 456 707 499 189,
735 456 795 497 16;
832 456 995 490 diabolus
1030 467 1109 500 op-¹

381 504 549 548 primitur
574 503 652 543 764,
679 503 719 544 9,
745 502 823 544 765,
842 503 882 543 5,
908 498 1108 547 gehennae'

380 550 475 595 ignis
516 549 761 593 exstinguitur
800 548 885 591 374,
926 549 965 590 8;
1013 547 1108 582 sine'

378 595 559 640 baptismo
585 595 631 629 ad
654 605 803 638 regnum
829 594 885 628 dei
909 594 1107 641 perueniri¹

378 642 505 686 nequit
530 642 608 683 140,
637 641 679 676 16
705 652 757 685 sq.
781 640 987 685 baptizatus
1006 651 1106 684 gra=

378 688 468 722 tiam
494 686 611 732 perdit
635 687 709 721 nisi
741 687 982 721 innocentiam
1015 697 1106 723 ser-.

380 735 444 768 uat
476 734 553 776 141,
593 733 633 768 17
661 743 711 777 sq.
753 733 922 778 baptismi
959 729 1106 777 general

377 780 408 815 A
427 780 481 821 72,
500 780 544 813 22
562 790 613 823 sq.
639 779 670 813 A
687 780 742 822 82,
760 779 782 812 5
800 790 850 823 sq.
876 781 907 812 A
923 779 978 821 88,
995 778 1017 812 5
1035 789 1086 822 sq.

376 826 558 870 baptisma
595 825 782 870 sanguinis
825 825 940 859 altera
980 825 1086 858 unius

376 872 549 916 baptismi
586 872 718 915 species
745 875 772 904 A
800 872 853 913 72,
879 871 942 912 28;
974 872 1005 903 A
1030 870 1104 912 87„

377 918 418 960 43
443 918 657 962 martyrium
681 919 758 952 tam
783 928 910 951 corona
928 916 1086 961 appella-

375 966 436 998 tur
453 975 559 1008 quam
576 963 757 1008 baptisma
774 963 806 997 A
824 963 901 1005 210,
920 963 980 1004 12;
1006 973 1084 996 san-

376 1011 496 1055 guinis
528 1010 706 1054 baptismo
738 1009 902 1044 homines
935 1010 1085 1052 possunt

375 1056 550 1101 baptizari
574 1056 605 1090 A
621 1056 676 1097 86,
694 1056 738 1090 29
764 1057 800 1089 et
825 1054 980 1099 gratiam
1005 1065 1084 1089 con-

375 1102 475 1146 sequi
502 1102 578 1144 796,
606 1103 646 1143 3,
684 1103 738 1136 est
762 1102 800 1136 in
826 1101 944 1145 gratia
968 1100 1083 1134 maius

375 1149 453 1190 319,
471 1149 493 1182 5
509 1159 560 1192 sq.
587 1147 647 1182 sed
670 1147 859 1182 haereticis
885 1146 978 1180 nihil
1003 1157 1083 1190 pro-

373 1194 452 1228 dest
477 1194 554 1236 794,
581 1194 642 1236 17;
668 1195 745 1236 653,
773 1194 834 1235 12;
865 1192 1084 1237 baptismata

374 1240 561 1285 sanguinis
581 1241 616 1274 et
633 1251 745 1285 aquae
764 1239 900 1274 domini
918 1238 1083 1283 passione

373 1286 614 1331 praefigurata
651 1286 730 1329 706,
768 1286 830 1327 19;
867 1284 898 1319 A
929 1285 984 1327 87,
1022 1285 1082 1326 18,

372 1333 551 1377 baptisma
576 1333 672 1377 ignis
698 1331 793 1376 quod
813 1331 984 1366 haeretici
1000 1330 1082 1364 offe—

372 1380 457 1413 runt
495 1381 525 1411 A
558 1379 613 1422 89,
651 1378 695 1413 20
731 1388 782 1422 sq.
820 1377 862 1411 de
899 1388 967 1422 quo
1004 1376 1083 1421 agit

367 1422 502 1459 ‘Paulli
537 1423 760 1469 praedicatio’
802 1423 834 1458 A
865 1423 920 1466 90,
956 1423 1011 1457 20.
1037 1442 1081 1447 —-

372 1471 622 1505 infantium
646 1471 892 1516 baptisma:
925 1470 1081 1503 infantes

372 1527 442 1551 non
466 1527 585 1551 reeens
620 1518 724 1551 natos
749 1515 980 1560 baptizandos
1007 1525 1082 1548 esse

373 1563 434 1597 sed
458 1564 553 1597 intra
578 1564 744 1597 octauum
770 1562 864 1596 diem
890 1560 1081 1595 secundum

373 1609 559 1653 antiquam
589 1608 706 1653 legem
730 1608 842 1643 Fidus
876 1607 978 1642 docet
1002 1607 1080 1648 718,

374 1655 394 1689 1
420 1666 472 1699 sq.
510 1654 758 1689 examinantur
791 1655 866 1688 eius
899 1654 950 1688 rei
976 1663 1080 1697 argu-

373 1703 495 1735 menta
520 1701 597 1743 719,
625 1702 667 1735 13
689 1712 738 1745 sq.
766 1700 844 1743 719,
861 1700 907 1734 20
924 1710 975 1743 sq.
1001 1698 1080 1740 720,

372 1747 416 1782 18
435 1757 487 1791 sq.
512 1746 632 1792 gratia
656 1747 813 1791 aequalis
832 1748 868 1781 et
884 1744 1080 1780 maioribus

370 1794 460 1827 natu
486 1794 521 1827 et
551 1793 754 1827 infantibus
787 1792 976 1838 praebetur
1001 1791 1080 1833 718,

370 1839 411 1881 8,
448 1839 526 1881 719,
558 1839 589 1872 6.
620 1860 654 1863 -
685 1839 975 1873 infirmorum
1010 1837 1080 1871 ba-

370 1885 541 1930 ptisma
585 1886 700 1919 instar
734 1884 907 1919 salutaris
945 1883 1080 1918 lauacri

371 1931 511 1965 obtinet
536 1932 614 1974 762,
633 1933 671 1973 3;
696 1931 854 1974 760,15;
881 1930 1016 1972 763,1;
1041 1939 1080 1963 eo

372 1977 520 2021 spiritus
559 1980 701 2012 sanctus
741 1979 839 2012 totus
877 1975 1080 2010 infunditur

372 2023 448 2065 763,
474 2025 513 2065 8,
551 2024 701 2068 spiritus
735 2022 940 2058 immundus
966 2021 1080 2066 expel-

371 2069 461 2103 litur
486 2069 564 2111 764,
591 2071 629 2111 13
669 2070 747 2112 765,
772 2069 811 2111 5;
847 2068 925 2102 ideo
958 2067 1079 2102 clinici

370 2125 439 2149 non
479 2117 564 2149 sunt
603 2115 807 2160 appellandi
847 2115 925 2156 762,
962 2114 994 2148 9.
1034 2134 1080 2139 —

369 2161 702 2196 haereticorum
742 2160 990 2205 baptisma:
1038 2159 1080 2194 de

369 2207 627 2242 haereticorum
664 2207 843 2251 baptismo
881 2207 1012 2250 scripta
1044 2207 1079 2240 et

367 2253 541 2296 rescripta
555 2256 584 2286 A
599 2253 652 2295 70,
667 2253 707 2295 33
722 2253 899 2298 baptisma
916 2252 1079 2287 ecclesiae

370 2309 449 2333 cum
488 2299 676 2333 haereticis
715 2309 898 2333 commune
929 2308 1000 2332 non
1025 2299 1098 2347 est,

368 2344 447 2387 771,
467 2345 528 2387 14;
554 2345 630 2388 795,
649 2346 668 2379 7
680 2360 688 2387 ;
712 2344 882 2379 haeretici
899 2344 1078 2387 baptizare

367 2401 436 2424 non
473 2393 620 2434 possunt
652 2401 726 2425 rem
761 2390 829 2425 sibi
854 2390 1077 2424 uindicantes

366 2446 429 2516 ige
455 2436 771 2517 τίὲἔίεῃὸηίτᾶᾆθῦῠ
783 2436 974 2516 Ρῗῂῗὲᾐῗῗὸ
998 2435 1076 2515 gi}
1095 2443 1097 2463 Ξ

422 2496 429 2523 ;
502 2507 531 2524 ι,
613 2497 620 2525 ;
717 2511 724 2525 ,
781 2497 789 2524 ;
821 2490 830 2516 1
886 2510 892 2524 ,
934 2484 942 2498 ⁶
966 2496 973 2523 3
1069 2509 1076 2523 ‚

367 2527 429 2569 28;
468 2538 588 2562 eorum
628 2529 803 2573 baptisma
827 2528 972 2562 irritum
997 2527 1076 2568 769,

368 2573 433 2614 13,
458 2573 534 2616 770,
562 2576 581 2608 1
608 2574 670 2619 qui
694 2574 731 2608 in
762 2575 944 2618 acceptum
968 2572 1076 2607 refert

366 2629 446 2653 eum
483 2619 571 2663 ipsis
608 2631 644 2654 se
680 2619 860 2654 adiudicat
895 2620 972 2661 813,
1012 2618 1073 2660 17;

366 2675 440 2698 rem
476 2666 665 2700 maximam
704 2665 864 2700 concedit
901 2665 978 2706 786,
1013 2665 1075 2707 21,

367 2710 446 2753 818,
473 2711 512 2752 9,
549 2711 732 2746 ecclesiam
764 2711 815 2746 eis
840 2711 971 2745 tribuit
997 2711 1095 2753 768,‘

367 2756 429 2798 12;
454 2756 618 2791 ecclesiae
642 2758 819 2792 unitatem
844 2756 977 2791 scindit
996 2757 1073 2799 821,

367 2802 427 2843 13,
466 2801 534 2836 duo
570 2802 787 2846 baptismata
819 2802 907 2836 facit
931 2803 1008 2845 772,
1033 2802 1074 2844 5;

366 2847 460 2892 apud
486 2858 543 2882 eos
570 2859 691 2882 uerum
709 2848 886 2893 baptisma
903 2859 974 2882 esse
992 2859 1073 2883 con-

1042 214 1180 249 Index

1176 318 1288 352 sentit
1315 318 1390 360 771,
1424 318 1485 359 14;
1518 319 1595 361 772,
1627 320 1667 361 5,
1703 319 1883 364 baptisma

1177 364 1246 398 erit
1263 365 1467 409 occupantis
1486 375 1555 398 non
1572 366 1788 409 possidentis
1804 366 1880 410 797,

1175 410 1238 452 26,
1277 411 1369 455 quod
1402 410 1616 454 supplicium
1649 414 1791 446 maneat
1823 423 1881 447 eos

1175 457 1236 500 qui
1250 456 1510 491 haereticorum
1524 456 1704 501 baptisma
1718 460 1881 493 asserunt

1175 503 1252 544 784,
1281 503 1343 544 11;
1368 503 1445 544 805,
1463 503 1505 544 8,
1528 503 1790 538 haereticorum
1820 505 1879 539 ba-

1172 549 1304 593 ptisma
1328 548 1528 583 Hieremias
1565 550 1778 595 perstringit
1804 552 1881 594 782,

1174 595 1236 637 21,
1262 605 1299 628 60
1324 605 1387 628 neo
1412 595 1560 628 remissa
1576 598 1800 639 peccatorum
1817 597 1878 631 da-

1171 642 1231 675 tur
1264 641 1341 683 768,
1373 640 1395 674 4
1420 651 1470 684 sq.
1508 641 1586 683 774,
1621 641 1681 683 10,
1714 643 1790 686 782,
1817 644 1881 687 16;

1172 687 1249 729 783,
1277 688 1337 729 13,
1371 687 1448 728 787,
1474 687 1512 729 1,
1548 687 1624 729 791,
1650 688 1682 723 3.
1709 689 1771 730 19,
1803 690 1881 734 792,

1171 733 1233 775 15,
1260 733 1336 775 793,
1363 733 1401 774 7,
1435 733 1512 775 794,
1538 733 1578 775 7,
1609 734 1687 777 815,
1714 734 1775 778 103
1801 736 1879 780 820,

1171 779 1215 813 24
1251 790 1313 813 nec
1351 779 1566 823 spiritaliter
1607 780 1739 825 aliquis
1779 783 1879 817 nasci

1169 827 1287 870 potest
1328 825 1405 866 759,
1438 826 1478 866 8;
1519 825 1596 867 760,
1630 826 1670 868 5,
1707 827 1785 871 769,
1819 829 1880 871 11,

1170 872 1247 913 772,
1274 871 1334 913 12,
1355 871 1433 913 803,
1460 871 1521 913 16,
1554 872 1631 914 819,
1659 873 1677 907 1
1703 884 1754 918 sq.
1795 874 1880 909 hae-

1168 918 1274 952 retici
1292 928 1362 951 non
1379 917 1514 951 habent
1532 918 1695 961 spiritum
1713 922 1875 955 sanctum

1167 963 1267 1006 ibid„
1305 974 1368 997 nec
1406 974 1535 1007 aquam
1560 964 1637 1006 767,
1664 965 1727 1007 143
1753 967 1829 1009 768,
1856 967 1876 1001 1

1169 1011 1232 1043 aut
1257 1010 1374 1044 oleum
1391 1009 1468 1051 768,
1488 1010 1532 1044 13
1558 1011 1780 1046 sanctificare
1797 1023 1877 1057 pos-

1168 1057 1252 1089 sunt
1277 1066 1341 1089 nec
1364 1066 1503 1099 precem
1529 1056 1644 1090 facere
1670 1058 1746 1100 769,
1774 1059 1812 1100 1,
1837 1059 1877 1092 fi-

1167 1101 1228 1135 des
1253 1112 1371 1135 corum
1396 1112 1464 1135 non
1483 1101 1617 1136 sufficit
1637 1103 1712 1145 781,
1731 1105 1771 1146 3,
1797 1105 1876 1148 782,

1168 1147 1229 1189 16;
1254 1148 1332 1190 783,
1358 1147 1398 1189 6,
1422 1148 1499 1186 816.
1525 1149 1564 1189 5,
1589 1149 1667 1190 822,
1695 1150 1713 1183 7
1738 1161 1788 1194 sq.
1814 1161 1877 1185 nec

1167 1193 1393 1227 inuocatione
1429 1194 1585 1228 nominis
1623 1194 1760 1230 Christi
1796 1197 1874 1241 789,

1166 1239 1229 1282 21,
1262 1239 1339 1282 791,
1366 1240 1404 1281 6,
1437 1239 1515 1282 803,
1543 1242 1580 1282 1,
1605 1241 1682 1281 814,
1709 1242 1771 1284 20,
1795 1243 1874 1286 816,

1167 1285 1211 1320 10
1241 1285 1300 1320 1161
1335 1285 1518 1320 trinitatis
1544 1287 1620 1329 781,
1647 1288 1690 1321 19
1716 1299 1766 1333 sq.
1793 1289 1872 1332 815,

1167 1331 1210 1366 16
1236 1331 1278 1365 fit
1302 1333 1432 1366 ratum.
1459 1331 1536 1366 ideo
1562 1334 1624 1377 qui
1649 1333 1693 1368 ab
1718 1334 1873 1368 haereti-

1166 1377 1217 1412 cis
1258 1377 1303 1412 ad
1344 1378 1529 1412 ecclesiam
1571 1380 1721 1414 ueniunt
1768 1380 1871 1424 plene

1164 1423 1342 1468 baptizari
1374 1425 1514 1468 oportet
1539 1424 1616 1467 749,
1642 1426 1681 1468 5,
1707 1426 1783 1469 775,
1811 1426 1873 1469 10,

1165 1470 1243 1512 795,
1263 1470 1326 1511 10,
1350 1481 1476 1504 manus
1501 1470 1683 1515 impositio
1707 1483 1778 1506 non
1800 1472 1873 1506 suf-

1165 1515 1241 1549 ficit
1255 1516 1331 1558 775,
1348 1515 1409 1558 10,
1422 1515 1554 1558 804,16
1567 1518 1637 1552 nisi
1647 1518 1708 1562 qui
1721 1518 1820 1562 prius
1834 1519 1873 1553 in

1166 1561 1315 1595 ecclesia
1351 1561 1527 1606 baptizati
1560 1562 1704 1597 fuerant
1729 1564 1806 1606 760,
1832 1565 1871 1607 3,

1165 1607 1243 1650 772,
1268 1607 1313 1641 20
1322 1622 1331 1649 ,
1355 1607 1433 1650 809,
1461 1608 1520 1650 17,
1557 1609 1789 1654 baptizantur
1814 1611 1872 1645 illi

1164 1664 1232 1688 non
1256 1653 1525 1698 rebaptizantur
1551 1655 1627 1697 771,
1654 1657 1715 1698 17;
1755 1656 1873 1701 bapti-

1165 1700 1238 1734 zati
1264 1702 1348 1733 sunt
1380 1700 1488 1734 etiam
1515 1711 1535 1734 a
1560 1700 1672 1735 Paulo
1705 1713 1791 1746 quos
1816 1703 1872 1737 10-

1164 1746 1299 1780 hannes
1324 1745 1574 1791 baptizauerat
1603 1747 1680 1790 797,
1708 1748 1768 1790 15;
1792 1749 1871 1792 815,

1165 1792 1228 1833 14,
1259 1791 1331 1826 alia
1356 1793 1432 1826 erat
1457 1792 1614 1827 condicio
1639 1804 1757 1828 eorum
1784 1805 1871 1839 quos

1165 1837 1356 1882 Philippus
1406 1838 1574 1873 diaconus
1623 1839 1870 1884 baptizauerat

1165 1884 1242 1927 784,
1271 1884 1331 1925 15,
1357 1884 1434 1926 785,
1462 1885 1500 1926 1,
1525 1885 1764 1921 Romanorum
1788 1897 1872 1921 con-

1165 1930 1313 1964 suetudo
1350 1940 1390 1963 ea
1414 1930 1451 1965 in
1476 1942 1513 1965 re
1539 1930 1634 1965 nihil
1670 1932 1768 1966 ualet
1793 1933 1869 1975 772,

1164 1976 1227 2018 16,
1253 1977 1330 2018 773,
1357 1975 1418 2018 10,
1444 1977 1520 2019 787,
1547 1978 1585 2018 8,
1611 1978 1768 2020 796,17,
1793 1978 1873 2020 800,

1164 2023 1204 2064 8,
1230 2022 1308 2065 801,
1335 2022 1396 2064 16;
1427 2023 1506 2066 806,
1532 2023 1594 2065 22,
1626 2024 1703 2067 822,
1731 2025 1790 2066 18,
1827 2024 1872 2058 ad

1165 2068 1404 2113 apostolorum
1435 2069 1666 2104 traditionem
1690 2072 1871 2104 reuerten-

1163 2114 1247 2148 dum
1272 2116 1326 2149 est
1355 2114 1433 2157 808,
1455 2116 1499 2149 15
1523 2116 1585 2159 qui
1608 2116 1784 2150 neminem
1809 2116 1871 2150 ad-

1162 2160 1338 2195 miserunt
1363 2161 1406 2195 ab
1431 2161 1621 2196 haereticis
1647 2161 1871 2205 baptizatum

1163 2207 1240 2249 787,
1266 2207 1328 2249 21,
1364 2207 1442 2250 801,
1469 2208 1500 2241 1.
1528 2208 1588 2249 12;
1620 2207 1698 2250 813,
1724 2208 1745 2241 2
1782 2218 1871 2252 quos

1162 2253 1395 2287 antichristos
1426 2253 1701 2287 nominauerunt
1726 2253 1802 2295 789,
1828 2253 1871 2295 5,

1163 2298 1334 2343 Cypriani
1360 2299 1538 2333 sententia
1564 2299 1635 2333 iam
1659 2299 1797 2343 pridem
1823 2299 1868 2333 ab

1163 2344 1448 2379 antecessoribus
1485 2345 1700 2389 conprobata
1724 2345 1801 2387 767,
1828 2345 1868 2387 5,

1162 2401 1183 2424 a
1208 2388 1356 2425 coneilio
1394 2391 1459 2425 sub
1498 2391 1696 2435 Agrippino
1742 2390 1867 2425 habito

1161 2436 1238 2479 774,
1281 2437 1324 2471 12
1334 2451 1342 2479 ;
1384 2436 1461 2479 780,
1503 2438 1562 2478 12;
1603 2436 1725 2471 exinde
1765 2437 1869 2471 milia

1162 2482 1422 2517 haereticorum
1462 2482 1742 2527 baptizabantur
1788 2482 1867 2526 780,

1161 2528 1223 2570 15;
1260 2528 1381 2563 eadem
1417 2529 1471 2562 est
1509 2529 1763 2572 antiquissima
1788 2538 1867 2562 con-

1161 2574 1308 2609 suetudo
1333 2575 1371 2609 111
1395 2573 1616 2618 Cappadocia
1641 2575 1719 2617 822,
1745 2574 1789 2608 25
1814 2584 1867 2618 sq.

1160 2620 1238 2663 823,
1266 2621 1303 2662 13
1343 2631 1364 2654 a
1389 2620 1536 2654 concilio
1573 2620 1749 2654 Iconiensi
1786 2630 1865 2654 con-

1158 2666 1309 2711 probata
1347 2666 1424 2707 815,
1461 2665 1500 2707 5,
1541 2666 1593 2700 ibi
1635 2666 1866 2710 baptizantur

1159 2712 1269 2746 etiarn
1308 2712 1369 2755 qui
1402 2711 1445 2745 ab
1483 2711 1657 2755 episcopis
1692 2710 1863 2755 depositis

1160 2759 1243 2792 sunt
1267 2757 1443 2802 baptizati
1467 2757 1543 2799 824,
1561 2758 1591 2792 3.
1635 2759 1757 2791 contra
1786 2756 1862 2791 Ste-

1158 2804 1314 2848 phanus:
1341 2802 1568 2837 abstinendos
1594 2814 1668 2837 esse
1694 2803 1755 2847 qui
1779 2802 1862 2836 hae-

1159 2850 1351 2883 retieorum
1386 2848 1567 2893 baptisma
1603 2860 1672 2883 non
1712 2848 1863 2893 probant
