2032 3248
206 1705 329 1732 collatio
356 1706 410 1732 La—

266 1752 311 1778 tin
316 1751 335 1778 ii
342 1772 347 1777 .

423 259 454 288 X

423 362 548 391 sonae
566 349 699 390 sedem
721 361 843 390 snam
863 360 1080 402 aynoscere
1095 351 1287 400 possunt.
1312 347 1444 390 isdem
1466 347 1549 389 fere
1570 348 1707 390 uerbis
1724 348 1931 390 Veronen-

424 423 480 464 sis
501 424 680 464 aetatem
702 423 893 464 Latinius
914 423 1123 477 praedicat
1145 422 1188 464 in
1205 421 1468 464 Bibliotheca
1490 435 1613 464 sacra
1635 423 1752 465 uelut
1772 436 1811 476 p.
1838 423 1931 474 176,

424 498 526 539 178:
571 498 842 539 Veronensem
872 509 940 550 eqo
969 510 1055 538 non
1084 500 1182 538 ante
1204 500 1431 551 nonyentos
1452 510 1589 538 annos
1609 497 1679 539 sed
1700 500 1798 538 ante
1819 497 1935 539 mille

422 573 624 626 scriptam
653 585 735 614 esse
766 572 1059 622 contenderim,
1088 572 1190 613 item
1220 572 1374 614 Latinii
1401 572 1652 627 biographus
1682 585 1720 626 p.
1752 573 1790 615 3.
1825 573 1934 614 hunc

422 647 603 689 codicem
640 660 663 689 a
699 647 904 689 canonicis
945 647 1248 689 Veronensibus
1291 646 1489 688 cardinali
1531 646 1672 689 Carolo
1709 647 1934 689 Boromaeo

423 721 525 764 dono
558 723 702 763 datum
732 724 773 764 et
793 722 837 763 in
867 722 954 763 eius
985 722 1237 764 bibliotheca
1269 723 1528 764 asseruatum
1559 721 1686 763 fuisse
1716 721 1838 763 testis
1870 723 1933 764 est

421 796 635 838 Manutius
651 797 694 838 in
712 795 1015 851 Orthograpbia
1032 809 1063 838 s.
1082 810 1121 837 u.
1140 796 1305 838 culcita.
1329 808 1432 850 quae
1454 795 1541 838 fata
1562 796 1708 838 deinde
1729 796 1932 847 habuerit,

421 871 493 912 ubi
528 870 697 925 perierit
731 871 937 912 nescimus
974 869 1044 925 (cf.
1074 871 1214 912 Maffei
1245 869 1390 923 Opasc.
1429 870 1560 912 eccles
1597 871 1691 922 106,
1730 870 1933 912 Mabillon

421 945 511 987 Iter
533 945 724 987 italicum
753 943 903 1000 (1687)
932 958 971 999 p.
996 946 1063 997 23,
1095 945 1244 987 Blume
1265 945 1354 987 Iter
1378 945 1567 987 italicam
1596 946 1617 986 Ι
1642 958 1680 998 p.
1704 945 1801 996 556,
1833 945 1931 996 257,

424 1019 538 1075 149).
571 1020 641 1061 sed
670 1020 902 1073 permultae
933 1020 1020 1062 eius
1042 1019 1284 1062 adferuntur
1314 1020 1555 1074 scripturae,
1585 1020 1734 1073 quibus
1754 1019 1936 1073 undique

422 1093 594 1135 conlatis
623 1094 865 1147 plenissima
894 1095 943 1136 (16
964 1095 1112 1136 natura
1140 1107 1187 1137 ac
1215 1095 1372 1136 uirtute
1401 1095 1500 1136 libri
1531 1094 1711 1137 efficitur
1735 1094 1928 1149 cognitio.

422 1181 503 1222 qua
531 1169 573 1210 in
594 1182 637 1210 re
669 1181 763 1210 cum
794 1168 988 1223 Cypriani
1020 1169 1197 1211 editores
1228 1169 1515 1224 neglegentius
1547 1169 1704 1211 uersari
1736 1169 1935 1221 uiderem,

420 1243 463 1284 in
484 1242 618 1285 fontes
648 1243 756 1285 unde
787 1244 1013 1298 scripturae
1035 1244 1132 1286 illae
1155 1244 1362 1285 fluxerunt
1384 1244 1618 1286 accuratius
1639 1244 1933 1298 inquirendum

423 1317 597 1359 decreui.
632 1319 756 1371 atque
786 1318 907 1373 longe
938 1319 1122 1361 maxima
1151 1331 1245 1372 pars
1276 1331 1323 1360 ex
1345 1319 1503 1361 Latinii
1537 1318 1700 1361 scriniis
1731 1319 1832 1373 ipsis
1864 1319 1934 1360 de-

419 1393 614 1447 prompta
631 1393 704 1444 est,
724 1405 771 1433 ex
789 1393 938 1446 quibus
956 1394 1042 1435 eius
1059 1392 1377 1435 Observationes
1392 1394 1660 1435 correctiones
1677 1393 1937 1435 coniecturas

421 1466 470 1508 in
500 1478 641 1508 sacros
671 1469 707 1507 et
732 1467 939 1520 profanos
975 1468 1196 1519 scriptores
1231 1468 1274 1509 in
1305 1468 1460 1509 librum
1498 1468 1569 1521 qui
1590 1468 1745 1510 Romae
1780 1468 1937 1522 prodiit

421 1554 456 1583 a.
500 1541 608 1583 1577
645 1541 908 1583 Bibliotheca
948 1554 1072 1583 sacra
1108 1545 1144 1583 et
1174 1542 1366 1595 profana
1406 1542 1653 1596 inscriptum
1691 1542 1934 1585 Dominicus

421 1616 585 1658 Macrus
618 1616 840 1671 congessit3
885 1616 954 1657 sed
985 1618 1153 1658 tenuem
1183 1617 1226 1658 in
1256 1616 1321 1658 his
1352 1616 1450 1658 libri
1471 1616 1718 1659 Veronensis
1749 1617 1936 1659 inuenies

421 1691 678 1745 memoriam,
713 1691 808 1744 quia
839 1702 918 1732 non
950 1690 1030 1732 nisi
1063 1704 1167 1744 quae
1196 1691 1389 1733 Latinius
1421 1692 1600 1733 secunda
1632 1705 1730 1734 cura
1762 1692 1934 1734 editioni

421 1764 686 1806 Pamelianae
729 1763 879 1821 (1568)
922 1767 1039 1807 notas
1090 1766 1364 1819 adscripscrat
1412 1767 1588 1808 edendas
1631 1766 1704 1808 ille
1745 1767 1928 1809 curabat.

421 1839 542 1880 autea
577 1851 672 1881 uero
709 1839 996 1881 cumviustam
1037 1840 1260 1882 editionem
1301 1840 1531 1891 adornaret,
1577 1841 1733 1883 multos
1775 1841 1933 1883 codices

421 1912 529 1954 inter
550 1924 651 1966 quos
672 1913 949 1955 Veronensem
967 1913 1188 1956 Vaticanos
1209 1914 1533 1968 Neapolitanum
1555 1916 1800 1968 contulerat,
1833 1928 1934 1969 quo—

421 2001 515 2029 rum
536 1987 719 2030 subsidio
741 1988 963 2041 permultis
985 1989 1087 2030 locis
1110 1989 1323 2042 scriptoris
1344 1989 1468 2030 uerba
1490 1989 1740 2044 castigabat,
1762 1989 1932 2045 religio-

422 2062 507 2104 sius
543 2062 586 2104 in
623 2075 668 2104 eo
703 2063 868 2116 negotio
909 2064 1099 2105 uersatus
1142 2076 1267 2117 quam
1303 2063 1374 2116 qui
1411 2063 1638 2105 editionem
1674 2065 1717 2105 in
1753 2065 1933 2107 Manutii

422 2136 586 2178 officina
618 2136 923 2190 inprimendam
958 2138 1177 2187 curabant3
1211 2137 1260 2179 sle
1291 2149 1465 2190 quorum
1499 2138 1672 2180 libidine
1700 2139 1765 2181 his
1795 2139 1934 2181 uerbis

422 2212 609 2265 queritur
639 2211 682 2253 in
712 2212 829 2265 epist.
865 2212 916 2253 ad
945 2212 1126 2255 Masium
1147 2213 1190 2254 II
1221 2226 1259 2266 p.
1295 2213 1395 2254 109:
1429 2210 1494 2253 De
1527 2212 1743 2265 Cypriane
1767 2216 1872 2266 pato
1900 2216 1936 2255 te

422 2286 558 2328 nescio
590 2286 692 2338 qaid
714 2286 991 2338 praeclaram
1019 2290 1265 2339 exspectare,
1296 2287 1365 2330 scd
1393 2289 1585 2342 frastra;
1616 2288 1850 2329 laboratam
1877 2291 1935 2329 est

420 2374 448 2402 a
477 2373 540 2401 me
567 2359 790 2414 diligenter
823 2373 871 2402 ac
901 2374 1066 2402 samma
1094 2361 1187 2415 fide,
1223 2362 1358 2403 malta
1391 2363 1584 2404 restituta
1615 2365 1726 2412 sant,
1762 2362 1936 2403 redditus

420 2435 547 2475 etiam
575 2448 713 2487 paene
750 2434 886 2476 iustas
921 2435 1195 2487 epistolarum
1228 2436 1341 2478 liber.
1387 2436 1678 2478 Verumtamen
1707 2436 1813 2477 mibi
1841 2436 1936 2489 fieri

421 2508 527 2549 satis
555 2521 640 2549 non
666 2511 810 2560 potest,
839 2509 1008 2561 qnando
1037 2510 1305 2561 quorundam
1326 2510 1543 2552 hominum
1566 2510 1740 2552 libidine
1762 2523 1848 2552 non
1869 2513 1935 2551 sat

421 2582 517 2632 scio,
539 2596 597 2623 an
611 2582 848 2634 prudentia
870 2583 1131 2624 commissam
1153 2587 1223 2634 est,
1244 2587 1289 2625 ut
1311 2587 1456 2626 contra
1476 2584 1728 2636 scriptorum
1748 2584 1933 2626 codicum

419 2655 545 2708 fidem
566 2655 779 2697 nonnulla
801 2659 959 2698 retenta
980 2657 1080 2707 sint,
1113 2657 1261 2710 aliana
1283 2659 1409 2700 etiam
1431 2658 1594 2709 addita,
1619 2659 1816 2710 plurima
1836 2670 1933 2699 nero

423 2730 550 2783 (qnod
571 2733 712 2772 tamen
733 2731 789 2772 ad
810 2731 1123 2783 scripturarum
1144 2733 1274 2774 citata
1289 2733 1455 2785 passim
1476 2733 1714 2774 testimonia
1727 2734 1932 2789 pertinet)

423 2804 659 2854 immutata,
694 2808 740 2847 at
776 2819 903 2858 qna-m
935 2806 1030 2858 fieri
1066 2807 1240 2848 minime
1268 2809 1405 2859 posset
1441 2820 1467 2847 a
1504 2807 1683 2861 uulgata
1718 2820 1934 2849 sacrorum

422 2877 665 2920 Biblioreem
697 2880 875 2921 editione
906 2879 1204 2932 discreparent.
1246 2880 1362 2929 Quae
1394 2893 1457 2922 res
1486 2881 1594 2935 fecit,
1627 2885 1672 2922 ut
1703 2895 1753 2922 ne
1784 2895 1933 2923 nomen
