2032 3248
1583 241 1614 275 X
1621 241 1646 274 V

144 358 177 398 si
217 357 306 410 quis
347 355 604 398 dubitauerit
643 357 691 398 de
730 355 903 397 alicuius
942 356 1021 397 loci
1062 357 1277 409 scriptura,
1310 355 1559 398 facillimum
1591 356 1646 397 sit

146 427 276 468 denuo
308 437 401 466 eum
434 425 559 466 adire.

282 494 333 535 In
364 494 445 534 fine
476 494 747 547 praefationis
778 494 897 546 posui
929 493 1170 547 corrigenda
1202 496 1242 535 et
1274 494 1472 536 addenda.
1489 493 1530 549 *)

280 563 319 614 3,
338 562 393 604 23
416 566 510 614 post
541 575 613 604 nos
637 575 743 616 pone
783 575 940 604 comma
1055 564 1342 617 repperiantur
1374 561 1429 620 P]
1462 564 1521 605 sic
1542 576 1647 604 sem-

138 645 217 684 per
260 631 306 673 in
343 631 414 673 hoc
454 632 574 674 uerbo
611 646 635 686 p
665 631 906 686 yeminatnr
1021 632 1060 684 4,
1079 632 1134 674 24
1165 633 1414 675 madidarier
1445 632 1648 674 imbribus

148 699 336 758 Grotius]
370 701 476 742 adde
497 701 602 742 Iani
626 714 884 754 praenomen
1001 702 1040 754 4,
1059 702 1116 744 25
1146 699 1385 758 succedunt]
1410 701 1593 743 accidit?

147 770 185 820 7,
203 770 230 811 2
260 769 389 812 scribe
419 770 572 812 diluuis
689 772 727 824 8,
748 770 799 812 17
832 771 1023 813 cederent
1045 769 1232 812 Zinkius
1347 770 1388 823 8,
1408 770 1460 812 19
1491 770 1650 811 mollis-

146 838 254 881 sima
285 853 309 879 r
424 841 463 891 8,
482 840 538 881 24
568 839 652 880 dele
682 852 775 881 cum
806 838 963 883 Sabaeo
994 851 1070 881 nec
1099 840 1166 882 uel
1194 839 1334 891 potins
1364 852 1428 890 ne,
1460 853 1563 892 quac
1594 842 1651 880 est

144 908 362 961 antiquior
398 908 549 950 codicis
585 908 822 961 scriptura:
864 909 1017 950 scilicet
1047 920 1128 960 pro
1165 908 1410 962 disceptatio
1449 908 1650 960 scriptum

144 980 234 1020 erat
271 977 582 1031 disceptatione.
614 978 826 1019 contrario
855 978 961 1019 uitio
994 977 1088 1024 122,
1105 977 1160 1019 26
1192 977 1373 1031 opinatio
1398 989 1480 1029 pro
1510 977 1649 1029 opina-

145 1046 253 1088 tione
279 1047 372 1098 145,
390 1048 444 1089 23
466 1047 571 1089 ratio
588 1060 670 1099 pro
690 1047 849 1089 ratione
872 1047 967 1098 281,
989 1047 1039 1088 17
1060 1046 1273 1089 festinatio
1292 1059 1370 1098 pro
1386 1046 1650 1088 festinatione

144 1118 255 1157 extat
371 1116 457 1165 9‚4
494 1117 538 1157 in
577 1116 808 1157 rationibus
850 1115 1076 1169 Ganterus,
1126 1114 1206 1158 Urs
1322 1116 1360 1167 9,
1379 1115 1433 1157 29
1471 1115 1649 1156 uectoris

144 1185 423 1226 Hemnannus
542 1186 606 1235 10,
626 1186 651 1227 9
683 1185 796 1226 fouet
827 1184 1107 1226 Hemnannns
1226 1185 1291 1236 lO,
1309 1184 1363 1227 28
1402 1184 1528 1226 scribe
1567 1183 1652 1237 pri-

144 1256 296 1297 mordis
388 1255 523 1305 11,21
557 1254 654 1305 otia,
686 1267 767 1297 non
799 1253 1126 1297 Klussmannus
1246 1254 1312 1305 11,
1332 1254 1386 1296 23
1425 1254 1540 1306 atqui
1571 1265 1651 1295 non

148 1323 233 1365 Sab
352 1323 416 1375 12,
433 1324 487 1365 21
521 1337 615 1366 cum
645 1325 875 1379 aquitanos]
899 1325 1028 1367 scribe
1049 1324 1443 1378 Quinquegentanos
1465 1335 1559 1364 cnm
1580 1322 1650 1363 Io-

144 1393 265 1446 sepho
286 1392 506 1435 Partschio
625 1393 689 1442 13,
716 1393 768 1435 12
798 1393 884 1435 dele
914 1407 1071 1436 comma
1094 1396 1187 1446 post
1209 1393 1268 1435 ita
1344 1436 1347 1439 ,
1387 1391 1451 1442 13,
1474 1391 1525 1433 15
1557 1404 1650 1433 cru-

147 1475 212 1504 ces
255 1461 452 1516 Orellms]
494 1462 619 1503 immo
658 1463 873 1504 Heraldus
997 1464 1063 1514 13,
1080 1462 1136 1504 24
1166 1462 1394 1504 inalbescat
1514 1460 1577 1511 13,
1596 1460 1650 1501 25

146 1530 411 1573 efferuescere
445 1530 794 1586 Elmenhorstius]
837 1532 961 1572 immo
992 1531 1231 1575 Scrinerius
1349 1530 1458 1584 14,3
1488 1531 1650 1583 pertur-

145 1601 311 1643 batione
344 1600 415 1655 (ne
447 1601 557 1656 cras)
680 1601 787 1649 17,2
818 1600 946 1642 scribe
977 1601 1121 1643 hocine
1227 1600 1364 1653 17,17
1397 1612 1482 1640 non
1512 1598 1650 1641 Smin-

147 1670 269 1712 theus
308 1670 378 1711 scd
408 1670 638 1713 Sminthius
660 1669 786 1711 latere
807 1669 976 1711 uidetur
1094 1670 1160 1719 17,
1177 1669 1228 1710 21
1252 1668 1434 1722 auribus]
1459 1669 1508 1710 ab
1530 1669 1651 1710 rebus

151 1738 392 1792 Riqaltius;
413 1739 481 1781 sed
502 1740 554 1792 ef.
577 1739 666 1780 ind.
684 1739 794 1780 norb.
817 1741 853 1779 ct
876 1738 994 1780 locut.
1016 1756 1056 1795 p.
1081 1740 1167 1779 348
1249 1738 1314 1787 18,
1334 1738 1385 1779 21
1405 1736 1648 1789 sententiae]

146 1807 275 1849 scribe
292 1809 489 1849 essentiae
506 1807 553 1859 *;
575 1808 715 1850 eade-m
731 1808 799 1849 uel
816 1806 1039 1848 simillima
1055 1808 1289 1858 corruptela
1305 1809 1416 1848 extat
1435 1807 1500 1855 77,
1522 1806 1572 1848 18
1591 1805 1651 1860 (n.

150 1877 304 1932 infra).
327 1877 423 1930 252,
441 1878 480 1918 3.
511 1877 645 1927 262,4
733 1877 861 1918 scribe
890 1877 1064 1919 hancine
1155 1877 1260 1927 19,7
1294 1888 1383 1917 esse
1416 1888 1459 1916 se
1502 1874 1651 1916 Vahle-

148 1958 255 1997 ηαδ,
292 1945 438 1986 deinde
462 1936 543 1998 pro
574 1949 873 1999 recognoscunt
903 1946 1012 1987 videm
1041 1960 1133 1988 oum
1173 1945 1362 1999 Rsiyaltio
1399 1958 1439 1986 se
1481 1956 1651 1997 cognos-

148 2016 270 2055 cunt:
326 2014 395 2054 sed
447 2015 499 2067 cf.
540 2016 610 2064 25,
629 2017 669 2056 2.
720 2017 788 2062 36,
807 2019 831 2056 6
947 2015 1082 2067 20,17
1132 2014 1308 2056 fixerunt
1355 2012 1538 2054 Orethus

148 2083 214 2133 20,
233 2083 289 2124 24
328 2082 590 2124 uisibilium?
706 2084 846 2134 21,32
887 2084 987 2136 ipsis
1035 2096 1127 2125 cum
1173 2082 1344 2124 Gelenio
1391 2081 1652 2123 scribendum

147 2154 236 2192 crat
338 2152 406 2203 22,
429 2153 479 2194 15
501 2153 651 2207 aliquo]
678 2154 853 2195 articulo
876 2152 1199 2194 Klussmannns
1299 2152 1367 2202 26,
1386 2152 1412 2192 3
1444 2150 1648 2203 informia]

148 2221 312 2263 infirma
349 2221 594 2263 Stezcechius
711 2223 778 2273 26,
801 2223 851 2264 13
888 2223 1068 2277 unguine
1090 2222 1346 2264 sordidatum
1369 2217 1501 2275 Salon]
1526 2220 1652 2260 immo

150 2289 202 2331 P.
238 2289 436 2331 Pithoeus
551 2292 692 2342 26,19
724 2292 874 2345 dignis]
910 2292 1016 2332 diuis
1048 2291 1268 2332 Blemsz'us
1386 2289 1452 2340 27,
1474 2289 1527 2329 22
1565 2288 1654 2329 dele.

149 2371 241 2399 cum
273 2358 461 2400 Heraldo
498 2360 623 2400 uerba
662 2363 754 2413 post
792 2373 968 2412 poenas,
1008 2374 1112 2413 qnae
1149 2373 1198 2401 ex
1236 2358 1518 2411 superioribas
1544 2356 1651 2398 male

150 2427 321 2478 repetita
343 2431 439 2468 sunt
556 2428 622 2478 27,
641 2428 695 2469 28
727 2442 784 2482 sq.
825 2430 951 2470 uerba
981 2432 1021 2471 et
1050 2432 1215 2482 post
1240 2429 1385 2469 iuratis
1415 2429 1651 2478 transponit

152 2495 334 2536 Zinlcins
372 2500 463 2548 post
501 2497 637 2539 dicitis
755 2499 822 2547 28,
845 2500 899 2541 10
934 2499 1171 2540 inferiorum
1214 2497 1396 2538 Zinlcius
1510 2495 1650 2546 29,12

152 2565 322 2606 deorum
353 2566 567 2606 Heralclus
682 2567 750 2617 29,
771 2568 820 2608 17
853 2568 1116 2609 auxiliatibus
1149 2571 1240 2620 (pro
1262 2565 1526 2608 auxiliaribus
1557 2577 1649 2605 cnm

152 2632 387 2684 Stewechio)
418 2635 586 2687 plenum
620 2635 737 2676 nouis
771 2635 953 2677 Zinkius
1068 2637 1135 2688 29,
1154 2637 1208 2677 26
1229 2648 1375 2686 repono
1396 2634 1650 2676 uisceribus:

150 2702 201 2753 cf.
235 2701 324 2742 ind.
359 2703 467 2744 merl).
497 2706 533 2743 ct
556 2704 671 2745 locut.
695 2716 725 2744 s.
749 2718 788 2745 u.
907 2705 1045 2757 30,18
1077 2717 1223 2756 repone
1254 2704 1534 2745 uoluminibus

285 2855 319 2898 ἦ)
346 2857 648 2891 emendationibus
683 2858 782 2891 nouis
809 2858 894 2891 ineis
928 2869 1013 2901 quas
1039 2857 1261 2902 recipiendas
1288 2860 1476 2902 esscgputo
1506 2855 1648 2892 asteris-

154 2921 231 2945 cum
258 2914 415 2956 apposui.
