2032 3248
207 2156 361 2192 Codices.

403 255 439 285 11

405 345 588 398 alioquin
603 344 652 386 de
666 344 851 387 codicum
870 344 1127 400 singulorum
1142 343 1397 397 praestantia
1410 356 1457 386 ac
1469 344 1711 399 cognatione
1728 344 1915 397 quaestio

404 419 564 461 facilior
591 419 665 461 fiat
693 421 816 472 atque
845 419 1091 461 mendorum
1119 418 1566 472 interpolationumque
1595 418 1703 460 nube
1731 417 1917 460 discussa

405 494 636 536 certissima
665 494 735 536 uia
765 493 976 547 scriptoris
1004 493 1184 549 uestigia
1205 494 1246 535 et
1267 504 1506 548 cognoscere
1534 493 1741 546 possimus
1763 493 1805 535 et
1824 505 1918 546 per-

404 570 531 624 sequi.
569 571 632 612 est
662 581 759 611 uero
792 570 927 610 minor
962 582 1132 623 operum
1167 581 1275 622 pars,
1315 568 1450 610 libelli
1485 567 1569 610 fere
1606 580 1745 611 omnes
1782 567 1916 622 priore

404 644 602 686 fasciculo
626 645 740 696 editi,
772 644 843 698 qui
863 644 1162 686 uetustissimis
1183 644 1270 686 illis
1293 643 1502 686 codicibus
1525 642 1781 685 exhibentur.
1815 655 1915 696 quos

402 719 463 760 ibi
484 731 579 761 cum
601 720 723 762 duces
744 719 981 771 habeamus,
1005 719 1081 761 hoc
1101 719 1267 774 negotio
1291 718 1557 774 supersedere
1577 718 1663 760 iam
1685 730 1914 772 possumus,

403 795 451 836 ut
472 794 726 848 reliquorum
763 794 963 846 codicum,
1001 795 1123 848 prout
1159 795 1231 837 aut
1267 794 1502 848 conspirant
1536 793 1645 835 inter
1666 806 1707 835 se
1730 794 1802 835 aut
1834 793 1919 835 dis-

402 870 582 922 crepant,
623 869 804 911 familias
840 869 1144 920 describamus3
1181 882 1279 911 nam
1309 869 1353 911 in
1383 869 1436 911 iis
1466 868 1582 920 locis,
1620 869 1762 922 quales
1796 867 1917 923 pauci

404 945 513 995 sunt,
543 944 614 986 ubi
637 944 888 998 optimorum
909 944 1085 986 testium
1107 944 1260 986 auxilio
1283 944 1479 986 destituti
1500 957 1547 986 ex
1568 943 1740 998 reliquis
1763 943 1915 986 codici-

402 1018 479 1060 bus
507 1018 634 1061 uerba
655 1019 956 1061 constituamus
978 1031 1141 1061 necesse
1162 1020 1237 1070 est,
1268 1019 1409 1061 nullus
1432 1032 1538 1061 unus
1561 1019 1686 1061 codex
1707 1019 1780 1061 aut
1801 1018 1918 1061 nulla

401 1106 483 1135 una
519 1093 706 1135 codicum
742 1093 903 1135 familia
938 1094 996 1136 sic
1026 1107 1124 1147 prae
1160 1094 1305 1136 ceteris
1342 1094 1520 1148 excellit,
1560 1094 1607 1135 ut
1639 1095 1682 1136 in
1717 1093 1918 1149 eligendis

401 1167 632 1222 scripturis,
657 1181 833 1222 quarum
854 1169 970 1211 nulla
990 1180 1071 1210 non
1086 1182 1158 1222 per
1175 1181 1217 1210 se
1235 1169 1338 1211 satis
1360 1168 1587 1223 probabilis
1609 1168 1751 1210 haberi
1771 1169 1915 1223 possit,

401 1253 447 1282 ea
478 1243 724 1285 auctoritate
759 1243 963 1286 iudicium
998 1244 1177 1299 regatur.
1215 1244 1419 1297 epistulae
1455 1244 1595 1285 autem
1632 1257 1726 1285 cum
1763 1256 1916 1298 paucae

399 1317 564 1359 tantum
592 1318 635 1359 in
665 1318 873 1360 codicibus
901 1318 990 1372 pari
1019 1319 1227 1361 uetustate
1260 1319 1542 1361 conmendatis
1572 1320 1744 1371 exstent,
1780 1320 1916 1373 prius-

401 1403 525 1444 quam
547 1393 772 1444 tententur,
795 1394 954 1436 codices
976 1394 1047 1447 qui
1070 1407 1090 1436 e
1107 1394 1256 1447 quibus
1279 1394 1514 1448 archetypis
1535 1407 1607 1448 per
1628 1407 1728 1448 quas
1751 1394 1916 1436 uicissi-

400 1466 565 1508 tudines
607 1468 721 1510 ducti
762 1468 845 1510 sint
886 1470 1076 1511 accurate
1117 1468 1267 1510 debent
1308 1469 1571 1523 circumspici
1607 1470 1648 1511 et
1683 1468 1914 1524 ponderari.

399 1541 688 1595 progredimur
728 1542 859 1597 igitur
894 1542 946 1584 ad
980 1542 1163 1595 primum
1196 1543 1320 1584 huius
1356 1543 1649 1597 disputationis
1688 1545 1823 1596 caput,
1867 1543 1914 1584 ut

400 1615 609 1667 explorata
630 1616 889 1671 singulorum
912 1617 1099 1659 codicum
1121 1619 1271 1660 natura
1292 1631 1372 1672 qua
1393 1618 1552 1661 ratione
1569 1618 1622 1660 ad
1639 1618 1912 1660 emendandos

398 1689 563 1732 libellos
593 1703 693 1744 quos
715 1690 942 1746 Cyprianus
974 1693 1095 1734 uocat
1126 1693 1329 1735 tractatus
1359 1692 1486 1748 uulgo
1516 1692 1742 1746 appellatos
1776 1692 1834 1735 eis
1856 1693 1912 1735 sit

399 1765 599 1807 utendum
621 1778 880 1819 quaeramus.

902 1973 1095 2051 Caput
1135 1973 1415 2051 primum.

455 2139 594 2193 Atque
634 2141 742 2182 inter
783 2153 922 2183 omnes
959 2141 1117 2183 codices
1154 2142 1337 2194 primum
1373 2141 1510 2182 locum
1549 2141 1588 2182 et
1626 2140 1836 2182 uetustate
1874 2140 1915 2182 et

397 2214 638 2269 integritate
660 2215 819 2257 obtinet
841 2216 964 2258 codex
982 2215 1286 2270 SeguierianuS,
1310 2229 1418 2257 nunc
1440 2215 1687 2257 Parisiensis
1709 2229 1748 2256 n.
1775 2214 1912 2257 10592

422 2307 473 2326 -—-
504 2288 645 2343 Suppl.
676 2290 768 2332 Lat.
803 2290 904 2345 712)
935 2309 987 2327 Ξ
1018 2290 1056 2332 S.
1093 2291 1202 2333 hunc
1238 2291 1397 2332 librum
1434 2303 1528 2332 cum
1564 2290 1631 2331 hic
1665 2290 1754 2332 illic
1785 2290 1915 2332 inter-

397 2363 755 2416 polatissimorum
783 2366 831 2406 ut
860 2366 949 2407 erat
984 2366 1142 2407 amator
1177 2365 1380 2407 librorum
1411 2364 1606 2406 Baluzius
1643 2364 1913 2416 adhibuisset,

398 2437 450 2478 ad
483 2438 646 2480 libellos
676 2438 749 2480 IV.
781 2438 831 2480 V.
864 2439 936 2480 VI.
970 2438 1065 2481 VII.
1104 2440 1381 2493 discrepantes
1418 2439 1504 2480 eius
1541 2438 1763 2491 scripturas
1799 2439 1916 2481 tanta

398 2512 661 2567 neglegentia
690 2513 909 2566 adscripsit
930 2513 1166 2568 Krabinger
1195 2516 1349 2567 quanta
1377 2526 1443 2556 eas
1472 2513 1692 2567 diligentia
1713 2526 1759 2555 ex
1781 2514 1916 2556 codice

400 2585 614 2628 Woelfflin
644 2587 928 2641 descripserat,
967 2588 1082 2630 cuius
1111 2589 1171 2631 rei
1199 2589 1242 2631 in
1263 2589 1398 2630 multa
1426 2588 1553 2630 incidi
1585 2589 1783 2642 exempla,
1820 2602 1915 2630 cum

399 2660 661 2704 collationem
677 2662 796 2704 illam
813 2676 936 2716 quam
952 2664 1062 2705 inter
1077 2663 1327 2718 Krabingeri
1348 2676 1472 2704 manu
1494 2662 1647 2716 scripta
1668 2663 1916 2704 bibliotheca

400 2733 657 2778 Monacensis
692 2738 876 2779 asseruat
911 2738 1167 2791 inspicerem.
1206 2738 1294 2791 ipse
1325 2751 1359 2779 a.
1394 2736 1504 2778 1866
1538 2738 1578 2778 et
1611 2737 1720 2779 1868
1742 2737 1915 2778 Parisiis

402 2811 678 2851 commoratus
710 2824 804 2852 cum
836 2812 990 2854 ceteros
1013 2812 1264 2854 Parisienses
1297 2811 1454 2854 codices
1485 2812 1577 2853 tum
1600 2811 1914 2866 Seguierianum

402 2893 565 2924 summa
586 2896 666 2936 qua
682 2885 744 2926 est
761 2885 911 2941 dignus
933 2898 1031 2928 cura
1052 2887 1222 2929 excussi.
1247 2886 1362 2929 cuius
1383 2886 1481 2928 libri
1503 2885 1657 2928 litteris
1680 2885 1911 2928 uncialibus
