2032 3248
382 235 464 278 180
788 234 979 268 Arnobii
1016 234 1229 269 aduersus
1262 235 1474 269 nationes

380 361 481 402 quae
523 348 672 398 fuerat,
711 360 836 401 quam
867 347 1057 390 Valerius
1094 348 1276 401 pontifex
1307 349 1399 390 Iam
1430 349 1592 391 nomine
1623 348 1749 391 fuisse
1784 361 1878 391 con-

379 418 535 467 scribit,
568 417 788 459 exanimati
818 417 960 470 pectus
991 417 1095 458 lanis
1126 416 1385 459 mollioribus
1418 418 1542 469 uelat,
1585 419 1656 460 dat
1687 418 1878 460 lacrimas

381 500 474 529 cum
514 485 690 540 Agdesti
730 485 1007 538 interficitque
1057 497 1099 527 se
1148 486 1299 539 ipsam:
1346 487 1617 540 purpurantes
1657 487 1699 529 in
1748 487 1878 529 uiolas

379 567 496 597 cruor
525 555 701 598 uertitur
730 554 1012 607 interemptae.
1050 555 1182 596 mater
1213 554 1380 596 suffodit
1413 555 1454 596 et
1484 555 1573 596 Iam
1605 556 1740 607 deum,
1772 556 1876 598 unde

378 624 619 679 amygdalus
651 623 835 665 nascitur
865 622 1185 664 amaritudinem
1215 623 1453 678 significans
1481 623 1647 666 funeris.
1694 627 1792 667 tunc
1812 637 1877 666 ar·
1909 643 1922 666 5

378 692 520 734 borem
561 692 726 745 pinum,
766 691 841 734 sub
882 704 962 744 qua
992 692 1108 733 Attis
1150 692 1315 734 nomine
1346 693 1597 746 spoliauerat
1628 707 1671 735 se
1700 694 1803 746 uiri,
1837 694 1877 735 in

378 762 544 804 antrum
577 774 697 803 suum
729 760 863 802 defert
895 760 935 802 ct
965 761 1133 802 sociatis
1161 760 1398 814 planctibus
1428 773 1521 803 cum
1542 762 1717 816 Agdesti
1738 763 1877 804 tundit

378 832 418 872 et
449 830 607 872 sauciat
637 830 780 883 pectus
811 831 1005 882 pausatae
1036 830 1192 872 circum
1223 830 1379 872 arboris
1416 831 1551 872 robur.
1597 831 1783 887 Iuppiter
1813 845 1877 874 ro-

378 903 496 955 gatus
528 899 577 941 ab
601 898 776 953 Agdesti
808 899 854 939 ut
890 899 1006 941 Attis
1043 900 1314 941 reuiuesceret
1344 911 1423 940 non
1453 900 1572 949 sinit3
1603 899 1710 953 quod
1740 902 1877 942 tamen

376 969 465 1011 fieri
496 982 567 1023 per
598 968 730 1010 fatum
760 969 908 1022 posset,
941 968 1026 1009 sine
1057 969 1144 1010 ulla
1174 967 1420 1010 difficultate
1452 968 1671 1020 condonat,
1710 982 1758 1011 ne
1789 981 1923 1012 cor-10

377 1050 453 1091 pus
492 1038 578 1079 eius
615 1037 843 1090 putrescat,
878 1038 1061 1079 crescant
1098 1037 1145 1078 ut
1183 1049 1320 1079 comae
1358 1050 1534 1090 semper,
1575 1038 1800 1093 digitorum
1830 1039 1877 1080 ut

378 1105 696 1148 minimissimus
727 1106 844 1147 uiuat
876 1107 916 1147 et
946 1108 1141 1159 perpetuo
1172 1106 1284 1148 solus
1315 1107 1496 1160 agitetur
1527 1120 1547 1148 e
1569 1109 1695 1149 motu.
1729 1107 1876 1161 quibus

379 1176 619 1217 contentum
639 1175 847 1216 beneficiis
870 1174 1088 1229 Agdestim
1116 1187 1370 1217 consecrasse
1392 1187 1536 1230 corpus
1557 1176 1598 1217 in
1620 1176 1875 1227 Pessinunte,

340 1244 635 1286 Scaerimoniis
667 1244 812 1285 annuis
844 1244 885 1285 et
915 1244 1236 1286 sacerdotiorum
1267 1244 1528 1286 antistitibus
1567 1244 1795 1287 honorasse.
1842 1246 1875 1286 si

377 1314 633 1366 contemptor
670 1312 821 1365 aliquis
858 1312 1076 1354 numinum
1108 1315 1149 1354 et
1180 1313 1370 1367 sacrilegi
1401 1313 1575 1366 pectoris
1615 1314 1876 1356 immanitate
1892 1332 1920 1357 15

376 1382 553 1423 furiosus
584 1381 827 1423 intendisset
857 1382 1045 1423 animum
1076 1382 1319 1423 maledicere
1348 1382 1427 1424 diis
1449 1383 1611 1433 uestris,
1644 1382 1813 1424 auderet
1833 1382 1876 1424 in

377 1463 442 1493 eos
474 1450 694 1503 quicquam
727 1450 893 1504 grauius
926 1450 1057 1491 dicere
1089 1463 1212 1503 quam
1244 1452 1324 1492 ista
1354 1451 1491 1505 prodit
1520 1451 1711 1501 historia,
1752 1464 1876 1505 quam

376 1519 493 1561 uelut
530 1519 726 1572 quiddam
767 1518 956 1561 mirabile
996 1519 1280 1561 commentarii
1317 1520 1550 1561 contulistis
1582 1520 1624 1561 in
1655 1521 1875 1562 formulam

377 1601 434 1639 ac,
466 1600 514 1629 ne
543 1587 662 1628 illam
693 1587 757 1629 uis
788 1588 984 1640 temporis
1015 1590 1056 1629 et
1087 1588 1308 1630 uetustatis
1338 1589 1626 1630 obsolefaceret
1648 1589 1873 1643 longitudo,

255 1665 280 1700 f.
298 1667 361 1697 102
376 1655 665 1710 perpetuitatis
703 1655 706 1710 Ι
743 1655 890 1697 honore
921 1656 1163 1698 mactastis?
1204 1657 1303 1710 quid
1334 1658 1395 1698 est
1425 1657 1535 1699 enim
1566 1658 1615 1699 de
1646 1658 1724 1699 diis
1754 1657 1797 1699 in
1828 1671 1876 1699 ea
1889 1676 1921 1702 20

376 1725 556 1778 positum
588 1724 740 1778 quidue
771 1725 1059 1778 conscriptum,
1092 1727 1199 1778 quod
1231 1738 1323 1777 non,
1356 1727 1391 1768 si
1421 1727 1461 1768 in
1485 1726 1694 1768 hominem
1725 1726 1873 1768 dixeris

375 1794 626 1849 pudibundis
665 1795 848 1836 moribus
887 1795 928 1836 et
966 1794 1196 1848 disciplinis
1227 1796 1524 1837 horridioribus
1556 1797 1792 1846 educatum,
1834 1797 1874 1837 et

376 1863 648 1905 contumeliae
679 1876 772 1905 reus
804 1864 859 1905 sis
892 1867 931 1905 et
962 1863 1124 1906 iniuriis
1157 1866 1199 1906 et
1230 1864 1522 1907 offensionibus
1555 1865 1695 1907 odium
1726 1864 1873 1907 simul-

375 1933 530 1974 tatibus
562 1933 707 1974 subeas
738 1933 1052 1987 inexpiabilibus
1075 1935 1388 1987 comparatum‘?
1419 1947 1465 1976 ex
1487 1934 1705 1987 lapidibus,
1737 1934 1874 1988 inqui-

375 2002 449 2051 tis,
497 2013 595 2055 quos
640 2001 866 2044 Deucalion
909 2001 1082 2044 iactauit
1122 2004 1162 2045 et
1207 2003 1356 2058 Pyrra,
1403 2003 1524 2045 deum
1564 2007 1773 2056 procreata
1812 2004 1874 2044 est
1888 2018 1919 2042 25

420 2217 441 2251 3
467 2217 622 2251 acdestio
642 2217 676 2251 P
784 2218 1023 2261 interficitque
1043 2217 1133 2252 Sab:
1160 2218 1409 2262 interfecitque
1427 2219 1462 2252 P
1565 2219 1635 2252 iam
1653 2219 1688 2253 P
1703 2229 1784 2253 corr

374 2276 624 2318 purpurannes
653 2275 687 2308 P
870 2275 892 2308 4
918 2274 1066 2308 suffodit
1090 2276 1126 2309 et
1149 2274 1226 2309 Iam
1250 2276 1400 2319 scripsi.-
1432 2276 1577 2310 suffodit
1602 2278 1675 2309 etas
1701 2277 1737 2310 P
1769 2276 1873 2310 suffo-

374 2330 428 2366 dit
460 2334 495 2366 et
529 2343 563 2365 se
589 2332 661 2367 Sab
689 2331 835 2366 suffodit
860 2342 937 2365 eam
968 2332 1034 2366 θεῖ
1070 2332 1230 2366 sustollit
1254 2335 1289 2366 et
1314 2333 1439 2376 sepelit
1471 2333 1539 2367 Urs
1572 2333 1719 2367 suffudit
1751 2335 1785 2367 et
1810 2333 1873 2367 has

376 2388 477 2423 Salm
660 2390 681 2423 ἴ)
705 2389 914 2433 amygdalus
941 2389 1034 2423 Sab:
1067 2389 1271 2434 amegdalus
1298 2390 1333 2424 P
1361 2390 1602 2434 ammegdalus
1627 2401 1644 2424 c
1677 2390 1873 2434 ammigda-

373 2446 429 2480 lus
454 2448 482 2480 c‘
622 2447 639 2480 Ῐ
666 2448 785 2480 atrum
810 2447 845 2480 P
869 2457 952 2481 corr
977 2450 1005 2481 ε’
1145 2446 1275 2481 acdesti
1302 2448 1338 2481 P
1473 2450 1495 2481 ὅ
1519 2450 1666 2491 pausata
1684 2448 1784 2482 Salm

374 2504 394 2538 9
419 2503 576 2538 hacdesti
603 2503 641 2545 (h
659 2504 839 2548 eoepwnaeit
857 2508 893 2545 r)
921 2505 955 2538 P
1090 2506 1131 2538 ut
1158 2504 1250 2539 Sabe
1275 2505 1323 2538 tit
1348 2505 1383 2538 P
1517 2505 1559 2539 10
1584 2505 1758 2540 condonat
1785 2505 1873 2540 Sal).-

374 2561 575 2594 condonant
594 2561 629 2595 P
767 2561 810 2594 12
835 2561 863 2605 e]
892 2563 927 2594 et
945 2561 1017 2594 Sub
1035 2571 1090 2595 om
1113 2561 1178 2595 Get
1316 2562 1359 2596 13
1376 2561 1543 2596 acdestim
1562 2562 1598 2596 P
1734 2562 1776 2597 14
1799 2573 1873 2596 cae·

374 2617 520 2651 rimonis
545 2619 581 2652 P
605 2628 686 2652 corr
711 2620 740 2652 ε’
891 2618 1036 2651 aaennuis
1061 2619 1096 2652 P
1241 2618 1512 2653 sacerdotiorum
1537 2619 1684 2662 scripsi.-
1717 2619 1873 2653 sacerdo-

373 2676 451 2708 tum
470 2676 505 2708 P
621 2675 845 2709 antistitibus
865 2674 957 2709 Sab:
981 2675 1148 2709 antistib›
1173 2675 1208 2709 P
1231 2675 1424 2709 intestibus
1443 2675 1543 2710 Salm
1567 2676 1757 2710 antistitiis
1788 2676 1872 2711 Oeli-

373 2743 472 2777 lerus
656 2743 701 2777 20
724 2742 853 2776 honore
879 2742 971 2777 Sab:
1000 2734 1131 2777 honor}
1157 2743 1192 2777 P
1373 2744 1417 2778 23
1441 2744 1589 2778 iniuriae
1616 2744 1687 2779 Sal)
1723 2745 1872 2779 iniurius

373 2800 563 2834 Mem-sias
708 2799 957 2834 offensionibus
982 2800 1153 2835 Zinkius:
1191 2800 1394 2835 offensionis
1420 2801 1455 2835 P
1597 2802 1643 2835 25
1669 2801 1872 2836 deucalidon

374 2858 409 2892 P
432 2868 513 2892 corr
651 2856 818 2892 *iactauit
844 2858 880 2892 P
