2032 3248
328 226 414 269 204
742 222 932 257 Arnobii
961 223 1176 258 aduersus
1205 223 1413 258 nationes

328 341 534 383 tendimus
570 339 776 393 impieque
811 338 1001 392 tractari,
1041 338 1149 392 quod
1179 339 1381 393 scriptum
1412 339 1496 390 est,
1528 340 1635 392 quod
1665 339 1831 382 auditur

328 409 513 464 accipere
542 420 616 450 nec
646 420 787 450 curare
817 407 860 448 in
893 406 1032 449 abdito
1064 407 1163 460 quid
1193 407 1268 460 sit,
1299 419 1393 449 cum
1422 407 1672 450 contumelia
1692 408 1829 450 numi-

327 491 428 520 num
460 489 541 519 non
571 477 616 519 in
646 477 818 519 obscura
849 488 1042 518 sensuum
1071 476 1211 518 mente
1243 476 1314 518 sed
1342 476 1386 517 in
1407 476 1626 518 uerborum
1647 477 1830 519 eminen-

327 547 435 590 tium
466 546 766 601 significatione
803 546 1004 587 teneatur.
1049 557 1096 587 ac
1125 557 1175 587 ne
1206 545 1346 587 tamen
1386 544 1602 587 uideamur
1631 545 1831 599 inspicere

327 616 446 670 quale
477 616 533 657 sit
561 615 676 658 istud
716 614 823 668 quod
863 614 1014 656 dicitur
1043 613 1171 664 nolle,
1214 614 1398 668 primum
1427 614 1536 656 illud
1565 627 1590 656 a
1620 614 1755 666 uobis,
1795 615 1830 656 si
1861 630 1875 654 ⁵

326 684 446 727 modo
491 684 752 727 commodare
797 683 1044 738 patientiam
1089 683 1239 735 uultis,
1292 683 1544 737 exquirimus
1592 683 1829 738 [primum]:

325 753 544 809 allegorico
590 765 737 808 genere
775 752 843 794 uel
883 752 1038 807 scripta
1077 751 1177 794 haec
1217 764 1304 795 esse
1340 752 1407 794 1101
1438 765 1483 794 00
1516 752 1683 794 demum
1712 753 1831 794 modo

325 823 517 878 intellegi
538 822 735 876 oportere,
758 821 866 863 unde
887 821 952 863 est
969 821 1088 862 uobis
1111 821 1327 876 cognitum
1347 820 1416 862 uel
1431 820 1539 863 unde
1560 821 1831 863 intimatum?

324 892 370 934 111
415 891 634 934 0011311111111
679 890 898 943 scriptores
943 889 1194 932 aduocauere
1240 892 1344 932 uos?
1393 902 1444 932 an
1484 890 1577 932 tum
1618 889 1662 931 in
1692 900 1832 931 eorum

324 960 557 1014 pectoribus
587 959 834 1011 latitabatis,
869 972 962 1001 cum
994 972 1067 1014 pro
1099 959 1192 1001 aliis
1223 971 1287 1001 res
1319 958 1421 1001 alias
1442 958 1634 1001 interiore
1654 958 1830 1000 ueritate
1846 973 1877 998 10

324 1030 467 1084 operta
484 1029 743 1071 subdebant?
758 1029 904 1071 deinde
921 1028 956 1071 si
971 1028 1037 1070 illi
1052 1029 1223 1071 rationis
1238 1028 1411 1071 alicuius
1428 1040 1550 1071 causa
1567 1028 1607 1070 et
1622 1027 1831 1082 religionis

325 1099 440 1140 metu
470 1098 668 1152 mysteria
697 1098 771 1140 illa
802 1099 1045 1140 conuoluere
1077 1098 1294 1140 tenebrosa
1324 1097 1574 1139 obscuritate
1594 1096 1831 1148 uoluerunt,

325 1168 525 1221 quantum
556 1167 673 1210 uobis
705 1167 901 1209 audaciae
932 1167 1007 1220 est,
1039 1167 1087 1208 ut
1118 1168 1224 1220 quod
1254 1166 1568 1209 11111101110111111
1596 1178 1669 1208 uos
1690 1165 1831 1207 uelitis

325 1236 585 1290 intellegere,
628 1248 702 1278 uos
743 1236 845 1277 scire
877 1235 918 1277 et
948 1236 1191 1277 cunctorum
1232 1235 1493 1277 substernere
1534 1234 1692 1277 notioni
1724 1234 1832 1288 quod

324 1305 389 1347 illi
428 1304 583 1347 frustra
621 1304 759 1347 uerbis
797 1304 968 1346 minime
1008 1317 1151 1346 uerum
1194 1304 1525 1359 significantibus
1566 1303 1832 1346 occulerunt?
1846 1319 1877 1343 15

257 1369 308 1410 34
326 1374 396 1416 3οᾶ
427 1374 475 1415 111
505 1373 623 1415 uobis
664 1373 946 1415 adsentiamur
975 1372 1019 1414 in
1049 1372 1202 1414 fabulis
1243 1372 1307 1414 his
1348 1372 1540 1415 omnibus
1585 1384 1727 1414 ceruas
1757 1385 1831 1426 1110

325 1442 552 1497 iphigeniis
583 1442 678 1494 (1101,
710 1442 817 1484 1111ᾱο
848 1442 990 1483 tamen
1020 1441 1137 1483 uobis
1168 1441 1312 1495 liquet,
1354 1454 1449 1483 cum
1480 1441 1698 1496 allegorias
1728 1441 1831 1484 istas

325 1512 392 1554 uel
405 1513 621 1567 explanare
637 1511 779 1553 uelitis
794 1511 863 1552 uel
878 1510 1067 1565 pandere,
1086 1510 1227 1552 eadem
1242 1522 1314 1552 1103
1329 1510 1591 1564 interpretari
1609 1510 1831 1564 eademque

325 1582 475 1623 sentire
506 1594 610 1635 quae
642 1580 717 1623 sub
748 1579 889 1621 tacitis
921 1578 1241 1633 cogitationibus
1271 1579 1370 1632 ipsis
1395 1579 1445 1621 ab
1467 1578 1675 1621 historicis
1711 1591 1831 1621 sensa

324 1650 423 1692 sunt
443 1662 518 1692 nec
539 1662 610 1704 per
630 1661 750 1691 uoces
771 1648 968 1702 proprias,
996 1647 1371 1702 significationibus
1393 1648 1464 1690 sed
1484 1647 1578 1689 aliis
1601 1647 1830 1701 explicata?
1843 1664 1876 1689 20

324 1730 396 1760 uos
426 1718 537 1761 Iouis
569 1719 609 1760 et
641 1717 800 1760 Cereris
832 1716 984 1759 coitum
1022 1716 1199 1759 imbrem
1230 1716 1369 1758 dicitis
1403 1716 1563 1758 dictum
1593 1716 1755 1758 telluris
1786 1716 1830 1758 in

325 1788 531 1842 gremium
560 1787 744 1842 lapsum:
775 1786 910 1840 potest
941 1785 1048 1827 alius
1080 1785 1193 1826 aliud
1224 1786 1265 1826 et
1287 1785 1475 1839 argutius
1505 1784 1658 1839 fingere
1680 1786 1721 1827 et
1742 1785 1830 1827 ueri

207 1860 311 1897 f.116
327 1870 420 1899 cum
451 1855 726 1898 similitudine
757 1855 969 1908 suspicari,
1000 1854 1137 1908 potest
1167 1854 1282 1896 aliud
1311 1854 1475 1906 tertius,
1513 1852 1518 1910 Ι
1553 1854 1689 1908 1101031
1718 1853 1831 1895 aliud

324 1925 494 1979 quartus
525 1926 647 1979 atque
677 1925 726 1966 ut
756 1936 798 1966 se
827 1924 1004 1966 tulerint
1031 1923 1290 1978 ingeniorum
1312 1923 1574 1977 opinantium
1595 1923 1828 1976 qualitates,

323 1995 383 2037 ita
423 1994 611 2049 singulae
650 2006 714 2036 res
753 1993 925 2047 possunt
963 1991 1138 2035 infinitis
1179 1992 1590 2045 interpretationibus
1621 1991 1827 2044 explicari.
1844 2010 1875 2036 25

323 2076 417 2106 cum
448 2063 558 2105 enim
589 2062 710 2105 rebus
741 2062 791 2104 de
823 2061 997 2104 occlusis
1030 2061 1163 2103 omnis
1201 2061 1285 2103 ista
1315 2073 1418 2114 quae
1449 2061 1604 2102 dicitur
1633 2060 1830 2115 allegoria

369 2218 390 2252 6
415 2217 570 2262 primum
595 2217 654 2251 del
678 2217 868 2252 Meursius
1005 2216 1025 2250 7
1050 2227 1132 2260 gere
1157 2217 1191 2249 P
1213 2227 1295 2251 corr
1316 2226 1351 2250 m
1373 2226 1390 2250 s
1415 2215 1493 2250 XV
1629 2225 1666 2250 eo
1691 2215 1831 2250 demum

321 2275 454 2319 scripsi
462 2289 473 2308 .·
509 2274 628 2309 eodem
653 2275 688 2308 P
868 2273 890 2308 9
922 2273 1140 2308 aduocauere
1170 2273 1261 2308 uos?
1293 2284 1338 2307 an
1368 2275 1448 2307 tum
1477 2273 1624 2317 scripsi.-
1661 2273 1832 2307 aduocare

323 2343 386 2367 uos
410 2334 532 2366 sutum
556 2332 590 2364 P
611 2331 809 2366 aduocare‘?
841 2341 905 2365 uos
932 2330 1070 2365 scilicet
1094 2332 1172 2365 tum
1198 2330 1270 2365 Sab
1296 2331 1349 2375 (in
1374 2330 1608 2364 consiliumne
1633 2341 1696 2364 uos
1721 2330 1831 2374 scrip—

322 2391 432 2433 tores)
450 2388 687 2423 aduocauere‘?
705 2399 768 2423 uos
787 2388 923 2423 scilicet
940 2391 1018 2422 tum
1037 2388 1106 2423 Urs
1125 2388 1338 2423 aduocauere
1352 2387 1440 2422 uos‘?
1458 2389 1522 2421 aut
1542 2388 1621 2421 tum
1639 2387 1741 2422 Salm

324 2446 368 2481 10
392 2446 560 2481 interiore
584 2446 737 2480 ueritate
762 2447 883 2490 operta
900 2446 1030 2490 scripsi
1036 2459 1048 2479 .-
1072 2445 1166 2480 inter
1183 2445 1335 2480 ueritate
1353 2446 1455 2489 capta
1472 2446 1507 2477 P
1527 2444 1723 2488 intercepta
1739 2445 1830 2478 ueri·

322 2505 397 2538 tate
429 2503 499 2538 Urs
683 2503 725 2538 11
758 2513 860 2537 causa
885 2502 1015 2537 addidi
1200 2503 1243 2537 13
1274 2501 1360 2546 quid
1385 2501 1457 2537 Sab
1638 2501 1775 2535 uellitis
1799 2502 1834 2535 P

321 2570 403 2594 corr
427 2570 448 2594 r
586 2560 630 2594 13
653 2570 700 2604 sq.
727 2559 944 2604 intellegere,
970 2559 1091 2594 uelitis
1116 2559 1305 2594 Meursius
1444 2559 1487 2592 15
1512 2559 1657 2592 minime
1682 2559 1830 2602 scripsi.-

323 2634 441 2668 minus
466 2635 501 2668 P
646 2634 690 2667 16
715 2643 834 2668 cel-uas
865 2632 951 2668 Gel:
990 2643 1109 2667 ceruos
1134 2633 1171 2668 P
1315 2633 1358 2667 17
1383 2605 1538 2677 &geniis
1565 2632 1627 2676 (ph
1652 2636 1686 2667 et
1711 2642 1731 2666 a
1755 2644 1791 2666 m
1814 2643 1831 2666 s

324 2690 419 2735 XV)
444 2692 478 2724 P
609 2691 653 2725 18
678 2690 877 2734 explanatis
903 2690 976 2725 Sab
1116 2689 1239 2724 uelitis
1265 2690 1395 2724 addidi
1533 2688 1692 2733 panditis
1711 2690 1785 2724 Sab

323 2747 571 2792 interpraetari
594 2748 629 2782 P
760 2748 803 2782 19
828 2747 952 2782 30111111
970 2748 1043 2782 Sab
1175 2747 1218 2781 21
1244 2747 1390 2781 caereris
1408 2747 1445 2781 P
1575 2746 1620 2780 22
1644 2747 1719 2780 ueri
1743 2747 1829 2780 mai—

325 2805 378 2839 ori
409 2804 428 2839 ‚2
565 2804 608 2839 23
634 2804 732 2839 aliud
748 2805 878 2839 tertius
896 2804 932 2839 P
1067 2803 1113 2838 24
1128 2804 1288 2838 tulerunt
1308 2804 1344 2838 P
1355 2814 1438 2838 corr
1573 2803 1619 2838 25
1635 2804 1828 2848 interprae-

324 2860 524 2896 tationibus
550 2861 585 2894 P
743 2861 788 2895 26
813 2861 918 2895 1011113
945 2861 986 2895 (10
1010 2861 1139 2905 scripsi
1148 2874 1159 2895 .·
1192 2860 1296 2895 rebus
1322 2861 1357 2894 P
1384 2871 1402 2894 e
1426 2860 1529 2894 rebus
1557 2859 1624 2894 Get
1658 2860 1760 2894 rebus
1785 2859 1828 2894 ab

325 2918 617 2953 Hildebrandius
755 2918 825 2952 ista
849 2928 936 2961 quae
963 2918 1044 2959 Sub,
1068 2928 1107 2952 r:
1139 2918 1226 2962 itaq.
1253 2918 1286 2951 P
