2032 3248
762 227 889 260 Liber
925 227 1001 260 Vll.
1532 230 1613 271 273

195 342 272 384 Sed
318 354 443 394 neque
485 341 588 383 illud
636 354 760 394 aeque
803 354 874 383 nos
920 342 1160 396 negabimus
1199 343 1317 395 scire,
1364 343 1612 396 temporibus
1630 345 1680 382 40

137 409 339 463 quondam
381 409 562 450 ciuitatis
594 410 634 450 et
663 409 908 462 reipublicae
948 410 1080 459 duris,
1120 410 1184 451 uel
1220 423 1322 463 quae
1352 411 1438 452 lues
1470 411 1615 452 infesta

140 477 311 519 faciebat
342 477 529 519 continua
560 478 755 529 populum
788 478 957 531 contage
988 478 1220 527 conficiens,
1254 479 1318 520 uel
1350 491 1451 531 quae
1481 479 1615 520 hostes

139 546 263 588 ualidi
294 548 334 587 et
365 546 415 587 ad
453 546 680 598 periculum
719 546 926 587 libertatis
967 546 1205 588 auferendae
1242 546 1485 598 proeliorum
1526 558 1615 599 pro-

111 614 331 667 ssperitate
361 614 443 655 iam
474 614 660 666 proximi,
693 614 813 655 iussis
845 616 885 655 et
916 615 1083 656 monitis
1119 613 1124 668 Ι
1160 616 1303 656 uatum
1334 615 1616 656 transmarinis
1631 619 1730 650 f.155

138 695 184 723 ex
230 682 423 737 gentibus
475 682 669 734 quosdam
720 683 814 723 deos
861 683 1009 724 accitos
1056 682 1361 736 magnificisque
1406 684 1616 724 honoratos

138 751 302 803 templis
334 754 374 791 et
404 751 484 791 luis
522 750 683 791 sedasse
720 750 977 803 flagrantiam
1010 752 1050 791 et
1080 750 1236 791 uiribus
1267 750 1447 791 hostium
1478 751 1616 791 fractis

138 819 463 871 frequentissime
495 818 795 871 triumphatum
827 820 867 859 et
896 820 1035 859 auctos
1064 819 1224 872 imperii
1244 818 1344 860 fines
1366 819 1617 860 innumeras-

139 899 214 939 que
244 887 473 939 prouincias
505 887 578 928 sub
611 888 723 940 leges
754 886 880 927 uestri
911 887 1104 928 cecidisse
1126 887 1369 928 dominatus.
1403 887 1473 927 sed
1494 898 1618 939 neque

96 956 211 996 iohOC
242 956 421 996 nostram
452 954 739 996 conscientiam
770 954 878 1008 fugit
909 955 1062 995 lectum
1090 956 1130 995 et
1152 955 1342 1007 positum,
1376 954 1504 995 ictum
1527 967 1617 995 cum

140 1025 243 1065 esset
273 1023 522 1076 Capitolium
561 1023 731 1064 fulmine
769 1024 979 1075 multaque
1020 1023 1061 1063 in
1097 1022 1172 1063 hoc
1209 1023 1309 1072 alia,
1356 1022 1464 1063 Iouis
1495 1022 1616 1063 etiam

138 1092 414 1140 simulacrum,
447 1090 612 1132 sublimi
642 1091 748 1143 quod
779 1091 820 1131 in
852 1091 1028 1131 culmine
1051 1091 1198 1140 stabat,
1230 1090 1314 1131 suis
1335 1102 1420 1131 esse
1441 1090 1491 1131 ab
1513 1089 1617 1130 sedi-

138 1160 214 1201 bus
258 1160 531 1212 prouolutum.
581 1171 817 1211 responsum
862 1159 1006 1200 deinde
1047 1159 1095 1199 ab
1137 1158 1418 1211 haruspicibus
1450 1158 1617 1206 editum,

138 1241 200 1270 res
231 1241 394 1270 scaenas
425 1227 760 1279 tristissimasque
791 1227 975 1280 portendi
1007 1227 1057 1267 ab
1089 1226 1299 1277 incendiis,
1338 1225 1537 1275 caedibus,
1567 1225 1616 1266 ab

96 1312 124 1335 1³
139 1298 276 1350 legum
307 1296 474 1338 interitu
505 1298 544 1337 et
580 1295 629 1336 ab
664 1295 763 1336 iuris
799 1307 958 1345 occasu,
991 1294 1166 1335 maxime
1201 1295 1339 1335 tamen
1374 1294 1422 1335 ab
1459 1294 1618 1334 domes-

138 1366 232 1407 ticis
266 1365 450 1406 hostibus
488 1366 608 1417 atque
639 1365 687 1405 ab
720 1364 847 1416 impia
886 1363 1186 1404 coniuratorum
1218 1376 1352 1405 manu.
1401 1364 1469 1404 sed
1510 1363 1617 1404 flecti

138 1434 235 1475 haec
266 1445 393 1487 posse,
427 1433 551 1473 immo
583 1432 704 1473 aliter
734 1431 933 1484 publicari
965 1431 1159 1473 scelerata
1189 1443 1267 1472 non
1298 1442 1410 1483 posse
1441 1430 1620 1475 consilia.

138 1502 214 1543 nisi
260 1502 443 1554 Iuppiter
489 1512 628 1542 rursus
668 1499 812 1541 altiore
852 1499 893 1540 in
933 1499 1109 1540 culmine
1154 1499 1343 1552 figeretur
1383 1498 1615 1540 orientalem

138 1583 354 1612 conuersus
385 1570 434 1610 ad
466 1569 673 1610 cardinem
705 1567 910 1619 radiisque
942 1567 1147 1620 oppositus
1168 1566 1278 1608 solis.
1309 1566 1488 1607 adfuisse
1510 1566 1617 1608 dicto

95 1639 279 1680 2of1dem:
313 1651 406 1679 nam
438 1637 623 1678 subrecto
654 1636 833 1677 culmine
865 1647 1135 1687 conuersoque
1166 1635 1216 1676 ad
1246 1634 1372 1676 solem
1401 1635 1517 1688 signo
1547 1647 1620 1687 pa-

138 1707 264 1748 tuisse
295 1719 356 1747 res
388 1705 546 1746 abditas
578 1706 617 1745 et
648 1705 824 1745 reserata
856 1703 895 1744 in
927 1703 1126 1744 maleficia
1156 1703 1423 1744 uindicatum.

195 1774 358 1815 Habent
380 1772 542 1825 quidem
564 1771 749 1812 miraculi
771 1771 945 1824 speciem
967 1795 1020 1800 —
1037 1771 1262 1823 quinimmo
1283 1770 1429 1812 habere
1453 1772 1619 1812 credun-
1636 1776 1682 1814 41

139 1852 206 1883 tur
225 1866 281 1871 —
302 1843 445 1882 cuncta
475 1840 554 1880 ista
583 1852 685 1891 quae
715 1839 825 1879 dicta
854 1840 960 1888 sunt,
993 1839 1026 1879 si
1059 1838 1118 1879 ita
1148 1839 1194 1879 ut
1219 1842 1314 1879 sunt
1334 1839 1521 1890 prompta
1542 1838 1616 1878 hu-

141 1923 305 1952 manum
337 1909 499 1950 ueniant
529 1908 578 1948 ad
601 1907 800 1956 auditum,
834 1918 905 1947 nec
933 1906 1157 1947 diffitemur
1178 1906 1307 1947 inesse
1327 1906 1390 1946 his
1412 1905 1617 1958 quiddam,

95 1979 245 2031 2⁵quod
277 1979 317 2019 in
348 1977 479 2029 prima
509 1975 688 2028 positum
720 1975 1064 2027 quemadmodum
1096 1974 1246 2015 dicitur
1268 1974 1400 2014 fronte
1423 1973 1617 2026 perstrin-

141 2061 233 2102 gere
253 2059 367 2089 aures
390 2045 515 2099 possit
537 2046 576 2086 et
597 2044 784 2085 ueritatis
807 2043 1079 2084 similitudine
1102 2043 1405 2084 circumuenire.
1439 2043 1614 2083 ceterum

141 2118 174 2157 si
204 2117 364 2169 penitus
397 2114 542 2154 intueri
575 2125 635 2154 res
667 2113 816 2160 factas,
856 2123 1043 2163 personas
1075 2114 1114 2151 et
1144 2122 1405 2162 personarum
1443 2110 1619 2151 uolueris

142 2184 387 2232 uoluntates,
420 2183 522 2223 nihil
554 2194 638 2223 esse
671 2181 844 2232 reperies
876 2180 954 2220 diis
985 2179 1155 2232 dignum
1187 2180 1239 2228 et,
1273 2178 1377 2230 quod
1400 2189 1515 2229 saepe
1537 2176 1617 2218 iam

141 2254 295 2295 dictum
342 2254 418 2299 est,
465 2250 570 2302 quod
608 2250 658 2290 ad
695 2248 816 2288 huius
864 2247 1039 2288 nominis
1082 2246 1256 2300 speciem
1297 2245 1619 2298 dignitatemque

106 2338 127 2357 ,υ
142 2321 350 2362 referatur.
399 2319 488 2371 quis
520 2319 581 2358 est
613 2318 720 2358 enim
752 2316 930 2367 primum
954 2315 1021 2367 qui
1044 2315 1164 2355 deum
1186 2314 1303 2354 illum
1326 2312 1450 2353 fuisse
1471 2312 1616 2354 credat.

141 2390 209 2441 qui
254 2387 509 2430 currentibus
555 2386 702 2426 frustra
751 2385 1016 2424 delectaretur
1060 2384 1063 2435 Ι
1101 2381 1249 2423 eculeis
1295 2381 1535 2432 auocarique
1581 2393 1620 2420 se
1636 2387 1758 2420 f.155¹³

275 2501 442 2542 :io-274,
471 2502 519 2534 11.
550 2500 589 2532 14
616 2514 655 2526 Ξ
681 2498 758 2539 277,
788 2498 918 2531 14——25
1011 2496 1086 2537 277,
1112 2495 1278 2535 2‹;-27s‚
1306 2494 1346 2527 13

189 2607 204 2638 1
232 2604 436 2647 negabimus
463 2603 551 2636 Sal).-
586 2600 789 2644 negauimus
817 2600 849 2632 P
963 2599 984 2631 2
1008 2596 1159 2641 quodam
1183 2596 1218 2629 P
1241 2605 1321 2629 corr
1438 2594 1509 2627 lucs
1528 2594 1619 2627 Sub:

144 2661 211 2694 luis
230 2661 263 2693 P
354 2662 374 2689 S
391 2658 613 2693 triumfatum
635 2657 666 2689 1¹
759 2656 799 2688 14
819 2665 956 2688 scaenas
976 2653 1178 2687 Meurm‘us:
1197 2662 1317 2685 saeuas
1336 2651 1370 2684 P
1463 2650 1503 2684 17
1517 2650 1621 2693 prius⁴

147 2729 239 2760 posse
263 2718 320 2751 dez
345 2717 531 2750 Mem-sius
650 2715 691 2747 19
715 2713 833 2747 solis„
861 2714 894 2745 Ρ
994 2712 1038 2744 20
1062 2710 1226 2753 subrepto
1246 2709 1318 2742 Sab
1409 2708 1452 2742 24
1479 2708 1618 2740 ueniant

146 2775 226 2813 Sab,
253 2786 289 2807 r.-
316 2774 437 2807 ueniat
462 2776 495 2805 P
612 2773 655 2804 :255
679 2771 878 2803 uoluntates
904 2769 993 2802 Sub:
1026 2768 1223 2810 uoluptates
1251 2767 1284 2799 I’
1397 2764 1441 2798 29
1467 2764 1618 2797 numini.—

146 2831 331 2866 ,marsius
468 2830 505 2862 331
537 2828 743 2870 auocarique
768 2825 970 2859 lleraldue:
1003 2824 1204 2867 euocarique
1230 2823 1263 2856 P

284 2898 340 2931 lV.
1445 2891 1486 2923 15
