2032 3248
385 209 465 250 198
789 206 981 241 Arnobii
1013 207 1228 241 aduersus
1261 207 1472 241 nationes

382 323 544 364 animus
575 322 695 373 scire,
728 322 876 375 quibus
907 321 1000 363 sitis
1032 321 1205 374 eloquiis
1236 324 1324 363 tam
1354 322 1586 375 periculosa
1615 323 1779 377 negotia
1809 325 1878 364 de-

382 392 549 443 fensuri,
581 393 649 433 uel
678 391 837 433 artibus
867 390 1054 432 habeatis
1085 390 1234 443 quibus
1264 392 1351 431 tam
1373 390 1567 432 confossis
1588 391 1765 432 salutem
1787 391 1881 434 dare

380 461 565 516 personis
596 459 664 502 uel
694 459 815 502 rebus
848 460 969 513 atque
1000 460 1144 502 causis.
1186 471 1265 501 non
1297 461 1359 502 est
1388 460 1470 501 ista
1499 460 1605 501 falsa
1635 459 1881 514 subscriptio

380 543 453 572 nec
483 529 687 572 delatione
717 529 958 582 adpetimini
990 529 1255 571 calumniosa.
1300 528 1608 570 Eleusinioi-um
1649 531 1879 571 uestrorum

380 600 501 641 notae
532 599 630 641 sunt
659 598 834 652 origines
864 598 1027 652 turpes:
1059 598 1237 651 produnt
1266 599 1306 639 et
1327 598 1591 651 antiquarum
1612 599 1745 652 elogia
1764 598 1880 640 litte·
1911 614 1926 637 5

380 681 530 722 rarum,
562 667 651 721 ipsa
681 668 855 721 denique
894 667 1081 721 symbola
1123 679 1226 721 quae
1263 667 1399 721 rogati
1429 678 1638 708 sacrorum
1666 667 1709 708 in
1740 679 1879 721 accep-

380 737 562 780 tionibus
600 736 853 790 respondetis
892 731 1088 778 ‘ieiunaui
1126 737 1248 790 atque
1280 735 1390 777 ebibi
1420 748 1657 790 cyceonem:
1702 749 1748 778 ex
1779 738 1878 779 cista

379 807 536 860 sumpsi
566 806 608 848 et
636 806 679 848 in
711 806 920 848 calathum
950 805 1067 847 misi:
1100 805 1237 859 accepi
1268 817 1421 856 rursus,
1454 806 1498 846 in
1521 805 1714 847 cistulam
1744 806 1878 848 trans-

313 875 364 916 27
379 872 486 918 tuli’.
533 887 700 931 ergone,
739 876 787 916 ut
826 876 1021 929 promunt
1060 876 1202 917 sancta
1231 874 1306 916 illa
1336 875 1459 927 atque
1490 886 1637 916 arcana
1667 875 1876 928 mysteria,

378 946 597 999 rapiuntur
625 945 667 986 et
695 944 861 997 rapiunt
890 943 949 985 dii
979 944 1120 995 uestri,
1153 943 1420 985 matrimonia
1448 943 1643 996 copulant
1664 943 1877 985 fraudibus
1894 960 1925 983 10

378 1014 561 1069 adpetita
591 1013 769 1065 furtiuis,
802 1013 851 1055 ab
882 1011 1205 1066 repugnantibus
1236 1013 1276 1054 et
1305 1012 1449 1054 inuitis
1481 1012 1601 1054 decus
1622 1013 1876 1066 uirginitatis

378 1083 563 1137 eripitur,
594 1082 856 1125 imminentes
888 1081 1126 1123 nesciuntur
1155 1081 1342 1131 iniuriae,
1383 1080 1580 1134 quidnam
1611 1082 1740 1134 raptis
1771 1082 1876 1123 acci-

378 1152 484 1194 derit
513 1152 753 1207 ignoratur,
786 1150 940 1192 amissa
970 1152 1171 1203 quaerunt
1201 1151 1249 1191 ut
1284 1149 1467 1191 homines
1498 1151 1540 1192 et
1571 1149 1644 1192 sub
1677 1151 1759 1191 sole
1791 1151 1877 1193 cla-

377 1222 540 1264 rissimo
582 1234 675 1263 cum
715 1219 891 1261 lucernis
921 1220 962 1261 et
993 1218 1153 1260 facibus
1194 1218 1303 1260 orbis
1343 1219 1564 1274 peragrant
1604 1219 1876 1260 uastitatem?

377 1290 639 1341 adficiuntur,
662 1290 917 1344 aegrescunt,
949 1287 1183 1343 lugentium
1205 1289 1377 1330 sumunt
1398 1288 1535 1331 sordes
1557 1289 1598 1330 et
1617 1288 1876 1330 miseriarum
1889 1305 1920 1329 ιε,

376 1359 575 1414 insignia,
618 1360 739 1412 atque
770 1358 818 1399 ut
847 1357 1033 1399 animum
1064 1358 1321 1399 commodare
1362 1357 1569 1399 alimoniis
1599 1359 1758 1412 possint
1788 1358 1876 1400 uic-

375 1429 518 1482 tuique
559 1427 774 1479 sumendo,
816 1440 897 1469 non
937 1427 1062 1478 ratio,
1104 1439 1185 1469 non
1225 1427 1408 1480 tempus,
1452 1439 1532 1468 non
1563 1439 1696 1469 sermo
1727 1427 1875 1480 aliquis

376 1498 594 1540 adhibetur
622 1496 761 1551 grauis
792 1498 864 1538 aut
894 1495 1132 1538 adfabilitas
1153 1496 1272 1545 seria,
1305 1496 1375 1537 sed
1396 1496 1642 1550 propudiosa
1663 1508 1876 1550 corporum

239 1573 261 1607 s.
278 1574 361 1607 nab
375 1567 629 1609 monstratur
664 1564 669 1621 Ι
705 1564 931 1609 obscenitas
961 1565 1296 1618 obiectanturque
1327 1566 1464 1618 partes
1491 1565 1588 1606 illae
1619 1577 1719 1619 quas
1747 1565 1876 1618 pudor

376 1636 603 1678 communis
643 1635 905 1689 abscondere,
954 1647 1053 1688 quas
1093 1635 1294 1676 naturalis
1333 1634 1601 1677 uerecundiae
1640 1634 1705 1675 lex
1746 1634 1872 1685 iubet,
1889 1651 1922 1675 20

374 1717 473 1759 quas
511 1705 618 1746 inter
655 1717 774 1746 aures
813 1707 947 1746 castas
977 1703 1064 1745 sine
1102 1704 1224 1745 uenia
1261 1703 1375 1745 nefas
1407 1704 1470 1745 est
1502 1715 1548 1744 ac
1583 1703 1671 1744 sine
1711 1703 1873 1744 honori-

354 1774 449 1815 ·bus
499 1774 707 1827 appellare
756 1773 964 1826 praefatis⁴
1024 1773 1221 1826 quidnam
1270 1784 1416 1826 quaeso
1468 1771 1713 1826 spectaculi,
1775 1772 1874 1824 quid

372 1843 415 1884 in
445 1842 645 1896 pudendis
676 1842 758 1884 fuit
788 1843 846 1885 rei
874 1842 1140 1896 uerendisque
1170 1842 1389 1893 Baubonis‚
1421 1842 1528 1895 quod
1557 1841 1726 1883 feminei
1757 1853 1873 1882 sexus

373 1912 493 1954 deam
534 1913 575 1954 et
615 1912 822 1954 consimili
861 1911 1081 1953 formatam
1122 1911 1306 1953 membro
1338 1911 1382 1952 in
1423 1910 1738 1953 admirationem
1779 1922 1872 1953 con-

418 2083 437 2116 1
463 2084 537 2116 tam
562 2081 637 2117 add
660 2092 679 2117 c
847 2081 870 2118 3
897 2081 954 2116 uel
977 2081 1080 2116 rebus
1104 2082 1252 2125 scripsi:
1284 2081 1492 2116 uulneribus
1518 2081 1554 2116 P
1688 2082 1758 2115 ista
1789 2081 1872 2115 Get.-

371 2139 424 2174 ita
440 2140 476 2174 P
568 2138 781 2183 subscriptio
800 2139 920 2174 Salm:
937 2139 1113 2183 susceptio
1127 2138 1164 2173 P
1181 2139 1355 2182 suspectio
1372 2139 1524 2183 Lipsius
1541 2138 1693 2183 suspicio
1715 2138 1782 2173 Urs

371 2198 393 2232 5
416 2198 521 2231 notae
545 2199 628 2231 sunt
652 2197 803 2240 scripsi.-
838 2198 939 2230 notas
964 2198 1000 2230 et
1025 2196 1061 2230 P
1219 2198 1358 2240 turpes:
1383 2196 1539 2240 produnt
1563 2196 1712 2240 scripsi:
1743 2196 1872 2240 produ-

371 2256 455 2289 cunt
486 2256 608 2298 turpes
634 2254 670 2288 P
708 2253 864 2298 produnt
895 2254 1000 2288 urbes
1024 2254 1084 2288 uel
1124 2254 1278 2298 produnt
1306 2256 1427 2298 turpes
1453 2254 1679 2298 antiquarum
1711 2253 1779 2288 Urs

369 2311 632 2346 Eleusiniorum
664 2313 862 2346 uestrorum
894 2313 996 2346 notae
1029 2312 1089 2346 uel
1120 2313 1226 2345 notas
1260 2313 1295 2345 et
1328 2311 1483 2356 origines
1515 2311 1706 2355 producam
1740 2311 1870 2345 Meur-

368 2370 445 2404 sius
582 2371 617 2403 et
642 2380 698 2404 om
722 2369 791 2404 Urs
929 2369 950 2403 6
974 2368 1148 2413 deniquae
1173 2369 1209 2403 P
1345 2369 1481 2412 rogatis
1507 2369 1543 2403 P
1565 2378 1647 2403 corr
1786 2368 1805 2402 7
1831 2379 1870 2402 ex

370 2427 460 2461 cista
475 2427 524 2461 H.
544 2426 700 2461 Iwnius:
725 2425 838 2460 excita.
854 2426 891 2460 P
1073 2425 1095 2460 8
1111 2437 1242 2467 rursus,
1268 2436 1389 2459 rursus
1412 2425 1482 2460 Urs
1664 2426 1685 2460 9
1702 2427 1870 2469 promunt

370 2482 461 2518 Sab:
490 2487 646 2528 pronunt
663 2484 699 2518 P
870 2484 913 2518 11
930 2483 1063 2517 furtius
1082 2483 1118 2518 P
1133 2494 1215 2518 corr
1393 2494 1413 2517 a
1431 2482 1502 2517 Sab
1686 2483 1729 2516 13
1748 2482 1868 2516 amissi

376 2540 439 2575 Gel
578 2542 752 2585 quaerunt
776 2540 866 2576 Urs.-
892 2541 1109 2585 quaeruntur
1126 2540 1162 2574 P
1185 2542 1382 2583 queruntur
1401 2540 1557 2575 Zinkius
1696 2539 1739 2574 14
1756 2539 1867 2573 uasti-

369 2599 480 2632 tatem
498 2598 592 2633 Sab:
617 2598 788 2633 uastitate
805 2598 840 2633 P
978 2598 1023 2632 15
1044 2597 1251 2632 miserorum
1274 2597 1343 2632 Urs
1481 2597 1522 2631 17
1548 2603 1611 2631 non
1635 2596 1726 2630 ratio
1744 2597 1780 2630 P

369 2665 483 2689 sermo
508 2655 592 2696 Sab,
610 2666 650 2689 r.-
675 2666 749 2689 sero
774 2655 810 2689 P
946 2655 992 2689 20
1016 2654 1115 2700 quas]
1142 2656 1248 2698 atque
1279 2655 1348 2689 Urs
1484 2654 1529 2688 22
1554 2654 1743 2698 spectaculi
1774 2653 1868 2688 Vah-

368 2712 491 2746 lemcs:
523 2711 561 2745 in
585 2712 740 2756 specuali
764 2712 801 2746 P
823 2712 861 2746 in
886 2722 990 2756 specu
1015 2712 1083 2746 tali
1109 2711 1182 2747 Sab
1209 2712 1409 2756 spectaculo
1435 2712 1472 2745 in
1496 2711 1565 2745 tali
1589 2711 1658 2746 Urs
1681 2711 1720 2745 in
1746 2712 1866 2754 spectu

368 2769 436 2803 tali
462 2768 679 2804 Scewechius
714 2769 752 2803 in
777 2779 881 2813 specu
906 2769 994 2803 anili
1017 2769 1172 2803 Zinkius
1337 2769 1381 2803 23
1405 2768 1455 2803 rei
1479 2768 1711 2813 uerendisque
1737 2768 1868 2803 Stewe-

368 2827 488 2862 chius:
516 2827 784 2871 reuerendisque
809 2827 845 2861 P
868 2826 1097 2870 uerendisque
1128 2826 1308 2862 Canterus
