2032 3248
352 229 433 271 268
761 226 955 262 Arnobii
985 227 1199 262 aduersus
1231 227 1437 262 nationes

349 343 465 385 nulla
496 344 550 385 sit
581 343 759 396 corporis
791 342 1170 397 circumscriptione
1200 342 1354 394 finitus,
1386 344 1486 396 agat
1510 342 1665 396 aliquid
1695 355 1747 384 an
1771 354 1851 384 non

350 415 466 466 agat,
512 411 711 466 uigiletne
756 412 949 465 perpetuo
994 424 1047 453 an
1093 412 1312 465 aliquando
1358 411 1541 453 soluatur
1584 411 1628 452 in
1673 422 1849 463 somnos,

349 482 484 522 currat
522 480 660 522 sedeat
697 480 882 522 ambulet
913 492 964 521 an
995 480 1046 521 ab
1077 479 1313 522 huiusmodi
1342 480 1525 522 motibus
1557 480 1598 522 et
1627 480 1851 523 cessatione

349 550 403 591 sit
442 549 565 599 liber,
612 550 712 591 haec
751 548 889 591 omnia
919 550 967 590 ut
996 549 1081 591 dixi
1111 550 1360 602 nequeuntes
1402 549 1502 590 scire
1532 561 1661 602 neque
1691 549 1850 591 ratione

349 618 487 671 aliqua
523 618 734 672 peruidere
764 619 808 659 in
839 630 905 660 eas
937 620 1033 666 sunt
1063 618 1318 672 opinationes
1349 618 1477 672 lapsi,
1520 618 1568 660 ut
1605 619 1700 661 deos
1730 631 1776 660 ex
1810 630 1851 661 se
1883 634 1896 658 5

347 686 547 742 fingerent
578 690 619 729 et
650 687 783 740 qualis
824 687 903 729 sibi
945 688 1093 729 natura
1123 688 1185 729 est
1223 688 1264 729 et
1295 687 1381 729 illis
1411 687 1540 729 talem
1572 688 1717 729 darent
1748 688 1851 729 acti-

346 767 483 806 onum,
526 769 720 798 sensuum
760 756 1104 809 uoluntatumque
1144 757 1349 798 naturam.
1396 756 1541 810 quodsi
1571 757 1729 799 animal
1764 769 1851 799 cer-

346 828 486 866 nerent
525 824 681 867 nullius
722 836 809 867 esse
841 836 882 866 se
913 825 1036 878 pretii
1067 837 1139 866 nec
1168 825 1276 867 inter
1315 825 1578 867 formiculam
1618 825 1849 879 plurimum

347 905 511 946 seseque
542 905 629 935 esse
652 893 914 943 discriminis,
945 893 1126 947 profecto
1157 893 1393 936 desinerent
1413 894 1609 936 arbitrari
1631 894 1850 948 quicquam

347 974 389 1004 se
419 962 568 1004 habere
600 974 816 1005 commune
847 974 941 1004 cum
971 962 1131 1017 superis
1162 964 1203 1004 et
1231 962 1341 1004 intra
1362 975 1455 1004 suos
1477 962 1576 1005 fines
1598 963 1849 1004 humilitatis
1864 976 1897 1002 ιο

346 1043 443 1073 suae
473 1031 717 1073 modestiam
749 1031 1017 1073 continerent.
1058 1044 1166 1073 nunc
1196 1044 1293 1073 uero
1325 1031 1422 1084 quia
1453 1033 1626 1074 cernunt
1657 1044 1726 1074 ora
1757 1043 1848 1073 ocu-

230 1108 250 1140 s.
269 1100 406 1141 15210s
446 1100 581 1153 capita
620 1099 769 1142 buccas
805 1099 810 1154 Ι
847 1099 1052 1142 auriculas
1092 1111 1212 1142 nasos
1243 1101 1480 1154 ceterasque
1511 1113 1553 1142 se
1584 1100 1686 1143 alias
1716 1113 1849 1143 mem-

345 1169 510 1211 brorum
541 1180 679 1224 gerere
710 1181 757 1210 ac
787 1168 993 1210 uiscerum
1015 1168 1232 1223 portiones,
1265 1169 1307 1211 et
1334 1171 1428 1211 deos
1450 1169 1689 1211 existimant
1710 1169 1849 1211 eadem

345 1238 501 1280 ratione
531 1237 727 1280 formatos
758 1237 1028 1291 habitumque
1059 1237 1154 1280 illos
1186 1250 1307 1280 suum
1334 1238 1574 1292 compagine
1595 1238 1638 1279 in
1661 1249 1849 1292 corporea

345 1306 568 1348 continere:
601 1307 642 1348 et
671 1307 768 1360 quia
799 1305 976 1361 gaudere
1003 1306 1114 1348 laeta
1135 1319 1177 1348 re
1199 1307 1458 1360 maestosque
1479 1319 1520 1348 se
1540 1306 1629 1348 fieri
1651 1307 1848 1349 tristiori·
1864 1323 1894 1348 15

345 1375 419 1417 bus
450 1375 709 1428 conspiciunt
739 1375 885 1425 causis,
917 1375 1175 1417 arbitrantur
1205 1377 1246 1417 et
1275 1376 1445 1417 numina
1466 1388 1513 1418 ex
1536 1376 1657 1418 rebus
1678 1375 1848 1418 hilario-

343 1444 456 1486 ribus
487 1445 664 1499 gaudere
696 1445 737 1486 et
768 1457 814 1486 ex
846 1444 983 1486 minus
1015 1444 1137 1486 laetis
1169 1444 1402 1486 animorum
1441 1445 1716 1486 contractione
1754 1457 1848 1487 con—

343 1513 456 1555 duci:
497 1513 617 1555 adfici
650 1526 692 1555 se
723 1513 855 1564 ludis,
886 1515 1034 1567 putant
1065 1515 1106 1555 et
1136 1513 1332 1555 caelitum
1362 1514 1521 1556 mentes
1552 1513 1743 1555 ludorum
1774 1513 1845 1555 de-

342 1582 559 1624 lectatione
589 1582 783 1624 mulceri:
815 1584 856 1623 et
886 1582 982 1635 quia
1011 1582 1097 1623 illis
1128 1594 1170 1624 se
1199 1582 1326 1636 uolup
1359 1583 1421 1624 est
1451 1582 1709 1624 lauacrorum
1739 1582 1846 1624 refo-

343 1662 436 1692 uere
467 1650 724 1700 caldoribus,
765 1653 807 1693 et
837 1651 993 1704 superis
1025 1651 1181 1693 ducunt
1211 1650 1470 1693 lauationum
1501 1663 1588 1693 esse
1618 1651 1846 1693 munditias
1860 1663 1894 1690 20

342 1720 499 1774 gratas:
546 1719 851 1762 uindemiamus
883 1732 955 1762 nos
994 1720 1198 1770 homines,
1232 1721 1275 1761 et
1305 1719 1400 1762 deos
1431 1721 1573 1761 rentur
1603 1720 1645 1761 et
1675 1719 1847 1761 credunt

343 1800 436 1830 suas
467 1788 614 1830 ducere
645 1790 767 1841 atque
799 1788 957 1843 agitare
988 1787 1238 1830 uindemias:
1270 1788 1358 1830 dies
1389 1788 1507 1830 nobis
1527 1788 1714 1830 natalicii
1736 1789 1845 1838 sunt,

342 1858 383 1898 et
423 1857 627 1910 potentias
673 1857 839 1899 caelites
885 1857 971 1899 dies
1017 1858 1237 1899 autumant
1282 1857 1431 1899 habere
1476 1857 1649 1899 natales.
1699 1856 1845 1911 quodsi

341 1927 507 1977 possent
537 1925 770 1967 adscribere
800 1925 1078 1978 ualetudines,
1115 1925 1395 1980 aegritudines
1427 1926 1468 1967 et
1508 1925 1735 1980 corporales
1766 1925 1846 1967 diis

340 1994 515 2045 morbos,
546 2005 627 2035 non
655 1993 893 2036 dubitarent
913 2007 981 2037 eos
1001 1994 1190 2046 lienosos,
1222 1994 1403 2049 lippulos
1421 1997 1544 2048 atque
1564 1994 1846 2036 enterocelicos
1859 2010 1891 2036 25

340 2061 485 2114 dicere,
516 2073 561 2104 eo
593 2062 701 2116 quod
731 2062 812 2117 ipsi
843 2064 884 2105 et
914 2063 1061 2105 lienosi
1092 2063 1133 2105 et
1162 2063 1266 2117 lippi
1296 2064 1393 2105 sunt
1413 2075 1531 2117 saepe
1552 2064 1593 2104 et
1614 2062 1845 2117 ingentium

272 2130 575 2174 35herniarum
604 2131 892 2186 magnitudine
922 2132 1152 2186 ponderosi.
1199 2144 1274 2187 age
1305 2144 1414 2174 nunc
1444 2132 1706 2183 summatim,
1745 2142 1846 2185 quo·

339 2199 452 2241 niam
483 2211 616 2242 sermo
646 2200 830 2254 prolatus
861 2202 923 2243 est
953 2203 994 2242 et
1024 2201 1245 2255 perductus
1273 2201 1316 2242 in
1337 2201 1435 2243 haec
1455 2201 1556 2252 loca,
1589 2201 1844 2256 singularum

339 2268 519 2321 partium
552 2269 876 2322 oppositionibus
908 2281 1200 2323 comparemus),
1234 2271 1426 2311 utrumne
1457 2281 1530 2311 uos
1552 2269 1701 2311 melius
1722 2268 1845 2311 rebus

339 2337 387 2378 de
418 2337 576 2389 superis
616 2338 808 2380 sentiatis
839 2350 888 2380 an
920 2338 1057 2392 potius
1097 2351 1169 2380 nos
1201 2338 1334 2380 multo
1366 2338 1407 2379 et
1436 2338 1675 2380 honoratius
1705 2337 1891 2392 opine-³0

383 2460 405 2494 3
430 2471 493 2494 an*
518 2460 555 2494 P
702 2460 858 2495 cessione
884 2461 957 2496 Sab
1102 2462 1125 2496 4
1148 2461 1249 2495 liber.
1274 2460 1359 2495 haec
1382 2461 1495 2505 wulyo
1635 2461 1654 2494 7
1679 2471 1844 2495 sensuum

336 2517 483 2560 scripsi:
514 2527 631 2551 rerum
655 2516 691 2551 P
840 2517 861 2552 8
886 2518 1012 2561 praetii
1038 2518 1074 2553 P
1229 2518 1271 2552 13
1297 2527 1417 2562 gerere
1442 2517 1534 2553 Sab:
1567 2528 1694 2562 genere
1719 2518 1756 2552 P

338 2574 382 2609 15
412 2574 508 2609 laeta
532 2585 569 2609 re
594 2575 805 2610 Mem-sius:
837 2575 964 2610 laetari
989 2576 1025 2610 P
1189 2577 1388 2620 mestosque
1412 2576 1449 2610 P
1620 2575 1663 2610 18
1688 2575 1783 2609 affici
1810 2585 1844 2609 se

338 2630 430 2666 sab.-
455 2630 616 2666 adficisse
633 2631 669 2665 P
693 2631 859 2666 adfecisse
879 2636 908 2667 ε’
1008 2632 1052 2668 19
1076 2631 1201 2676 uolup*
1228 2633 1369 2676 (uolupe
1393 2632 1570 2676 scriptum
1593 2631 1708 2673 fuisse
1731 2642 1844 2676 appa-

336 2690 406 2732 ret)
432 2688 468 2722 Ρ
490 2688 655 2732 uoluptas
673 2691 712 2730 ε’,
739 2689 849 2734 uulyo
980 2689 1195 2724 labac‘ornm
1212 2690 1248 2724 P
1266 2689 1303 2733 (b
1323 2690 1364 2723 in
1382 2700 1404 2723 u
1422 2699 1504 2724 corr
1519 2690 1563 2732 ε’)
1694 2688 1737 2723 21
1763 2689 1843 2722 11111-

335 2744 553 2779 deamiamus
572 2746 607 2779 P
737 2746 781 2780 23
800 2747 963 2780 autmant
979 2746 1014 2780 P
1030 2756 1112 2781 corr
1128 2757 1147 2781 c
1277 2747 1323 2781 25
1339 2745 1587 2780 enterocelicos
1611 2745 1694 2780 Gel:
1712 2745 1843 2780 intero-

336 2801 482 2836 caelicos
500 2801 537 2835 P
556 2802 824 2836 enterocaelicos
844 2802 917 2837 Sab
1056 2803 1101 2837 27
1125 2803 1329 2837 herniarum
1349 2802 1442 2837 Sab:
1466 2813 1700 2847 gruenearum
1718 2803 1753 2837 P

335 2859 460 2903 capita
485 2860 539 2895 35.
565 2861 623 2893 36.
649 2861 696 2893 37
727 2859 882 2894 Orellius
906 2860 945 2894 in
969 2860 1078 2903 finem
1102 2860 1187 2895 libri
1210 2861 1333 2895 reiecit
1477 2861 1522 2894 28
1545 2860 1574 2893 et
1598 2860 1634 2894 P
1771 2860 1844 2894 sin-

337 2916 499 2960 gularum
530 2916 708 2951 Orellius:
734 2917 957 2960 singulorum
981 2916 1016 2950 P
1154 2918 1198 2952 29
1223 2918 1360 2962 parium
1386 2916 1572 2951 Heraldus
