2032 3248
419 219 499 250 LIV

734 310 839 345 lectio
864 322 957 346 uera.

487 397 519 430 p.
540 388 665 427 609,18
690 385 939 429 adfirmarunt

488 460 519 494 p.
540 452 641 487 6785&
690 453 907 493 cooptarunt

488 523 518 557 p.
539 515 641 555 684,3
690 522 809 556 nuper
861 513 1048 557 92·aiiitate
1099 512 1201 547 dam-

686 579 829 610 narunt

488 649 518 682 p.
538 641 640 680 505,1
688 649 769 673 cum
788 666 796 673 .
812 666 818 672 .
835 666 841 672 .
864 642 1004 682 oportet

488 712 519 746 p.
540 704 641 743 668,9
689 713 770 737 curn
793 701 881 737 deus
905 701 1006 737 tradi
1024 702 1206 746 permittit

487 775 519 809 p.
538 767 664 806 582‚15
690 765 810 800 decem
827 776 958 800 nouem
977 765 1054 800 dies

488 839 518 872 p.
539 831 664 870 678‚18
688 829 826 874 uiyinti
842 829 1004 874 quinque

487 903 518 937 p.
539 895 663 934 493,10
688 892 842 928 hostiam
858 903 894 926 se
914 919 921 925 .
939 921 944 926 .
962 921 966 925 .
986 892 1158 935 futurum

487 966 518 999 p.
538 958 641 997 546,7
688 955 811 990 docete
840 959 962 1001 9entes
987 966 1108 990 omnes
1132 956 1206 990 tin-

685 1023 832 1064 9uentes
850 1029 908 1053 eos

688 1083 876 1126 accipiant
901 1094 1055 1118 coronas
1079 1084 1138 1118 uel
1161 1083 1205 1118 de

688 1156 796 1189 opere
816 1146 993 1181 candidas

688 1209 821 1251 faciem
844 1210 1073 1255 singulorum
1097 1209 1203 1244 uide-

690 1283 768 1307 mus

690 1346 770 1369 cum
809 1335 970 1370 occidere
1002 1336 1208 1371 innocenti-

686 1398 751 1433 bus
768 1409 834 1433 nec
850 1402 1036 1433 nocentem
1054 1399 1160 1434 liceat

489 1472 520 1506 p.
541 1463 664 1502 578‚11
690 1462 936 1506 spectaculum
975 1461 1040 1496 deo
1073 1463 1207 1497 uestris

686 1525 888 1560 uirtutibus
907 1525 1083 1560 exhibetis

487 1599 520 1633 p.
538 1590 641 1630 4923
667 1588 805 1632 accepit
833 1598 1004 1623 coronam
1032 1589 1090 1622 dei
1119 1599 1205 1623 con-

685 1652 923 1686 summatione
939 1652 1093 1686 uirtutis

487 1727 518 1761 p.
538 1718 663 1757 505‚20
688 1715 865 1760 quamdiu
892 1716 933 1750 in
960 1715 1033 1749 uiis
1065 1714 1204 1750 domini

688 1789 763 1813 non
772 1778 1068 1823 ambulauerunt,
1082 1779 1206 1813 datam

686 1841 757 1876 sibi
787 1843 944 1887 qratiam
976 1845 1101 1876 tenere
1131 1852 1206 1877 non

691 1909 891 1950 potuerunt

489 1981 520 2015 p.
542 1972 666 2011 600‚23
687 1969 937 2013 ponderantes
981 1969 1074 2013 quod
1098 1995 1105 2002 .
1120 1995 1128 2002 .
1143 1996 1150 2002 .
1175 1972 1210 2004 et

687 2033 756 2077 Zeyi
772 2032 899 2069 debeat
917 2036 950 2067 et
967 2032 1095 2067 audiri

488 2108 521 2141 p.
543 2099 664 2138 764,22
690 2096 722 2130 si
758 2096 894 2140 scorpii
994 2096 1035 2130 in
1073 2106 1207 2140 aquam

683 2160 924 2204 praecipitati
984 2159 1205 2204 praeualere

685 2227 841 2267 possunt
871 2249 878 2256 .
894 2248 900 2254 .
917 2249 924 2256 .
941 2250 951 2266 ,
971 2225 1128 2266 possunt
1172 2225 1206 2256 et

687 2286 839 2330 spiritus
872 2296 1024 2329 nequam
1119 2295 1206 2329 per-

687 2359 834 2383 manere
861 2348 961 2383 ultra
989 2349 1031 2383 in
1053 2348 1208 2383 hominis

691 2422 841 2456 corpore

486 1092 518 1125 p.
538 1084 639 1123 495‚5

487 1219 519 1253 p.
540 1211 642 1250 653,4

488 1345 518 1379 p.
540 1338 642 1377 693‚6

1403 311 1508 346 lectio
1533 311 1691 347 codicum
1716 311 1785 348 CR.

1339 386 1632 430 adfirmauerunt

1339 453 1600 494 cooptauerunt

1332 514 1516 559 yrauitate
1574 524 1696 559 nuper
1751 514 1856 549 dam-

1340 579 1526 611 nauerunt

1336 649 1417 674 cum
1437 665 1466 673 ..
1482 665 1489 673 .
1509 643 1672 684 oporteat

1340 713 1421 737 cum
1444 702 1532 737 deus
1556 703 1657 738 tradi
1668 704 1860 747 permittat

1341 765 1460 800 decem
1478 769 1511 801 et
1528 777 1660 801 nouem
1676 766 1753 802 dies

1336 828 1472 872 uiyinti
1489 832 1521 863 et
1538 830 1700 875 qui-nque

1339 892 1493 926 hostiam
1509 903 1546 927 se
1564 919 1573 926 .
1589 920 1595 926 .
1611 919 1619 927 .
1637 893 1807 936 futuram

1340 955 1463 990 docete
1490 959 1609 1002 yentes
1640 967 1761 991 omnes
1786 956 1859 990 tin-

1340 1023 1490 1064 9uentes
1508 1030 1568 1054 eas

1336 1083 1522 1127 accipiant
1551 1092 1703 1118 coronas
1730 1084 1791 1119 uel
1817 1084 1862 1120 de

1342 1147 1510 1191 operibus
1527 1147 1707 1182 candidas

1336 1209 1453 1252 facies
1491 1211 1719 1256 singulorum
1753 1211 1860 1246 uide-

1341 1283 1420 1308 mus
1471 1306 1475 1312 ,

1342 1347 1423 1371 cum
1458 1337 1622 1372 occidere
1655 1338 1861 1373 innocenti-

1342 1401 1409 1435 bus
1427 1412 1492 1436 nec
1510 1405 1681 1435 nocentes
1698 1401 1804 1436 liceat

1339 1465 1586 1507 spectaculum
1600 1464 1664 1498 deo
1676 1465 1719 1499 de
1729 1465 1862 1499 uestris

1340 1527 1542 1562 uirtutibus
1559 1528 1730 1562 eoehibetis

1338 1591 1478 1634 accepit
1513 1602 1681 1626 coronam
1705 1590 1749 1625 de
1773 1602 1860 1626 con-

1340 1654 1582 1688 summatione
1599 1655 1751 1688 uirtutis

1334 1727 1442 1760 quam
1469 1717 1535 1751 diu
1559 1718 1601 1751 in
1625 1717 1699 1751 uiis
1724 1717 1863 1752 domini

1337 1780 1635 1825 ambulatum-unt,
1653 1781 1778 1815 datam
1794 1781 1863 1815 sibi

1338 1843 1500 1888 qratiam
1523 1847 1645 1878 tenere
1658 1847 1862 1888 potuerwnt

1338 1969 1587 2013 ponderantes
1606 1969 1703 2013 quod
1724 1997 1729 2002 .
1747 1995 1752 2001 .
1769 1997 1775 2003 .
1796 1981 1862 2005 nec

1340 2033 1407 2078 leyi
1424 2032 1578 2067 debeant
1595 2043 1661 2067 nec
1677 2033 1805 2067 audiri

1337 2096 1369 2130 si
1407 2096 1544 2139 scorpii
1567 2122 1574 2128 .
1591 2122 1620 2128 ..
1644 2096 1685 2129 in
1729 2107 1862 2140 aquam

1333 2159 1577 2203 praecipitati
1641 2159 1861 2202 praeualere

1337 2233 1411 2256 non
1443 2225 1599 2266 possunt
1622 2247 1653 2255 ..
1669 2249 1675 2255 .
1690 2249 1701 2265 ‚
1738 2222 1790 2256 sic
1828 2225 1861 2256 et

1281 2304 1283 2306 ·
1339 2285 1493 2329 spiritus
1528 2295 1682 2329 nequam
1702 2310 1708 2316 .
1725 2309 1754 2317 ..
1770 2295 1860 2328 per-

1343 2358 1488 2382 manere
1504 2348 1606 2382 ultra
1621 2357 1695 2381 non
1706 2350 1862 2390 possunt

1342 2411 1383 2445 in
1398 2410 1553 2446 hominis
1570 2420 1718 2454 corpore
1734 2409 1802 2454 (C).

2019 1556 2027 2023 .,-.‘--«--.-·v-—-=.11=0„÷..-„-v„
2023 1500 2026 1534 μὴ.
2023 1462 2026 1477 ,.
2023 1411 2028 1434 ,Α
2024 1364 2027 1382 u
2024 1340 2026 1342 .
2026 1294 2029 1314 ..

431 2523 557 2565 uerba
587 2522 795 2577 simplicia
824 2522 870 2563 ut
890 2522 931 2563 in
953 2522 990 2563 V
1012 2522 1072 2563 ita
1093 2522 1136 2563 in
1159 2520 1227 2563 CR
1247 2521 1486 2576 compositis
1508 2520 1795 2574 permutantur
1816 2520 1932 2562 uelut

423 2597 577 2651 494,17
602 2599 902 2650 peruenerunt,
931 2596 1059 2647 510‚4
1087 2596 1300 2648 delimare,
1331 2596 1484 2646 597‚11
1508 2595 1752 2648 referebant,
1775 2594 1927 2645 678‚11

424 2659 668 2724 coynoscere,
697 2671 853 2722 680‚23
875 2670 1174 2723 praecluditur
1183 2685 1196 2722 ,·
1223 2670 1296 2712 ubi
1326 2669 1576 2711 contrarium
1606 2669 1783 2711 occurrit
1802 2669 1930 2710 inter-

423 2745 645 2800 polationis
674 2745 850 2799 suspicio
880 2757 960 2787 non
991 2745 1107 2787 abest
1135 2745 1252 2787 uelut
1280 2744 1437 2795 599‚15
1468 2743 1703 2785 niterentur
1724 2744 1931 2795 quantum
