2032 3248
360 208 443 250 144
778 205 968 240 Arnobii
993 205 1209 239 aduersus
1233 206 1437 240 nationes

357 322 575 365 lendorum
619 321 803 364 hostium
845 322 920 363 dea
960 321 1105 375 potens
1135 321 1324 363 Pellonia
1365 322 1438 363 est.
1485 334 1730 375 quorumne,
1778 321 1859 363 nisi

357 391 579 433 molestum
610 391 685 441 est,
718 390 840 432 edite.
883 389 1109 445 confligunt
1139 393 1275 444 partes
1297 391 1419 444 atque
1439 391 1546 433 inter
1566 403 1608 432 se
1629 389 1859 433 comminus

357 471 565 502 armorum
603 459 823 501 collatione
862 459 1105 510 decernunt,
1144 460 1186 501 et
1216 460 1315 502 haec
1344 460 1411 501 illi
1442 462 1504 502 est
1533 472 1625 513 pars
1655 459 1787 501 hostis
1819 459 1860 501 et

356 528 430 570 illa
459 528 555 570 huic
586 528 776 570 hostilis:
809 541 909 582 quos
941 540 1036 583 ergo
1067 528 1276 581 Pellonia‚
1309 541 1403 570 cum
1433 529 1531 571 hinc
1560 528 1601 570 et
1630 529 1724 570 inde
1754 541 1859 583 pug-

356 597 543 652 nabitur,
584 597 732 652 pellet,
774 597 848 639 aut
877 597 920 638 in
952 597 1132 652 gratiam
1164 609 1403 640 concessura
1433 598 1496 640 est
1527 609 1720 651 quorum,
1767 609 1860 638 cum
1890 610 1906 635 5

355 666 520 720 utrique
559 666 705 709 debeat
741 666 851 719 parti
883 666 948 708 sui
979 666 1159 709 nominis
1190 666 1300 709 uires
1332 666 1593 720 officiumque
1624 667 1860 721 praestare?

356 735 463 788 quod
493 735 528 776 si
558 735 700 789 utique
739 734 903 786 fecerit,
943 734 986 776 id
1017 736 1078 777 est
1108 735 1297 789 partibus
1328 735 1363 777 si
1384 735 1569 789 utrisque
1600 735 1783 778 fauorem
1814 748 1860 778 ac

357 803 599 859 suffragium
641 803 931 855 commodarit,
972 803 1151 846 nominis
1184 804 1249 846 sui
1280 805 1367 846 uim
1398 804 1559 858 perdet,
1596 804 1702 858 quod
1731 804 1860 858 partis

240 875 267 911 f.
280 875 343 910 81¹²
356 873 480 915 unius
501 873 544 915 in
564 872 750 927 pulsione
772 872 999 915 formatum
1021 873 1094 915 est.
1124 871 1129 928 Ι
1155 872 1235 914 nisi
1257 873 1362 916 forte
1385 873 1552 916 dicetis:
1583 874 1860 916 Romanorum

354 942 517 984 tantum
555 944 618 984 est
648 942 724 984 dea
753 941 852 985 haec
883 942 924 984 et
956 954 1050 984 cum
1082 941 1181 984 solis
1212 941 1444 993 Quiritibus
1485 942 1637 985 faciens
1669 941 1861 998 gratiosis
1875 953 1909 978 ιο

354 1023 516 1064 semper
545 1010 890 1064 opitulationibus
921 1011 1084 1065 praesto
1115 1013 1190 1054 est.
1240 1024 1326 1054 esse
1357 1012 1523 1065 quidem
1553 1012 1629 1054 hoc
1649 1012 1722 1063 ita,
1754 1011 1861 1064 quod

353 1080 510 1122 nomini
554 1080 766 1134 fauemuS,
809 1081 1023 1134 optamus,
1065 1081 1109 1122 at
1140 1080 1422 1134 quaestionem
1453 1092 1532 1122 non
1573 1081 1764 1135 exiguam
1794 1092 1857 1122 res

353 1148 488 1191 habet.
535 1149 634 1203 quid
665 1149 806 1192 enim?
837 1149 1014 1192 Romani
1045 1150 1139 1192 deos
1170 1150 1381 1203 possident
1410 1150 1648 1204 peculiares,
1681 1150 1751 1203 qui
1780 1148 1859 1191 ali-

354 1231 473 1261 arum
510 1218 698 1274 gentium
736 1230 816 1261 non
856 1218 968 1261 sint?
1001 1219 1041 1260 et
1071 1218 1417 1272 quemadmodum
1447 1219 1640 1273 poterunt
1670 1219 1729 1261 dii
1759 1231 1860 1270 0000,

354 1287 389 1330 01
421 1299 501 1329 non
531 1287 721 1331 omnibus
762 1299 865 1341 quae
905 1287 1057 1341 ubique
1098 1288 1197 1330 sunt
1237 1288 1380 1343 gentes
1421 1288 1763 1342 aequabilitatem
1793 1287 1859 1329 sui
1875 1296 1907 1321 1⁵

355 1356 533 1399 nominis
573 1356 852 1398 exhibebunt?
898 1357 940 1398 et
970 1356 1042 1398 ubi
1082 1369 1229 1411 quaeso
1270 1356 1514 1399 iamdudum
1544 1357 1731 1400 Pellonia
1760 1357 1860 1398 haec

353 1426 447 1478 fuit,
479 1438 573 1468 cum
603 1426 712 1480 apud
742 1425 925 1468 furculas
955 1424 1162 1468 Caudinas
1193 1426 1314 1469 decus
1350 1426 1562 1481 publicum
1593 1426 1861 1480 subiugatum

354 1498 429 1547 est,
462 1507 557 1537 cum
588 1496 696 1549 apud
727 1494 958 1538 Trasimeni
988 1495 1125 1537 lacum
1157 1496 1374 1550 sanguinei
1406 1508 1617 1538 cucurrere
1646 1495 1858 1545 torrentes,

353 1576 448 1607 cum
478 1563 691 1606 Diomedis
724 1563 858 1617 campi
887 1563 1085 1606 Romanis
1117 1564 1387 1614 cadaueribus
1410 1564 1598 1619 aggerati
1620 1564 1728 1618 sunt,
1761 1576 1856 1605 cum

352 1632 470 1674 mille
500 1633 583 1675 alia
612 1633 786 1675 uulnera
815 1632 1066 1687 proeliorum
1087 1632 1316 1675 innumeris
1338 1634 1503 1687 accepta
1524 1633 1622 1675 sunt
1638 1632 1855 1675 cladibus?
1874 1641 1908 1667 20

352 1701 599 1753 dormiebat,
632 1701 844 1752 stertebat,
880 1702 952 1743 aut
973 1702 1080 1755 quod
1101 1701 1204 1743 uilia
1223 1702 1356 1744 facere
1378 1702 1570 1744 consueta
1590 1702 1686 1744 sunt
1707 1702 1855 1755 capita,

317 1771 398 1813 5in
427 1770 596 1813 hostilia
626 1771 760 1813 castra
791 1769 1037 1825 defugerat?
1078 1770 1137 1812 dii
1158 1771 1280 1822 laeui,
1314 1770 1411 1813 deae
1431 1771 1573 1813 laeuae
1595 1771 1856 1812 sinistrarum

352 1841 520 1882 tantum
550 1840 764 1894 regionum
792 1840 888 1881 sunt
907 1839 1112 1893 praesides
1135 1840 1176 1882 et
1198 1839 1358 1881 inimici
1379 1839 1564 1893 partium
1586 1839 1856 1881 dexterarum.

352 1909 460 1963 quod
491 1921 670 1962 quanam
711 1908 826 1950 istud
863 1908 1019 1951 ratione
1050 1908 1212 1951 dicatur
1242 1920 1373 1962 quoue
1403 1908 1533 1950 animi
1564 1921 1698 1960 sensu,
1729 1920 1859 1961 neque

351 1978 432 2032 ipsi
463 1990 535 2020 nos
573 1978 837 2031 adsequimur
867 1990 940 2019 nec
971 1990 995 2019 a
1023 1978 1141 2019 uobis
1178 1977 1423 2020 confidimus
1454 1990 1571 2031 posse
1601 1978 1644 2019 in
1675 1977 1859 2031 aliquam
1874 1986 1909 2012 2⁵

351 2047 487 2089 lucem
528 2047 758 2089 communis
807 2046 1117 2101 intellegentiae
1164 2046 1348 2100 perduci.
1399 2046 1482 2088 iam
1522 2046 1705 2101 primum
1746 2045 1858 2088 enim

398 2206 418 2240 1
450 2216 663 2250 quorumne,
697 2205 768 2239 nisi
795 2205 887 2240 Sab:
926 2216 1075 2250 quorum
1108 2205 1183 2240 nesi
1208 2207 1242 2239 P
1275 2215 1426 2251 quorum
1458 2217 1559 2249 nam,
1595 2206 1667 2240 nisi
1701 2205 1768 2241 Gel

351 2262 374 2297 4
397 2262 480 2297 huic
506 2262 590 2304 Sub,
615 2273 654 2297 r.-
690 2263 758 2297 huo
782 2264 817 2296 P
991 2263 1012 2298 6
1037 2263 1181 2308 utrique
1208 2264 1298 2298 Sab:
1331 2263 1455 2308 utiquc
1480 2264 1515 2298 P
1692 2263 1804 2307 partis
1829 2263 1865 2296 P

352 2331 434 2356 corr
458 2323 487 2355 ε’
625 2320 787 2354 nomines
812 2322 846 2354 P
869 2330 951 2356 corr
975 2323 1004 2354 ε’
1143 2320 1389 2365 officiumquac
1414 2322 1449 2355 P
1470 2332 1551 2355 corr
1689 2321 1709 2355 7
1735 2321 1859 2365 utique

353 2378 380 2422 (i
398 2389 443 2413 ex
459 2381 496 2421 u)
515 2379 549 2411 P
571 2378 738 2423 utrinque
756 2378 830 2413 Sab
854 2378 999 2424 utrique
1017 2379 1312 2414 Elmenhorstius
1450 2380 1471 2413 9
1496 2379 1534 2413 in
1558 2379 1719 2423 pulsione
1737 2377 1859 2413 Salm:

351 2435 562 2479 impulsione
588 2436 661 2471 Sab
810 2436 854 2471 10
878 2436 1048 2481 gratiosis
1073 2436 1128 2470 his
1161 2437 1180 2471 ‚2
1327 2436 1371 2470 12
1394 2436 1531 2471 1101111111
1558 2436 1717 2470 Romano
1750 2436 1770 2471 ,9

351 2494 389 2527 at
414 2494 508 2528 Sab:
533 2493 577 2528 ad
601 2495 635 2527 P
771 2493 935 2538 exiguam
961 2495 1052 2529 Sab:
1079 2495 1267 2539 eogiguam
1294 2494 1348 2537 (in
1372 2505 1430 2539 my
1456 2494 1499 2538 ·.·)
1524 2495 1583 2538 P,
1687 2494 1731 2528 14
1755 2495 1859 2538 potu-

351 2552 456 2585 erunt
481 2551 554 2585 Sab
695 2552 738 2586 16
761 2552 917 2586 1111101010
945 2552 1013 2587 Gel
1154 2553 1196 2586 17
1221 2551 1388 2587 caudinas
1414 2552 1506 2586 Sab:
1537 2551 1711 2596 gaudinas
1736 2552 1771 2584 P

352 2608 397 2642 18
421 2607 645 2643 Thrasimeni
670 2609 784 2643 lacum
810 2610 931 2644 Salm:
966 2610 1248 2654 thramymenica
1272 2620 1350 2643 cum
1375 2609 1408 2641 P
1443 2608 1713 2643 Thrasimenum
1742 2609 1857 2643 lacum

353 2664 427 2698 Sab
590 2676 767 2700 cucurrere
793 2666 865 2700 Sab
890 2667 931 2701 in
956 2677 1036 2701 err.-
1069 2678 1207 2701 currere
1230 2667 1267 2701 P
1434 2666 1478 2700 20
1502 2666 1713 2711 praeliorum
1739 2669 1771 2700 P

353 2720 399 2757 21
425 2720 605 2757 domiebat
622 2725 656 2756 P
670 2733 751 2758 corr
889 2724 934 2758 22
958 2724 1041 2758 deae
1057 2724 1177 2759 laeuae
1195 2725 1433 2760 Stewechius:
1458 2726 1492 2758 et
1509 2724 1610 2758 laeua
1628 2724 1659 2756 P
1682 2725 1718 2758 et
1735 2724 1856 2758 laeuae

356 2778 422 2813 θεῖ
438 2789 458 2812 a
476 2779 577 2813 laeua
596 2781 693 2815 Salm
831 2781 876 2816 23
892 2782 1038 2815 tantum
1056 2791 1077 2815 0.
1093 2784 1128 2816 Ρ
1263 2782 1419 2825 partium
1438 2781 1527 2816 Sab:
1546 2781 1720 2825 praetium
1737 2783 1770 2815 P

353 2835 398 2869 24
422 2845 574 2880 quanam
601 2837 694 2871 Sab:
720 2848 870 2882 quonam
895 2838 929 2871 P
1063 2828 1070 2836 ⁸
