2032 3248
455 249 512 282 De
537 248 874 292 singularitate
901 247 1167 281 clericorum
1195 257 1223 282 c.
1250 247 1397 281 :io-35.
1594 251 1676 290 213

172 357 295 393 enim
327 355 451 392 utile
483 356 567 401 est,
599 354 692 391 nisi
724 354 769 391 in
791 353 1155 391 subuersionem
1188 352 1504 390 audientium.
1538 352 1677 390 solli—

172 424 267 462 cite
290 426 467 461 curate
498 423 651 470 ipsum
681 422 982 470 probabilem
1003 422 1233 459 exhibere
1256 421 1364 467 Deo,
1397 421 1676 469 operarium

172 491 693 539 inreprehensibilem,
715 493 851 529 recte
883 492 1182 528 tractantem
1204 491 1399 528 uerbum
1421 490 1673 528 ueritatis.

171 561 328 598 stulta
360 563 514 598 autem
547 563 591 598 et
623 560 786 597 inania
827 559 1023 606 eloquia
1066 559 1253 597 deuita:
1302 559 1507 596 multum
1552 559 1673 598 enim

143 630 447 679 5proficiunt
478 631 532 667 ad
564 629 869 677 impietatem
901 630 949 667 et
981 639 1134 666 sermo
1167 639 1329 666 eorum
1351 627 1478 665 sicut
1501 639 1674 666 cancer

172 699 343 747 serpit.
362 701 474 746 atque
497 701 538 736 ut
560 698 775 736 ostenderet
797 697 943 736 clericis
966 697 1212 745 disponendis
1235 697 1282 734 ad
1305 697 1541 734 euacuandas
1558 708 1672 743 quae-

170 768 310 806 stiones
332 780 426 815 quae
449 769 499 805 sit
521 767 690 805 doctrina
712 767 950 812 conueniens,
984 767 1100 804 etiam
1123 767 1208 804 Tito
1241 766 1294 804 sic
1326 766 1492 803 insinuat
1523 766 1671 803 dicens:

171 839 219 874 tu
260 839 415 874 autem
454 837 648 884 loquere
696 847 816 883 quae
863 835 1164 874 conueniunt
1209 846 1355 877 sanae
1404 835 1671 882 doctrinae,

170 905 379 943 maiores
411 907 525 942 natu
557 905 749 942 sobrios
781 916 904 951 esse,
952 905 1243 952 prudentes,
1297 916 1440 942 sanos
1472 905 1517 941 in
1557 904 1671 951 fide,

124 974 216 1010 ioin
247 974 470 1020 caritate,
503 974 551 1010 in
582 973 835 1021 patientia
867 974 1076 1011 sincera.
1110 984 1199 1025 ergo
1232 973 1446 1011 auditiones
1479 973 1671 1021 simplices

169 1042 405 1081 oboedientia
441 1045 568 1081 uestra
603 1042 788 1090 suscipiat
823 1044 860 1080 et
898 1042 1143 1090 uersipellem
1176 1042 1516 1080 contradictionum
1553 1042 1670 1080 uitato

169 1111 370 1149 fallaciam.
394 1123 529 1159 purum
550 1111 623 1148 iter
645 1112 783 1149 uestris
819 1111 1014 1159 gressibus
1052 1112 1230 1149 mundate
1269 1113 1306 1149 et
1343 1123 1458 1159 supra
1480 1111 1609 1158 spinas
1630 1113 1669 1149 et

168 1179 329 1218 tribulos
352 1180 469 1218 nolite
492 1180 649 1226 calcare,
673 1191 718 1217 ne
742 1180 879 1217 bonum
901 1191 1026 1218 semen
1050 1192 1123 1217 non
1146 1179 1267 1228 possit
1288 1180 1396 1218 uobis
1418 1182 1570 1227 propter
1592 1180 1669 1227 spi-

169 1261 302 1286 narum
334 1249 490 1286 frutices
521 1249 736 1287 sanctitatis
771 1249 916 1286 fructus
948 1250 1092 1287 afferre.
1125 1250 1222 1286 unde
1254 1249 1438 1297 propheta
1460 1249 1672 1287 Hieremias

125 1332 155 1357 15
171 1318 224 1354 sic
246 1318 418 1355 hortatur
439 1320 476 1354 et
499 1318 605 1356 docet
627 1317 774 1355 dicens:
817 1318 999 1365 nolite,
1033 1318 1177 1365 inquit,
1230 1329 1392 1356 serere
1425 1318 1470 1354 in
1503 1317 1670 1365 spinis.

169 1386 507 1423 circumcidite
540 1398 621 1423 uos
653 1385 743 1424 Deo
776 1388 957 1432 uestro,
990 1386 1329 1425 circumcidite
1360 1386 1671 1434 praeputium

170 1455 333 1492 cordis
366 1455 536 1493 uestri.
581 1455 810 1492 abscidenda
847 1457 934 1492 sunt
971 1466 1058 1503 ergo
1091 1455 1135 1492 de
1158 1467 1248 1502 agro
1272 1456 1397 1493 uestro
1421 1458 1555 1493 cuncta
1577 1467 1672 1502 quae

171 1535 335 1571 pungere
353 1525 390 1561 et
406 1523 570 1562 lacerare
588 1526 876 1571 consueuerunt,
894 1535 939 1561 ne
956 1525 1103 1561 animus
1121 1524 1362 1572 agricultoris
1380 1525 1418 1561 in
1435 1524 1672 1572 possessione

171 1604 237 1629 sua
257 1592 434 1640 malignis
457 1592 627 1630 sentibus
649 1592 851 1630 inseratur.
890 1595 928 1630 et
966 1593 1196 1640 amputanda
1232 1595 1321 1631 sunt
1358 1593 1464 1631 uobis
1497 1593 1672 1631 uniuersa

125 1673 157 1698 20
174 1671 427 1707 quaecumque
451 1660 602 1707 igniferi
625 1661 768 1698 fomitis
804 1661 1122 1709 sulphurantibus
1159 1662 1319 1699 flammis
1357 1664 1507 1700 scatens
1539 1662 1672 1700 fornax

170 1729 387 1766 ebullientis
411 1730 534 1767 carnis
558 1731 767 1776 exaestuat,
810 1740 856 1767 ne
895 1730 954 1768 uel
992 1730 1118 1768 tenuis
1154 1731 1306 1779 quidem
1329 1731 1498 1769 scintilla
1520 1732 1672 1769 seruata

171 1798 312 1835 maiora
334 1798 468 1836 conflet
490 1799 673 1837 incendia.
697 1800 796 1847 quod
818 1798 993 1838 Salomon
1015 1800 1234 1838 manifestat
1257 1801 1384 1838 dicens
1403 1811 1410 1834 :
1452 1801 1507 1838 ab
1543 1802 1670 1838 scin-

167 1866 279 1903 tilla
322 1878 410 1904 una
451 1869 661 1914 augetur
702 1868 847 1915 ignis.
891 1869 1053 1907 auertite
1076 1869 1290 1907 occasiones
1322 1869 1490 1917 inpuras,
1532 1869 1668 1916 quibus

168 1934 345 1973 interiora
367 1936 531 1983 pectoris
553 1938 810 1983 penetrantur,
843 1939 885 1975 ut
907 1937 1053 1985 liquida
1082 1938 1121 1975 in
1143 1936 1249 1975 uobis
1272 1937 1525 1986 perspicuitas
1547 1938 1665 1975 hono-

121 2018 153 2043 25
167 2009 283 2041 retur.
322 2004 485 2041 contenti
507 2006 627 2042 est-ote
658 2005 961 2053 singularitatem
982 2006 1209 2045 laboriosam
1232 2018 1297 2054 pro
1319 2007 1459 2055 pudore
1483 2008 1667 2045 seruando

168 2072 293 2119 potius
316 2072 516 2119 sustinere,
540 2085 652 2120 quam
675 2073 756 2112 sine
778 2074 906 2113 labore
929 2076 975 2112 ad
997 2075 1157 2113 dedecus
1180 2075 1390 2122 peruenire.

224 2141 538 2189 Contemplamini
563 2143 650 2189 quid
674 2142 724 2180 sit
744 2143 882 2191 populo
901 2145 1031 2181 sancto
1054 2155 1226 2191 praeesse
1250 2146 1287 2182 et
1304 2144 1540 2182 considerate
1558 2143 1667 2191 quale
1683 2140 1735 2178 38

168 2209 217 2247 sit
239 2210 378 2247 diuinis
400 2211 649 2249 sacramentis
681 2211 869 2250 insistere.
915 2212 1063 2250 altariis
1095 2213 1243 2260 placere
1266 2213 1403 2251 debent
1434 2213 1497 2260 qui
1520 2212 1667 2251 altariis

255 2380 275 2409 S
301 2377 369 2412 Tit.
397 2378 428 2411 2.
455 2378 484 2410 1.
626 2379 668 2411 15
695 2378 787 2412 Hier.
814 2379 846 2420 4,
872 2379 903 2412 3.
930 2380 960 2413 4.
1102 2380 1146 2414 22
1172 2380 1236 2414 Sir.
1266 2381 1316 2420 11,
1343 2380 1396 2414 32.

255 2514 276 2547 3
302 2515 394 2547 recte
421 2524 464 2548 ecc
490 2525 523 2547 re
549 2514 578 2549 C
601 2526 642 2548 m.
671 2516 695 2548 2
906 2516 945 2549 11
974 2517 1143 2560 suscipiet
1169 2528 1189 2551 v
1401 2518 1442 2550 12
1469 2527 1571 2560 super
1597 2529 1617 2551 υ

171 2570 211 2603 13
237 2571 409 2605 seminare
435 2571 491 2605 uel
517 2572 648 2606 calcare
677 2585 694 2607 1·
864 2575 1010 2617 propter
1036 2575 1064 2608 C
1087 2586 1113 2608 5.
1141 2574 1164 2609 l.
1192 2586 1236 2608 m.
1263 2577 1284 2608 2
1455 2575 1575 2618 spinae
1600 2585 1619 2609 υ

169 2627 210 2660 14
236 2627 400 2662 fructices
427 2629 455 2663 C
676 2630 715 2663 17
743 2630 978 2664 abscindenda
1003 2642 1023 2666 v
1245 2633 1359 2665 uestro
1391 2632 1427 2672 G,
1454 2633 1573 2665 nostro
1599 2642 1619 2666 υ

169 2684 210 2717 19
242 2685 342 2718 uobis
374 2687 538 2720 uniuersa
575 2687 620 2728 C,
658 2688 777 2720 omnia
809 2687 911 2721 nobis
945 2699 965 2723 Υ
1195 2689 1239 2722 20
1270 2688 1561 2732 sulphorantibus
1592 2689 1621 2724 C

166 2741 207 2774 21
235 2752 275 2775 ne
301 2753 365 2776 om.
399 2744 427 2778 G
570 2744 614 2778 23
639 2747 757 2779 auerte
788 2745 831 2779 C¹
971 2746 1016 2779 28
1041 2746 1180 2779 altariis
1206 2746 1347 2788 scripsi,
1373 2745 1545 2779 altaribus
1572 2746 1662 2780 coni.

168 2797 354 2834 Erasmus.
381 2800 502 2834 alteris
529 2800 578 2836 Cv
695 2801 871 2836 debebunt
903 2802 946 2837 C¹
1068 2803 1191 2836 alteris
1222 2803 1280 2843 Co,
1307 2802 1348 2836 de
1374 2802 1546 2836 altaribus
1572 2804 1665 2838 coni.

170 2854 294 2887 bxv-mm
303 2867 340 2888 us
