2032 3248
465 251 522 284 De
549 249 893 292 singularitate
920 250 1184 283 elericorum
1219 259 1245 282 c.
1271 249 1417 283 42—45.
1607 251 1691 291 219

192 357 391 394 latronum.
425 355 509 403 plus
532 356 644 393 duces
668 357 705 393 et
726 355 916 402 principes
939 367 1050 402 quain
1070 356 1212 393 milites
1235 357 1281 394 ab
1303 356 1475 393 hostibus
1506 358 1690 402 appetun-

192 428 254 462 tur
276 425 313 461 in
336 436 475 472 pugna,
511 426 548 461 et
572 424 774 462 uiolentius
797 424 1066 471 propulsantur
1088 425 1210 462 uentis
1232 427 1268 462 et
1290 424 1504 462 turbinibus
1528 424 1692 462 culmina

193 505 446 543 quaecumque
483 496 571 531 sunt
606 493 753 530 altiora.
799 493 881 530 ideo
919 495 1039 541 magis
1076 494 1285 541 magisque,
1329 505 1398 540 que
1432 494 1517 540 plus
1560 493 1695 531 ceteris

193 563 448 610 unusquisque
473 564 608 609 potest,
633 562 727 599 sciat
745 573 825 599 esse
848 562 921 600 sibi
943 564 1185 601 metuendum
1207 574 1251 600 ne
1270 563 1307 600 in
1326 563 1452 610 aliquo
1470 563 1690 609 minoretur,

165 644 178 666 5
194 634 345 679 propter
367 632 463 678 quod
487 631 658 668 Salomon
680 631 733 668 sie
755 631 931 669 admonet
961 632 1112 669 dicens:
1147 631 1227 678 qui
1258 631 1521 679 gloriatur,
1556 628 1691 678 inquit,

192 700 237 737 in
269 699 482 745 diuitiis,
515 701 855 746 paupertatem
886 702 1136 737 uereatur.
1169 711 1259 747 rogo
1293 711 1358 737 uos
1381 702 1562 747 quantum
1585 700 1692 737 ualeo

191 770 227 807 et
251 769 349 806 ultra
371 780 482 816 quain
504 768 611 805 ualeo
652 769 747 806 haec
786 768 862 805 sint
893 769 1019 805 studia
1040 769 1204 806 omnium
1227 768 1462 813 clericorum,
1497 769 1538 805 ut
1560 768 1690 815 singu-

190 837 356 874 laritatis
390 836 653 875 inaccusabilis
682 836 893 874 secessione
926 837 1147 884 fungantur,
1185 848 1231 874 ne
1262 838 1327 874 aut
1349 836 1422 883 ipsi
1444 848 1509 883 per
1531 836 1692 874 feminas

191 908 256 943 aut
293 905 453 943 feminae
490 916 556 952 per
593 905 680 942 illos
713 906 759 942 ad
789 905 1037 952 ignominiosa
1073 905 1237 943 ludibria
1259 907 1520 953 prouocentur.
1555 905 1586 942 si
1608 904 1693 952 quis

146 989 178 1012 10
192 975 307 1012 habet
328 976 484 1011 matrem
507 974 568 1011 uel
591 973 707 1011 filiam
730 974 791 1011 uel
814 986 979 1012 sororem
1000 974 1060 1012 uel
1081 974 1278 1021 coniugem
1300 974 1360 1011 uel
1392 975 1601 1020 cognatam,
1639 972 1693 1010 sie

190 1042 342 1088 habeat,
380 1044 422 1079 ut
451 1041 556 1079 nulla
593 1042 743 1080 intersit
773 1042 911 1081 aneilla.
943 1054 1064 1090 neque
1094 1043 1222 1090 aliqua
1243 1042 1478 1090 ingrediatur
1500 1043 1692 1087 extranea,

190 1122 236 1148 ne
258 1111 304 1148 ad
326 1112 396 1149 hoc
418 1111 593 1148 uideatur
613 1113 740 1149 tenere-
762 1112 954 1159 proximas
977 1123 1077 1158 suas,
1100 1113 1141 1148 ut
1159 1111 1327 1159 ipsarum
1350 1122 1462 1148 causa
1479 1110 1597 1147 libere
1620 1109 1693 1147 sibi

190 1180 368 1217 adhibeat
401 1180 557 1217 alienas.
592 1181 689 1227 quod
712 1180 743 1217 si
765 1192 838 1218 11011
866 1180 1015 1228 possint
1045 1180 1148 1227 ipsae
1171 1191 1266 1227 quae
1289 1182 1377 1217 sunt
1398 1179 1588 1227 proximae
1610 1178 1692 1215 sine

190 1248 415 1286 famularum
451 1249 662 1286 ministerio
698 1249 758 1287 uel
796 1249 875 1286 sine
914 1249 1117 1286 amicarum
1154 1260 1235 1287 esse
1274 1248 1424 1294 solacio,
1467 1247 1617 1295 expedit
1650 1249 1692 1284 ut

144 1329 175 1353 15
190 1317 354 1364 migrent
387 1318 433 1354 ad
463 1317 565 1354 aliud
600 1318 829 1355 domicilium
862 1329 972 1365 quam
994 1320 1148 1365 propter
1169 1317 1254 1355 illas
1278 1328 1458 1366 personae
1481 1315 1692 1354 contrariae

189 1387 403 1423 teneantur.
438 1387 643 1423 humanum
667 1388 726 1423 est
747 1387 858 1432 enim,
896 1387 937 1423 ut
958 1398 1025 1424 nec
1048 1386 1205 1424 clericus
1228 1386 1315 1424 illas
1336 1385 1559 1424 necessariis
1582 1384 1693 1422 femi-

191 1455 250 1492 nis
287 1455 437 1492 fraudet
474 1466 540 1493 nec
578 1455 681 1502 ipsae
723 1455 899 1493 clericum
937 1466 1003 1502 per
1039 1455 1262 1503 inportunas
1293 1455 1452 1493 feminas
1483 1455 1689 1492 sordident.

192 1523 387 1570 adsignari
409 1526 567 1570 possunt
589 1523 731 1561 sanctis
763 1523 997 1570 mulieribus,
1036 1536 1119 1561 curn
1152 1524 1288 1571 quibus
1311 1524 1455 1569 uiuant,
1493 1523 1691 1560 dummodo

192 1604 274 1630 cum
304 1593 436 1630 clerico
468 1592 608 1630 femina
637 1593 742 1630 nulla
763 1595 1008 1631 commaneat.
1040 1605 1114 1630 11011
1136 1594 1325 1639 despecta,
1363 1603 1436 1629 11011
1459 1591 1589 1629 uetula
1611 1590 1691 1629 sine

149 1673 181 1698 20
196 1661 392 1698 adfinitate
429 1661 671 1708 peculiariter
710 1662 949 1708 suscipienda
985 1664 1043 1699 est
1079 1661 1126 1698 ad
1167 1661 1413 1698 domesticum
1449 1660 1688 1707 obsequium:

193 1730 281 1776 quia
310 1729 431 1777 magis
468 1729 545 1767 illic
568 1730 640 1768 cito
664 1729 913 1778 delinquitur,
952 1730 1014 1768 ubi
1037 1731 1116 1768 sine
1139 1729 1351 1777 suspicione
1375 1740 1546 1767 securum
1568 1729 1693 1776 potest

192 1809 274 1836 esse
298 1798 489 1844 delictum,
514 1799 672 1837 maxime
695 1799 783 1846 quia
805 1799 971 1846 cupidini
994 1799 1098 1836 nulla
1120 1798 1352 1844 deformitas,
1376 1797 1483 1835 nulla
1505 1797 1692 1844 despectio

193 1867 339 1904 fastidii
362 1867 422 1905 uel
445 1868 534 1905 uilis
556 1868 697 1915 existit,
736 1868 796 1906 cui
819 1868 989 1905 diabolus
1012 1868 1172 1915 pingens
1209 1867 1419 1914 speciosum
1442 1867 1558 1904 efficit
1588 1866 1691 1915 quic-

191 1936 279 1983 quid
303 1936 451 1974 foedum
474 1936 534 1974 uel
557 1937 751 1974 horridum
774 1936 901 1975 fuerit.

145 2018 178 2043 25
250 2004 286 2041 Si
321 2005 405 2052 quis
441 2008 565 2043 autem
602 2007 710 2043 modo
750 2006 979 2052 profectione
1016 2007 1171 2053 cogente
1209 2005 1307 2053 apud
1330 2005 1465 2043 fratres
1502 2005 1561 2043 uel
1592 2005 1690 2052 apud
1706 2005 1759 2042 45

191 2074 386 2110 extraneos
425 2074 653 2120 hospitatur,
691 2074 755 2111 ubi
792 2074 968 2112 mulieres
1003 2074 1206 2122 intersunt,
1244 2074 1392 2112 omnino
1429 2086 1467 2112 se
1497 2075 1609 2120 artet,
1647 2085 1692 2111 ne

191 2141 446 2188 passibilitate
483 2141 610 2189 aliqua
645 2142 814 2181 uitietur.
847 2144 1012 2181 semotus
1041 2155 1084 2180 ac
1119 2144 1286 2181 secretus
1309 2143 1385 2181 Deo
1418 2145 1525 2180 uacet
1546 2145 1583 2180 et
1605 2142 1690 2189 sibi,

190 2220 235 2246 ne
271 2209 372 2247 intus
409 2210 580 2258 capiatur
601 2223 622 2248 a
645 2211 805 2258 diabolo,
843 2214 879 2248 et
915 2211 978 2258 qui
1013 2211 1106 2249 foris
1144 2212 1225 2259 capi
1246 2223 1319 2249 11011
1340 2212 1462 2258 potuit
1484 2213 1582 2258 apud
1606 2223 1692 2249 suos

283 2367 304 2399 5
329 2366 394 2400 Sir.
423 2366 476 2407 10,
502 2366 555 2400 34.

282 2515 303 2548 2
329 2518 364 2548 et
397 2514 602 2549 turbinibus
644 2515 672 2549 G
701 2516 736 2548 et
760 2526 788 2548 s.
815 2515 836 2548 l.
862 2526 906 2549 m.
935 2517 957 2549 2
1187 2515 1208 2549 3
1241 2526 1308 2558 quo
1347 2515 1376 2550 C
1404 2526 1430 2550 s.
1459 2516 1480 2550 l.
1507 2527 1550 2550 m.
1577 2518 1602 2550 2

192 2572 211 2605 7
238 2575 319 2606 sunt
344 2574 387 2606 st.
414 2573 531 2606 omnia
564 2573 592 2607 G
706 2574 728 2605 ὃ
753 2572 1009 2606 inaccusabiles
1039 2572 1082 2607 C¹
1200 2574 1243 2605 1⁴)
1268 2572 1324 2606 uel
1350 2573 1533 2617 coniugem
1563 2577 1592 2602 Γ
1612 2584 1692 2617 emp.

190 2641 235 2665 m.
262 2633 284 2664 2
469 2631 509 2663 11
538 2630 585 2663 sit
618 2629 709 2663 inter
736 2630 842 2672 (iuter
868 2629 915 2662 sit
942 2641 983 2663 m.
1010 2631 1049 2674 2)
1076 2629 1207 2663 ancilla
1233 2629 1270 2664 C.
1305 2630 1436 2663 ancilla
1462 2630 1604 2663 intersit
1628 2641 1648 2664 v

192 2687 234 2719 13
260 2689 405 2730 possunt
434 2687 462 2721 C
646 2687 688 2720 14
713 2697 786 2720 esse
811 2697 874 2719 om.
907 2686 935 2720 C
1110 2688 1150 2720 ut
1176 2687 1307 2730 migret
1338 2687 1367 2721 C
1390 2689 1430 2720 111
1455 2698 1481 2721 s.
1509 2688 1530 2721 l.
1555 2699 1598 2721 m.
1626 2690 1649 2721 2

192 2744 234 2777 16
260 2746 300 2777 111
329 2745 357 2776 (J
377 2754 403 2779 s.
433 2743 453 2777 l.
479 2755 522 2777 m.
548 2745 571 2777 2
763 2745 807 2776 20
832 2746 886 2777 est
911 2742 955 2777 ad
987 2744 1023 2783 C,
1050 2743 1093 2777 ad
1119 2755 1139 2778 v
1333 2744 1374 2777 21
1402 2744 1476 2778 11110
1502 2744 1571 2778 0110
1598 2744 1693 2787 Bal„

191 2799 330 2833 inlicito
361 2800 389 2834 C
524 2800 569 2833 22
595 2799 770 2842 cupidinis
798 2800 827 2834 C
963 2800 1007 2834 23
1033 2800 1089 2834 0111
1122 2801 1158 2841 C,
1185 2799 1242 2834 sed
1269 2811 1288 2834 v
1428 2802 1470 2834 2ῖ
1497 2812 1534 2835 ac
1566 2802 1595 2836 C
1617 2812 1643 2835 s.
1670 2802 1690 2835 I.

191 2867 234 2890 m.
261 2860 283 2890 2
421 2857 464 2890 28
490 2867 568 2890 suos
595 2867 639 2890 εςυ
665 2867 727 2890 uos
759 2857 788 2891 C
