<?xml version="1.0" encoding="UTF-8"?>
<!DOCTYPE html PUBLIC "-//W3C//DTD XHTML 1.0 Transitional//EN"
    "http://www.w3.org/TR/xhtml1/DTD/xhtml1-transitional.dtd">
<html xmlns="http://www.w3.org/1999/xhtml" xml:lang="en" lang="en">
 <head>
  <title>
</title>
<meta http-equiv="Content-Type" content="text/html;charset=utf-8" />
  <meta name='ocr-system' content='tesseract 3.04.00' />
  <meta name='ocr-capabilities' content='ocr_page ocr_carea ocr_par ocr_line ocrx_word'/>
</head>
<body>
  <div class='ocr_page' id='page_1' title='image "./corpusscriptorum03cypruoft_0088.png"; bbox 0 0 2032 3248; ppageno 0'>
   <div class='ocr_carea' id='block_1_1' title="bbox 382 215 1253 263">
    <p class='ocr_par' dir='ltr' id='par_1_1' title="bbox 382 215 1253 263">
     <span class='ocr_line' id='line_1_1' title="bbox 382 215 1253 263; baseline 0 -14"><span class='ocrx_word' id='word_1_1' title='bbox 382 223 436 263; x_wconf 75' lang='lat'>78</span> <span class='ocrx_word' id='word_1_2' title='bbox 1011 215 1253 260; x_wconf 81' lang='lat' dir='ltr'>Appendix.</span> 
     </span>
    </p>
   </div>
   <div class='ocr_carea' id='block_1_2' title="bbox 327 320 1929 2579">
    <p class='ocr_par' dir='ltr' id='par_1_2' title="bbox 379 320 1885 509">
     <span class='ocr_line' id='line_1_2' title="bbox 381 320 1885 371; baseline -0.003 -8"><span class='ocrx_word' id='word_1_3' title='bbox 381 337 428 363; x_wconf 88' lang='lat' dir='ltr'>an</span> <span class='ocrx_word' id='word_1_4' title='bbox 457 336 544 363; x_wconf 91' lang='lat' dir='ltr'>uero</span> <span class='ocrx_word' id='word_1_5' title='bbox 574 325 613 361; x_wconf 93' lang='lat' dir='ltr'>in</span> <span class='ocrx_word' id='word_1_6' title='bbox 642 324 767 371; x_wconf 88' lang='lat' dir='ltr'>aliquo</span> <span class='ocrx_word' id='word_1_7' title='bbox 797 323 982 361; x_wconf 74' lang='lat' dir='ltr'>claudicet</span> <span class='ocrx_word' id='word_1_8' title='bbox 1015 333 1098 360; x_wconf 86' lang='lat' dir='ltr'>cum</span> <span class='ocrx_word' id='word_1_9' title='bbox 1130 321 1348 370; x_wconf 89' lang='lat' dir='ltr'>baptizatur</span> <span class='ocrx_word' id='word_1_10' title='bbox 1376 321 1608 368; x_wconf 85' lang='lat' dir='ltr'>baptismate</span> <span class='ocrx_word' id='word_1_11' title='bbox 1631 332 1762 368; x_wconf 87' lang='lat' dir='ltr'>aquae,</span> <span class='ocrx_word' id='word_1_12' title='bbox 1785 320 1885 368; x_wconf 89' lang='lat' dir='ltr'>quod</span> 
     </span>
     <span class='ocr_line' id='line_1_3' title="bbox 379 389 1884 440; baseline -0.003 -9"><span class='ocrx_word' id='word_1_13' title='bbox 379 394 501 431; x_wconf 88' lang='lat' dir='ltr'>minus</span> <span class='ocrx_word' id='word_1_14' title='bbox 532 394 601 439; x_wconf 86' lang='lat' dir='ltr'>est,</span> <span class='ocrx_word' id='word_1_15' title='bbox 638 392 836 430; x_wconf 89' lang='lat' dir='ltr'>dummodo</span> <span class='ocrx_word' id='word_1_16' title='bbox 868 394 1000 440; x_wconf 86' lang='lat' dir='ltr'>postea</span> <span class='ocrx_word' id='word_1_17' title='bbox 1030 392 1176 430; x_wconf 87' lang='lat' dir='ltr'>constet</span> <span class='ocrx_word' id='word_1_18' title='bbox 1205 391 1244 428; x_wconf 89' lang='lat' dir='ltr'>in</span> <span class='ocrx_word' id='word_1_19' title='bbox 1265 390 1426 428; x_wconf 90' lang='lat' dir='ltr'>ueritate</span> <span class='ocrx_word' id='word_1_20' title='bbox 1448 390 1594 428; x_wconf 89' lang='lat' dir='ltr'>sincera</span> <span class='ocrx_word' id='word_1_21' title='bbox 1615 389 1707 427; x_wconf 89' lang='lat' dir='ltr'>fides</span> <span class='ocrx_word' id='word_1_22' title='bbox 1729 389 1768 427; x_wconf 93' lang='lat' dir='ltr'>in</span> <span class='ocrx_word' id='word_1_23' title='bbox 1789 390 1884 437; x_wconf 87' lang='lat' dir='ltr'>bap-</span> 
     </span>
     <span class='ocr_line' id='line_1_4' title="bbox 379 460 1304 509; baseline -0.002 -10"><span class='ocrx_word' id='word_1_24' title='bbox 379 461 531 499; x_wconf 88' lang='lat' dir='ltr'>tismate</span> <span class='ocrx_word' id='word_1_25' title='bbox 554 461 723 509; x_wconf 89' lang='lat' dir='ltr'>spiritus,</span> <span class='ocrx_word' id='word_1_26' title='bbox 747 463 845 509; x_wconf 86' lang='lat' dir='ltr'>quod</span> <span class='ocrx_word' id='word_1_27' title='bbox 866 473 939 499; x_wconf 91' lang='lat' dir='ltr'>non</span> <span class='ocrx_word' id='word_1_28' title='bbox 961 461 1071 498; x_wconf 88' lang='lat' dir='ltr'>dubie</span> <span class='ocrx_word' id='word_1_29' title='bbox 1092 460 1213 498; x_wconf 89' lang='lat' dir='ltr'>maius</span> <span class='ocrx_word' id='word_1_30' title='bbox 1236 462 1304 498; x_wconf 90' lang='lat' dir='ltr'>est.</span> 
     </span>
    </p>

    <p class='ocr_par' dir='ltr' id='par_1_3' title="bbox 341 526 1929 2234">
     <span class='ocr_line' id='line_1_5' title="bbox 341 526 1881 576; baseline -0.001 -11"><span class='ocrx_word' id='word_1_31' title='bbox 341 529 364 565; x_wconf 86' lang='lat'><strong>7</strong></span> <span class='ocrx_word' id='word_1_32' title='bbox 436 529 515 568; x_wconf 87' lang='lat' dir='ltr'>Nec</span> <span class='ocrx_word' id='word_1_33' title='bbox 547 529 724 569; x_wconf 74' lang='lat' dir='ltr'>aestimes</span> <span class='ocrx_word' id='word_1_34' title='bbox 757 530 845 568; x_wconf 88' lang='lat' dir='ltr'>huic</span> <span class='ocrx_word' id='word_1_35' title='bbox 874 529 1055 568; x_wconf 88' lang='lat' dir='ltr'>tractatui</span> <span class='ocrx_word' id='word_1_36' title='bbox 1087 529 1316 567; x_wconf 88' lang='lat' dir='ltr'>contrarium</span> <span class='ocrx_word' id='word_1_37' title='bbox 1337 539 1418 566; x_wconf 89' lang='lat' dir='ltr'>esse</span> <span class='ocrx_word' id='word_1_38' title='bbox 1441 529 1539 576; x_wconf 88' lang='lat' dir='ltr'>quod</span> <span class='ocrx_word' id='word_1_39' title='bbox 1561 527 1657 565; x_wconf 84' lang='lat' dir='ltr'>dixit</span> <span class='ocrx_word' id='word_1_40' title='bbox 1677 526 1881 566; x_wconf 84' lang='lat' dir='ltr'>Dominus:</span> 
     </span>
     <span class='ocr_line' id='line_1_6' title="bbox 377 596 1911 647; baseline -0.001 -13"><span class='ocrx_word' id='word_1_41' title='bbox 377 597 466 645; x_wconf 87' lang='lat' dir='ltr'>ite,</span> <span class='ocrx_word' id='word_1_42' title='bbox 508 599 677 638; x_wconf 85' lang='lat' dir='ltr'>docete</span> <span class='ocrx_word' id='word_1_43' title='bbox 718 601 912 647; x_wconf 82' lang='lat' dir='ltr'>gentes,</span> <span class='ocrx_word' id='word_1_44' title='bbox 951 599 1169 646; x_wconf 86' lang='lat' dir='ltr'>tinguite</span> <span class='ocrx_word' id='word_1_45' title='bbox 1210 610 1289 636; x_wconf 86' lang='lat' dir='ltr'>eos</span> <span class='ocrx_word' id='word_1_46' title='bbox 1329 597 1375 635; x_wconf 89' lang='lat' dir='ltr'>in</span> <span class='ocrx_word' id='word_1_47' title='bbox 1417 597 1606 635; x_wconf 87' lang='lat' dir='ltr'>nomine</span> <span class='ocrx_word' id='word_1_48' title='bbox 1648 596 1807 644; x_wconf 85' lang='lat' dir='ltr'>patris</span> <span class='ocrx_word' id='word_1_49' title='bbox 1837 596 1911 634; x_wconf 84' lang='lat' dir='ltr'>et5</span> 
     </span>
     <span class='ocr_line' id='line_1_7' title="bbox 377 666 1883 716; baseline -0.001 -12"><span class='ocrx_word' id='word_1_50' title='bbox 377 667 480 705; x_wconf 86' lang='lat' dir='ltr'>filii</span> <span class='ocrx_word' id='word_1_51' title='bbox 511 670 556 706; x_wconf 90' lang='lat' dir='ltr'>et</span> <span class='ocrx_word' id='word_1_52' title='bbox 597 668 811 716; x_wconf 89' lang='lat' dir='ltr'>spiritus</span> <span class='ocrx_word' id='word_1_53' title='bbox 852 668 1023 706; x_wconf 79' lang='lat' dir='ltr'>sancti.</span> <span class='ocrx_word' id='word_1_54' title='bbox 1073 667 1162 715; x_wconf 86' lang='lat' dir='ltr'>quia</span> <span class='ocrx_word' id='word_1_55' title='bbox 1199 679 1283 706; x_wconf 88' lang='lat' dir='ltr'>cum</span> <span class='ocrx_word' id='word_1_56' title='bbox 1319 667 1389 705; x_wconf 88' lang='lat' dir='ltr'>hoc</span> <span class='ocrx_word' id='word_1_57' title='bbox 1425 678 1556 705; x_wconf 89' lang='lat' dir='ltr'>uerum</span> <span class='ocrx_word' id='word_1_58' title='bbox 1592 666 1630 704; x_wconf 88' lang='lat' dir='ltr'>et</span> <span class='ocrx_word' id='word_1_59' title='bbox 1666 667 1811 704; x_wconf 90' lang='lat' dir='ltr'>rectum</span> <span class='ocrx_word' id='word_1_60' title='bbox 1846 666 1883 703; x_wconf 90' lang='lat' dir='ltr'>et</span> 
     </span>
     <span class='ocr_line' id='line_1_8' title="bbox 376 734 1882 783; baseline -0.001 -9"><span class='ocrx_word' id='word_1_61' title='bbox 376 736 548 775; x_wconf 88' lang='lat' dir='ltr'>omnibus</span> <span class='ocrx_word' id='word_1_62' title='bbox 577 736 697 775; x_wconf 86' lang='lat' dir='ltr'>modis</span> <span class='ocrx_word' id='word_1_63' title='bbox 729 737 768 774; x_wconf 93' lang='lat' dir='ltr'>in</span> <span class='ocrx_word' id='word_1_64' title='bbox 798 737 956 775; x_wconf 89' lang='lat' dir='ltr'>ecclesia</span> <span class='ocrx_word' id='word_1_65' title='bbox 977 736 1252 775; x_wconf 88' lang='lat' dir='ltr'>obseruandum</span> <span class='ocrx_word' id='word_1_66' title='bbox 1276 736 1326 774; x_wconf 90' lang='lat' dir='ltr'>sit</span> <span class='ocrx_word' id='word_1_67' title='bbox 1348 737 1384 774; x_wconf 91' lang='lat' dir='ltr'>et</span> <span class='ocrx_word' id='word_1_68' title='bbox 1405 735 1601 774; x_wconf 84' lang='lat' dir='ltr'>obseruari</span> <span class='ocrx_word' id='word_1_69' title='bbox 1622 745 1770 783; x_wconf 84' lang='lat' dir='ltr'>quoque</span> <span class='ocrx_word' id='word_1_70' title='bbox 1792 734 1882 773; x_wconf 88' lang='lat' dir='ltr'>soli-</span> 
     </span>
     <span class='ocr_line' id='line_1_9' title="bbox 375 803 1883 853; baseline -0.001 -11"><span class='ocrx_word' id='word_1_71' title='bbox 375 806 456 842; x_wconf 89' lang='lat' dir='ltr'>tum</span> <span class='ocrx_word' id='word_1_72' title='bbox 486 805 553 852; x_wconf 86' lang='lat' dir='ltr'>sit,</span> <span class='ocrx_word' id='word_1_73' title='bbox 578 808 703 844; x_wconf 84' lang='lat' dir='ltr'>tamen</span> <span class='ocrx_word' id='word_1_74' title='bbox 735 806 970 844; x_wconf 89' lang='lat' dir='ltr'>considerare</span> <span class='ocrx_word' id='word_1_75' title='bbox 1002 807 1151 853; x_wconf 75' lang='lat' dir='ltr'>oportet</span> <span class='ocrx_word' id='word_1_76' title='bbox 1184 806 1284 853; x_wconf 89' lang='lat' dir='ltr'>quod</span> <span class='ocrx_word' id='word_1_77' title='bbox 1305 804 1493 843; x_wconf 86' lang='lat' dir='ltr'>inuocatio</span> <span class='ocrx_word' id='word_1_78' title='bbox 1516 803 1679 842; x_wconf 90' lang='lat' dir='ltr'>nominis</span> <span class='ocrx_word' id='word_1_79' title='bbox 1701 804 1788 842; x_wconf 88' lang='lat' dir='ltr'>Iesu</span> <span class='ocrx_word' id='word_1_80' title='bbox 1809 815 1883 842; x_wconf 89' lang='lat' dir='ltr'>non</span> 
     </span>
     <span class='ocr_line' id='line_1_10' title="bbox 374 872 1882 923; baseline -0.001 -12"><span class='ocrx_word' id='word_1_81' title='bbox 374 874 486 912; x_wconf 87' lang='lat' dir='ltr'>debet</span> <span class='ocrx_word' id='word_1_82' title='bbox 514 887 537 912; x_wconf 91' lang='lat' dir='ltr'>a</span> <span class='ocrx_word' id='word_1_83' title='bbox 559 875 668 912; x_wconf 91' lang='lat' dir='ltr'>nobis</span> <span class='ocrx_word' id='word_1_84' title='bbox 699 874 822 913; x_wconf 84' lang='lat' dir='ltr'>futilis</span> <span class='ocrx_word' id='word_1_85' title='bbox 858 875 977 912; x_wconf 89' lang='lat' dir='ltr'>uideri</span> <span class='ocrx_word' id='word_1_86' title='bbox 1010 876 1165 923; x_wconf 89' lang='lat' dir='ltr'>propter</span> <span class='ocrx_word' id='word_1_87' title='bbox 1194 876 1477 913; x_wconf 87' lang='lat' dir='ltr'>uenerationem</span> <span class='ocrx_word' id='word_1_88' title='bbox 1498 875 1536 912; x_wconf 90' lang='lat' dir='ltr'>et</span> <span class='ocrx_word' id='word_1_89' title='bbox 1557 873 1741 911; x_wconf 90' lang='lat' dir='ltr'>uirtutem</span> <span class='ocrx_word' id='word_1_90' title='bbox 1761 872 1882 921; x_wconf 89' lang='lat' dir='ltr'>ipsius</span> 
     </span>
     <span class='ocr_line' id='line_1_11' title="bbox 374 943 1929 991; baseline -0.001 -11"><span class='ocrx_word' id='word_1_91' title='bbox 374 943 548 990; x_wconf 89' lang='lat' dir='ltr'>nominis,</span> <span class='ocrx_word' id='word_1_92' title='bbox 579 944 618 980; x_wconf 92' lang='lat' dir='ltr'>in</span> <span class='ocrx_word' id='word_1_93' title='bbox 648 955 719 991; x_wconf 88' lang='lat' dir='ltr'>quo</span> <span class='ocrx_word' id='word_1_94' title='bbox 748 943 896 982; x_wconf 91' lang='lat' dir='ltr'>nomine</span> <span class='ocrx_word' id='word_1_95' title='bbox 926 943 1090 982; x_wconf 86' lang='lat' dir='ltr'>uirtutes</span> <span class='ocrx_word' id='word_1_96' title='bbox 1121 954 1250 982; x_wconf 92' lang='lat' dir='ltr'>omnes</span> <span class='ocrx_word' id='word_1_97' title='bbox 1280 943 1402 981; x_wconf 91' lang='lat' dir='ltr'>solent</span> <span class='ocrx_word' id='word_1_98' title='bbox 1432 943 1515 981; x_wconf 91' lang='lat' dir='ltr'>fieri</span> <span class='ocrx_word' id='word_1_99' title='bbox 1543 944 1580 981; x_wconf 94' lang='lat' dir='ltr'>et</span> <span class='ocrx_word' id='word_1_100' title='bbox 1601 953 1882 989; x_wconf 88' lang='lat' dir='ltr'>nonnumquam</span> <span class='ocrx_word' id='word_1_101' title='bbox 1896 956 1929 980; x_wconf 86' lang='lat'>10</span> 
     </span>
     <span class='ocr_line' id='line_1_12' title="bbox 372 1010 1881 1059; baseline -0.001 -11"><span class='ocrx_word' id='word_1_102' title='bbox 372 1011 522 1059; x_wconf 79' lang='lat' dir='ltr'>aliquae</span> <span class='ocrx_word' id='word_1_103' title='bbox 559 1013 674 1050; x_wconf 88' lang='lat' dir='ltr'>etiam</span> <span class='ocrx_word' id='word_1_104' title='bbox 709 1013 756 1050; x_wconf 82' lang='lat' dir='ltr'>ab</span> <span class='ocrx_word' id='word_1_105' title='bbox 791 1012 1006 1051; x_wconf 85' lang='lat' dir='ltr'>hominibus</span> <span class='ocrx_word' id='word_1_106' title='bbox 1042 1012 1242 1051; x_wconf 81' lang='lat' dir='ltr'>extraneis.</span> <span class='ocrx_word' id='word_1_107' title='bbox 1286 1014 1453 1050; x_wconf 87' lang='lat' dir='ltr'>ceterum</span> <span class='ocrx_word' id='word_1_108' title='bbox 1489 1023 1561 1059; x_wconf 86' lang='lat' dir='ltr'>quo</span> <span class='ocrx_word' id='word_1_109' title='bbox 1591 1010 1784 1058; x_wconf 71' lang='lat' dir='ltr'>pertinent</span> <span class='ocrx_word' id='word_1_110' title='bbox 1814 1010 1881 1048; x_wconf 84' lang='lat' dir='ltr'>illa</span> 
     </span>
     <span class='ocr_line' id='line_1_13' title="bbox 373 1078 1882 1129; baseline -0.001 -12"><span class='ocrx_word' id='word_1_111' title='bbox 373 1081 487 1118; x_wconf 84' lang='lat' dir='ltr'>uerba</span> <span class='ocrx_word' id='word_1_112' title='bbox 515 1080 670 1128; x_wconf 86' lang='lat' dir='ltr'>Christi,</span> <span class='ocrx_word' id='word_1_113' title='bbox 701 1081 765 1129; x_wconf 89' lang='lat' dir='ltr'>qui</span> <span class='ocrx_word' id='word_1_114' title='bbox 793 1083 1018 1129; x_wconf 71' lang='lat' dir='ltr'>negaturum</span> <span class='ocrx_word' id='word_1_115' title='bbox 1048 1092 1087 1118; x_wconf 92' lang='lat' dir='ltr'>se</span> <span class='ocrx_word' id='word_1_116' title='bbox 1116 1092 1199 1119; x_wconf 89' lang='lat' dir='ltr'>esse</span> <span class='ocrx_word' id='word_1_117' title='bbox 1229 1081 1324 1118; x_wconf 79' lang='lat' dir='ltr'>dixit</span> <span class='ocrx_word' id='word_1_118' title='bbox 1357 1092 1425 1119; x_wconf 91' lang='lat' dir='ltr'>nec</span> <span class='ocrx_word' id='word_1_119' title='bbox 1445 1091 1555 1119; x_wconf 88' lang='lat' dir='ltr'>nosse</span> <span class='ocrx_word' id='word_1_120' title='bbox 1577 1090 1640 1117; x_wconf 91' lang='lat' dir='ltr'>eos</span> <span class='ocrx_word' id='word_1_121' title='bbox 1662 1079 1726 1127; x_wconf 89' lang='lat' dir='ltr'>qui</span> <span class='ocrx_word' id='word_1_122' title='bbox 1747 1078 1822 1118; x_wconf 91' lang='lat' dir='ltr'>sibi</span> <span class='ocrx_word' id='word_1_123' title='bbox 1842 1079 1882 1116; x_wconf 92' lang='lat' dir='ltr'>in</span> 
     </span>
     <span class='ocr_line' id='line_1_14' title="bbox 375 1148 1880 1205; baseline 0.001 -20"><span class='ocrx_word' id='word_1_124' title='bbox 375 1148 434 1186; x_wconf 87' lang='lat' dir='ltr'>die</span> <span class='ocrx_word' id='word_1_125' title='bbox 456 1149 586 1187; x_wconf 90' lang='lat' dir='ltr'>iudicii</span> <span class='ocrx_word' id='word_1_126' title='bbox 607 1150 747 1188; x_wconf 89' lang='lat' dir='ltr'>dicturi</span> <span class='ocrx_word' id='word_1_127' title='bbox 775 1152 922 1188; x_wconf 83' lang='lat' dir='ltr'>essent:</span> <span class='ocrx_word' id='word_1_128' title='bbox 955 1150 1163 1205; x_wconf 80' lang='lat' dir='ltr'>Domine,</span> <span class='ocrx_word' id='word_1_129' title='bbox 1195 1150 1403 1197; x_wconf 86' lang='lat' dir='ltr'>Domine,</span> <span class='ocrx_word' id='word_1_130' title='bbox 1435 1160 1587 1188; x_wconf 90' lang='lat' dir='ltr'>nonne</span> <span class='ocrx_word' id='word_1_131' title='bbox 1619 1149 1666 1186; x_wconf 94' lang='lat' dir='ltr'>in</span> <span class='ocrx_word' id='word_1_132' title='bbox 1696 1150 1775 1186; x_wconf 90' lang='lat' dir='ltr'>tuo</span> <span class='ocrx_word' id='word_1_133' title='bbox 1805 1159 1880 1186; x_wconf 91' lang='lat' dir='ltr'>no-</span> 
     </span>
     <span class='ocr_line' id='line_1_15' title="bbox 374 1216 1879 1267; baseline -0.001 -11"><span class='ocrx_word' id='word_1_134' title='bbox 374 1217 496 1256; x_wconf 91' lang='lat' dir='ltr'>mine</span> <span class='ocrx_word' id='word_1_135' title='bbox 542 1219 947 1267; x_wconf 81' lang='lat' dir='ltr'>prophetanimus</span> <span class='ocrx_word' id='word_1_136' title='bbox 988 1220 1033 1257; x_wconf 89' lang='lat' dir='ltr'>et</span> <span class='ocrx_word' id='word_1_137' title='bbox 1064 1219 1111 1256; x_wconf 93' lang='lat' dir='ltr'>in</span> <span class='ocrx_word' id='word_1_138' title='bbox 1152 1219 1336 1257; x_wconf 90' lang='lat' dir='ltr'>nomine</span> <span class='ocrx_word' id='word_1_139' title='bbox 1379 1220 1459 1257; x_wconf 89' lang='lat' dir='ltr'>tuo</span> <span class='ocrx_word' id='word_1_140' title='bbox 1506 1217 1756 1256; x_wconf 88' lang='lat' dir='ltr'>daemonia</span> <span class='ocrx_word' id='word_1_141' title='bbox 1787 1216 1879 1255; x_wconf 88' lang='lat' dir='ltr'>eie-</span> 
     </span>
     <span class='ocr_line' id='line_1_16' title="bbox 374 1287 1927 1336; baseline -0.001 -11"><span class='ocrx_word' id='word_1_142' title='bbox 374 1287 524 1326; x_wconf 89' lang='lat' dir='ltr'>cimus</span> <span class='ocrx_word' id='word_1_143' title='bbox 555 1290 599 1327; x_wconf 92' lang='lat' dir='ltr'>et</span> <span class='ocrx_word' id='word_1_144' title='bbox 629 1289 674 1326; x_wconf 91' lang='lat' dir='ltr'>in</span> <span class='ocrx_word' id='word_1_145' title='bbox 713 1288 900 1326; x_wconf 90' lang='lat' dir='ltr'>nomine</span> <span class='ocrx_word' id='word_1_146' title='bbox 941 1290 1019 1327; x_wconf 91' lang='lat' dir='ltr'>tuo</span> <span class='ocrx_word' id='word_1_147' title='bbox 1062 1288 1281 1326; x_wconf 89' lang='lat' dir='ltr'>uirtutes</span> <span class='ocrx_word' id='word_1_148' title='bbox 1322 1299 1517 1336; x_wconf 84' lang='lat' dir='ltr'>magnas</span> <span class='ocrx_word' id='word_1_149' title='bbox 1549 1287 1774 1333; x_wconf 82' lang='lat' dir='ltr'>fecimus,</span> <span class='ocrx_word' id='word_1_150' title='bbox 1818 1297 1877 1325; x_wconf 89' lang='lat' dir='ltr'>re·</span> <span class='ocrx_word' id='word_1_151' title='bbox 1896 1299 1927 1323; x_wconf 81' lang='lat'>15</span> 
     </span>
     <span class='ocr_line' id='line_1_17' title="bbox 373 1355 1880 1405; baseline -0.002 -10"><span class='ocrx_word' id='word_1_152' title='bbox 373 1358 590 1405; x_wconf 87' lang='lat' dir='ltr'>spondendo</span> <span class='ocrx_word' id='word_1_153' title='bbox 621 1358 675 1395; x_wconf 85' lang='lat' dir='ltr'>eis</span> <span class='ocrx_word' id='word_1_154' title='bbox 703 1358 816 1395; x_wconf 86' lang='lat' dir='ltr'>etiam</span> <span class='ocrx_word' id='word_1_155' title='bbox 847 1370 929 1396; x_wconf 88' lang='lat' dir='ltr'>cum</span> <span class='ocrx_word' id='word_1_156' title='bbox 959 1358 1198 1396; x_wconf 84' lang='lat' dir='ltr'>iureiurando</span> <span class='ocrx_word' id='word_1_157' title='bbox 1240 1357 1350 1405; x_wconf 88' lang='lat' dir='ltr'>quia</span> <span class='ocrx_word' id='word_1_158' title='bbox 1387 1368 1635 1405; x_wconf 84' lang='lat' dir='ltr'>numquam</span> <span class='ocrx_word' id='word_1_159' title='bbox 1676 1355 1880 1403; x_wconf 87' lang='lat' dir='ltr'>cognoui</span> 
     </span>
     <span class='ocr_line' id='line_1_18' title="bbox 372 1423 1881 1476; baseline -0.002 -12"><span class='ocrx_word' id='word_1_160' title='bbox 372 1438 477 1474; x_wconf 90' lang='lat' dir='ltr'>uos,</span> <span class='ocrx_word' id='word_1_161' title='bbox 525 1426 768 1465; x_wconf 76' lang='lat' dir='ltr'>discedite</span> <span class='ocrx_word' id='word_1_162' title='bbox 808 1439 829 1465; x_wconf 88' lang='lat' dir='ltr'>a</span> <span class='ocrx_word' id='word_1_163' title='bbox 868 1438 934 1465; x_wconf 88' lang='lat' dir='ltr'>me</span> <span class='ocrx_word' id='word_1_164' title='bbox 977 1427 1056 1475; x_wconf 88' lang='lat' dir='ltr'>qui</span> <span class='ocrx_word' id='word_1_165' title='bbox 1101 1427 1368 1475; x_wconf 85' lang='lat' dir='ltr'>operamini</span> <span class='ocrx_word' id='word_1_166' title='bbox 1413 1426 1754 1476; x_wconf 88' lang='lat' dir='ltr'>iniquitatem,</span> <span class='ocrx_word' id='word_1_167' title='bbox 1806 1423 1881 1462; x_wconf 89' lang='lat' dir='ltr'>nisi</span> 
     </span>
     <span class='ocr_line' id='line_1_19' title="bbox 373 1494 1879 1544; baseline -0.002 -10"><span class='ocrx_word' id='word_1_168' title='bbox 373 1496 637 1534; x_wconf 84' lang='lat' dir='ltr'>ostenderetur</span> <span class='ocrx_word' id='word_1_169' title='bbox 665 1496 774 1534; x_wconf 87' lang='lat' dir='ltr'>nobis</span> <span class='ocrx_word' id='word_1_170' title='bbox 806 1508 1084 1544; x_wconf 83' lang='lat' dir='ltr'>nonnumquam</span> <span class='ocrx_word' id='word_1_171' title='bbox 1104 1497 1218 1535; x_wconf 86' lang='lat' dir='ltr'>etiam</span> <span class='ocrx_word' id='word_1_172' title='bbox 1239 1496 1286 1534; x_wconf 87' lang='lat' dir='ltr'>ab</span> <span class='ocrx_word' id='word_1_173' title='bbox 1307 1496 1367 1534; x_wconf 91' lang='lat' dir='ltr'>his</span> <span class='ocrx_word' id='word_1_174' title='bbox 1389 1496 1453 1544; x_wconf 88' lang='lat' dir='ltr'>qui</span> <span class='ocrx_word' id='word_1_175' title='bbox 1475 1496 1720 1543; x_wconf 82' lang='lat' dir='ltr'>operarentur</span> <span class='ocrx_word' id='word_1_176' title='bbox 1741 1494 1879 1542; x_wconf 89' lang='lat' dir='ltr'>iniqui-</span> 
     </span>
     <span class='ocr_line' id='line_1_20' title="bbox 371 1564 1876 1614; baseline 0 -12"><span class='ocrx_word' id='word_1_177' title='bbox 371 1566 490 1603; x_wconf 87' lang='lat' dir='ltr'>tatem</span> <span class='ocrx_word' id='word_1_178' title='bbox 510 1576 621 1613; x_wconf 89' lang='lat' dir='ltr'>posse</span> <span class='ocrx_word' id='word_1_179' title='bbox 643 1577 709 1614; x_wconf 91' lang='lat' dir='ltr'>per</span> <span class='ocrx_word' id='word_1_180' title='bbox 729 1565 883 1603; x_wconf 86' lang='lat' dir='ltr'>nimiam</span> <span class='ocrx_word' id='word_1_181' title='bbox 904 1565 1086 1604; x_wconf 87' lang='lat' dir='ltr'>uirtutem</span> <span class='ocrx_word' id='word_1_182' title='bbox 1107 1565 1270 1604; x_wconf 88' lang='lat' dir='ltr'>nominis</span> <span class='ocrx_word' id='word_1_183' title='bbox 1290 1566 1377 1603; x_wconf 91' lang='lat' dir='ltr'>Iesu</span> <span class='ocrx_word' id='word_1_184' title='bbox 1399 1565 1512 1603; x_wconf 89' lang='lat' dir='ltr'>etiam</span> <span class='ocrx_word' id='word_1_185' title='bbox 1534 1566 1628 1603; x_wconf 91' lang='lat' dir='ltr'>haec</span> <span class='ocrx_word' id='word_1_186' title='bbox 1644 1564 1737 1603; x_wconf 89' lang='lat' dir='ltr'>fieri.</span> <span class='ocrx_word' id='word_1_187' title='bbox 1762 1564 1876 1603; x_wconf 84' lang='lat' dir='ltr'>idcir-</span> 
     </span>
     <span class='ocr_line' id='line_1_21' title="bbox 370 1634 1923 1683; baseline 0 -12"><span class='ocrx_word' id='word_1_188' title='bbox 370 1644 487 1682; x_wconf 86' lang='lat' dir='ltr'>coque</span> <span class='ocrx_word' id='word_1_189' title='bbox 517 1635 629 1672; x_wconf 88' lang='lat' dir='ltr'>debet</span> <span class='ocrx_word' id='word_1_190' title='bbox 657 1634 845 1672; x_wconf 86' lang='lat' dir='ltr'>inuocatio</span> <span class='ocrx_word' id='word_1_191' title='bbox 874 1635 967 1673; x_wconf 89' lang='lat' dir='ltr'>haec</span> <span class='ocrx_word' id='word_1_192' title='bbox 994 1635 1155 1673; x_wconf 91' lang='lat' dir='ltr'>nominis</span> <span class='ocrx_word' id='word_1_193' title='bbox 1176 1635 1263 1673; x_wconf 83' lang='lat' dir='ltr'>Iesu</span> <span class='ocrx_word' id='word_1_194' title='bbox 1284 1634 1392 1682; x_wconf 86' lang='lat' dir='ltr'>quasi</span> <span class='ocrx_word' id='word_1_195' title='bbox 1413 1634 1566 1672; x_wconf 88' lang='lat' dir='ltr'>initium</span> <span class='ocrx_word' id='word_1_196' title='bbox 1587 1634 1774 1682; x_wconf 89' lang='lat' dir='ltr'>quoddam</span> <span class='ocrx_word' id='word_1_197' title='bbox 1794 1646 1876 1683; x_wconf 79' lang='lat' dir='ltr'>my·</span> <span class='ocrx_word' id='word_1_198' title='bbox 1890 1645 1923 1671; x_wconf 86' lang='lat'>20</span> 
     </span>
     <span class='ocr_line' id='line_1_22' title="bbox 371 1702 1877 1751; baseline 0 -11"><span class='ocrx_word' id='word_1_199' title='bbox 371 1702 480 1741; x_wconf 87' lang='lat' dir='ltr'>sterii</span> <span class='ocrx_word' id='word_1_200' title='bbox 511 1703 686 1742; x_wconf 86' lang='lat' dir='ltr'>dominici</span> <span class='ocrx_word' id='word_1_201' title='bbox 708 1714 901 1742; x_wconf 89' lang='lat' dir='ltr'>commune</span> <span class='ocrx_word' id='word_1_202' title='bbox 923 1703 1031 1742; x_wconf 86' lang='lat' dir='ltr'>nobis</span> <span class='ocrx_word' id='word_1_203' title='bbox 1054 1705 1091 1741; x_wconf 93' lang='lat' dir='ltr'>et</span> <span class='ocrx_word' id='word_1_204' title='bbox 1114 1703 1250 1742; x_wconf 88' lang='lat' dir='ltr'>ceteris</span> <span class='ocrx_word' id='word_1_205' title='bbox 1268 1703 1440 1741; x_wconf 87' lang='lat' dir='ltr'>omnibus</span> <span class='ocrx_word' id='word_1_206' title='bbox 1462 1703 1603 1751; x_wconf 82' lang='lat' dir='ltr'>accipi,</span> <span class='ocrx_word' id='word_1_207' title='bbox 1635 1703 1734 1751; x_wconf 87' lang='lat' dir='ltr'>quod</span> <span class='ocrx_word' id='word_1_208' title='bbox 1754 1702 1877 1750; x_wconf 84' lang='lat' dir='ltr'>possit</span> 
     </span>
     <span class='ocr_line' id='line_1_23' title="bbox 370 1771 1875 1820; baseline -0.001 -10"><span class='ocrx_word' id='word_1_209' title='bbox 370 1773 607 1819; x_wconf 89' lang='lat' dir='ltr'>postmodum</span> <span class='ocrx_word' id='word_1_210' title='bbox 627 1772 790 1810; x_wconf 86' lang='lat' dir='ltr'>residuis</span> <span class='ocrx_word' id='word_1_211' title='bbox 821 1773 932 1810; x_wconf 80' lang='lat' dir='ltr'>rebus</span> <span class='ocrx_word' id='word_1_212' title='bbox 952 1772 1116 1819; x_wconf 87' lang='lat' dir='ltr'>impleri,</span> <span class='ocrx_word' id='word_1_213' title='bbox 1147 1772 1241 1810; x_wconf 85' lang='lat' dir='ltr'>alias</span> <span class='ocrx_word' id='word_1_214' title='bbox 1263 1784 1337 1810; x_wconf 91' lang='grc'>11011</span> <span class='ocrx_word' id='word_1_215' title='bbox 1357 1771 1555 1820; x_wconf 84' lang='lat' dir='ltr'>profutura</span> <span class='ocrx_word' id='word_1_216' title='bbox 1575 1771 1666 1809; x_wconf 86' lang='lat' dir='ltr'>talis</span> <span class='ocrx_word' id='word_1_217' title='bbox 1687 1771 1875 1810; x_wconf 85' lang='lat' dir='ltr'>inuocatio</span> 
     </span>
     <span class='ocr_line' id='line_1_24' title="bbox 370 1841 1876 1889; baseline 0 -11"><span class='ocrx_word' id='word_1_218' title='bbox 370 1853 454 1879; x_wconf 90' lang='lat' dir='ltr'>cum</span> <span class='ocrx_word' id='word_1_219' title='bbox 475 1842 554 1879; x_wconf 77' lang='lat' dir='ltr'>sola</span> <span class='ocrx_word' id='word_1_220' title='bbox 575 1842 837 1889; x_wconf 85' lang='lat' dir='ltr'>permanserit,</span> <span class='ocrx_word' id='word_1_221' title='bbox 869 1842 956 1889; x_wconf 85' lang='lat' dir='ltr'>quia</span> <span class='ocrx_word' id='word_1_222' title='bbox 976 1843 1061 1889; x_wconf 88' lang='lat' dir='ltr'>post</span> <span class='ocrx_word' id='word_1_223' title='bbox 1083 1844 1240 1880; x_wconf 84' lang='lat' dir='ltr'>mortem</span> <span class='ocrx_word' id='word_1_224' title='bbox 1262 1841 1446 1880; x_wconf 88' lang='lat' dir='ltr'>eiusmodi</span> <span class='ocrx_word' id='word_1_225' title='bbox 1472 1841 1634 1879; x_wconf 89' lang='lat' dir='ltr'>hominis</span> <span class='ocrx_word' id='word_1_226' title='bbox 1656 1853 1730 1879; x_wconf 90' lang='lat' dir='ltr'>non</span> <span class='ocrx_word' id='word_1_227' title='bbox 1750 1842 1876 1888; x_wconf 88' lang='lat' dir='ltr'>potest</span> 
     </span>
     <span class='ocr_line' id='line_1_25' title="bbox 368 1910 1874 1958; baseline 0 -11"><span class='ocrx_word' id='word_1_228' title='bbox 368 1910 403 1947; x_wconf 88' lang='lat' dir='ltr'>ei</span> <span class='ocrx_word' id='word_1_229' title='bbox 432 1910 631 1958; x_wconf 85' lang='lat' dir='ltr'>quicquam</span> <span class='ocrx_word' id='word_1_230' title='bbox 660 1911 808 1949; x_wconf 89' lang='lat' dir='ltr'>omnino</span> <span class='ocrx_word' id='word_1_231' title='bbox 838 1911 936 1948; x_wconf 82' lang='lat' dir='ltr'>adici</span> <span class='ocrx_word' id='word_1_232' title='bbox 965 1911 1027 1948; x_wconf 90' lang='lat' dir='ltr'>uel</span> <span class='ocrx_word' id='word_1_233' title='bbox 1058 1910 1224 1958; x_wconf 87' lang='lat' dir='ltr'>suppleri</span> <span class='ocrx_word' id='word_1_234' title='bbox 1254 1912 1320 1948; x_wconf 89' lang='lat' dir='ltr'>aut</span> <span class='ocrx_word' id='word_1_235' title='bbox 1349 1911 1388 1948; x_wconf 90' lang='lat' dir='ltr'>in</span> <span class='ocrx_word' id='word_1_236' title='bbox 1409 1910 1535 1958; x_wconf 83' lang='lat' dir='ltr'>aliquo</span> <span class='ocrx_word' id='word_1_237' title='bbox 1556 1911 1733 1957; x_wconf 88' lang='lat' dir='ltr'>prodesse</span> <span class='ocrx_word' id='word_1_238' title='bbox 1755 1910 1794 1947; x_wconf 90' lang='lat' dir='ltr'>in</span> <span class='ocrx_word' id='word_1_239' title='bbox 1816 1910 1874 1947; x_wconf 89' lang='lat' dir='ltr'>die</span> 
     </span>
     <span class='ocr_line' id='line_1_26' title="bbox 368 1977 1917 2027; baseline -0.001 -11"><span class='ocrx_word' id='word_1_240' title='bbox 368 1977 518 2025; x_wconf 88' lang='lat' dir='ltr'>iudicii,</span> <span class='ocrx_word' id='word_1_241' title='bbox 550 1990 634 2016; x_wconf 90' lang='lat' dir='ltr'>cum</span> <span class='ocrx_word' id='word_1_242' title='bbox 652 1978 711 2016; x_wconf 91' lang='lat' dir='ltr'>illi</span> <span class='ocrx_word' id='word_1_243' title='bbox 731 1990 754 2016; x_wconf 86' lang='lat' dir='ltr'>a</span> <span class='ocrx_word' id='word_1_244' title='bbox 774 1979 930 2017; x_wconf 90' lang='lat' dir='ltr'>Domino</span> <span class='ocrx_word' id='word_1_245' title='bbox 963 1981 1090 2017; x_wconf 90' lang='lat' dir='ltr'>nostro</span> <span class='ocrx_word' id='word_1_246' title='bbox 1113 1991 1207 2027; x_wconf 88' lang='lat' dir='ltr'>quae</span> <span class='ocrx_word' id='word_1_247' title='bbox 1230 1991 1344 2027; x_wconf 86' lang='lat' dir='ltr'>supra</span> <span class='ocrx_word' id='word_1_248' title='bbox 1364 1978 1651 2018; x_wconf 88' lang='lat' dir='ltr'>memorauimus</span> <span class='ocrx_word' id='word_1_249' title='bbox 1681 1978 1872 2027; x_wconf 88' lang='lat' dir='ltr'>coeperint</span> <span class='ocrx_word' id='word_1_250' title='bbox 1886 1990 1917 2015; x_wconf 82' lang='lat'>25</span> 
     </span>
     <span class='ocr_line' id='line_1_27' title="bbox 368 2047 1873 2098; baseline 0.001 -14"><span class='ocrx_word' id='word_1_251' title='bbox 368 2047 606 2094; x_wconf 82' lang='lat' dir='ltr'>exprobrari:</span> <span class='ocrx_word' id='word_1_252' title='bbox 644 2047 709 2095; x_wconf 88' lang='lat' dir='ltr'>qui</span> <span class='ocrx_word' id='word_1_253' title='bbox 745 2049 872 2086; x_wconf 87' lang='lat' dir='ltr'>tamen</span> <span class='ocrx_word' id='word_1_254' title='bbox 907 2048 1075 2086; x_wconf 90' lang='lat' dir='ltr'>uniuersi</span> <span class='ocrx_word' id='word_1_255' title='bbox 1103 2047 1215 2086; x_wconf 87' lang='lat' dir='ltr'>hodie</span> <span class='ocrx_word' id='word_1_256' title='bbox 1244 2050 1286 2086; x_wconf 92' lang='lat' dir='ltr'>ut</span> <span class='ocrx_word' id='word_1_257' title='bbox 1314 2048 1387 2086; x_wconf 87' lang='lat' dir='ltr'>sibi</span> <span class='ocrx_word' id='word_1_258' title='bbox 1415 2049 1476 2086; x_wconf 87' lang='lat' dir='ltr'>his</span> <span class='ocrx_word' id='word_1_259' title='bbox 1505 2048 1626 2098; x_wconf 81' lang='lat' dir='ltr'>modis</span> <span class='ocrx_word' id='word_1_260' title='bbox 1648 2048 1873 2086; x_wconf 86' lang='lat' dir='ltr'>subueniant</span> 
     </span>
     <span class='ocr_line' id='line_1_28' title="bbox 367 2116 1871 2166; baseline 0.001 -13"><span class='ocrx_word' id='word_1_261' title='bbox 367 2116 503 2163; x_wconf 83' lang='lat' dir='ltr'>quibus</span> <span class='ocrx_word' id='word_1_262' title='bbox 525 2128 639 2164; x_wconf 84' lang='lat' dir='ltr'>supra</span> <span class='ocrx_word' id='word_1_263' title='bbox 659 2117 905 2164; x_wconf 88' lang='lat' dir='ltr'>ostendimus,</span> <span class='ocrx_word' id='word_1_264' title='bbox 926 2128 1001 2154; x_wconf 88' lang='lat' dir='ltr'>non</span> <span class='ocrx_word' id='word_1_265' title='bbox 1017 2119 1175 2166; x_wconf 88' lang='lat' dir='ltr'>possunt</span> <span class='ocrx_word' id='word_1_266' title='bbox 1191 2118 1238 2156; x_wconf 85' lang='lat' dir='ltr'>ab</span> <span class='ocrx_word' id='word_1_267' title='bbox 1259 2116 1337 2156; x_wconf 89' lang='lat' dir='ltr'>ullo</span> <span class='ocrx_word' id='word_1_268' title='bbox 1354 2117 1546 2156; x_wconf 90' lang='lat' dir='ltr'>hominum</span> <span class='ocrx_word' id='word_1_269' title='bbox 1563 2119 1642 2155; x_wconf 89' lang='lat' dir='ltr'>tam</span> <span class='ocrx_word' id='word_1_270' title='bbox 1663 2118 1752 2155; x_wconf 89' lang='lat' dir='ltr'>dure</span> <span class='ocrx_word' id='word_1_271' title='bbox 1772 2119 1871 2155; x_wconf 87' lang='lat' dir='ltr'>tam-</span> 
     </span>
     <span class='ocr_line' id='line_1_29' title="bbox 368 2185 890 2234; baseline 0.004 -13"><span class='ocrx_word' id='word_1_272' title='bbox 368 2195 439 2231; x_wconf 88' lang='lat' dir='ltr'>que</span> <span class='ocrx_word' id='word_1_273' title='bbox 462 2185 665 2223; x_wconf 88' lang='lat' dir='ltr'>crndeliter</span> <span class='ocrx_word' id='word_1_274' title='bbox 685 2185 890 2234; x_wconf 88' lang='lat' dir='ltr'>prohiberi.</span> 
     </span>
    </p>

    <p class='ocr_par' dir='ltr' id='par_1_4' title="bbox 327 2253 1918 2579">
     <span class='ocr_line' id='line_1_30' title="bbox 327 2253 1872 2304; baseline 0.001 -13"><span class='ocrx_word' id='word_1_275' title='bbox 327 2260 351 2297; x_wconf 81' lang='lat'>8</span> <span class='ocrx_word' id='word_1_276' title='bbox 424 2253 496 2291; x_wconf 82' lang='lat' dir='ltr'>Sed</span> <span class='ocrx_word' id='word_1_277' title='bbox 517 2255 564 2292; x_wconf 89' lang='lat' dir='ltr'>ad</span> <span class='ocrx_word' id='word_1_278' title='bbox 585 2254 688 2301; x_wconf 78' lang='lat' dir='ltr'>haec,</span> <span class='ocrx_word' id='word_1_279' title='bbox 711 2256 754 2292; x_wconf 92' lang='lat' dir='ltr'>ut</span> <span class='ocrx_word' id='word_1_280' title='bbox 775 2254 884 2302; x_wconf 87' lang='lat' dir='ltr'>soles,</span> <span class='ocrx_word' id='word_1_281' title='bbox 908 2254 1156 2303; x_wconf 82' lang='lat' dir='ltr'>contradices,</span> <span class='ocrx_word' id='word_1_282' title='bbox 1179 2257 1398 2304; x_wconf 90' lang='lat' dir='ltr'>opponendo</span> <span class='ocrx_word' id='word_1_283' title='bbox 1416 2255 1524 2294; x_wconf 89' lang='lat' dir='ltr'>nobis</span> <span class='ocrx_word' id='word_1_284' title='bbox 1542 2257 1630 2294; x_wconf 85' lang='lat' dir='ltr'>tunc</span> <span class='ocrx_word' id='word_1_285' title='bbox 1647 2267 1730 2294; x_wconf 90' lang='lat' dir='ltr'>cum</span> <span class='ocrx_word' id='word_1_286' title='bbox 1745 2255 1872 2302; x_wconf 86' lang='lat' dir='ltr'>bapti-</span> 
     </span>
     <span class='ocr_line' id='line_1_31' title="bbox 367 2322 1918 2372; baseline 0.001 -14"><span class='ocrx_word' id='word_1_287' title='bbox 367 2323 542 2359; x_wconf 88' lang='lat' dir='ltr'>zarentur</span> <span class='ocrx_word' id='word_1_288' title='bbox 578 2322 724 2371; x_wconf 75' lang='lat' dir='ltr'>integre</span> <span class='ocrx_word' id='word_1_289' title='bbox 757 2335 800 2361; x_wconf 88' lang='lat' dir='ltr'>ac</span> <span class='ocrx_word' id='word_1_290' title='bbox 835 2325 936 2362; x_wconf 88' lang='lat' dir='ltr'>recte</span> <span class='ocrx_word' id='word_1_291' title='bbox 966 2324 1169 2372; x_wconf 90' lang='lat' dir='ltr'>discipulos</span> <span class='ocrx_word' id='word_1_292' title='bbox 1199 2336 1243 2363; x_wconf 88' lang='lat' dir='ltr'>ac</span> <span class='ocrx_word' id='word_1_293' title='bbox 1271 2337 1347 2363; x_wconf 91' lang='lat' dir='ltr'>non</span> <span class='ocrx_word' id='word_1_294' title='bbox 1377 2327 1420 2363; x_wconf 91' lang='lat' dir='ltr'>ut</span> <span class='ocrx_word' id='word_1_295' title='bbox 1457 2325 1526 2363; x_wconf 91' lang='lat' dir='ltr'>hos</span> <span class='ocrx_word' id='word_1_296' title='bbox 1555 2324 1764 2363; x_wconf 90' lang='lat' dir='ltr'>haereticos</span> <span class='ocrx_word' id='word_1_297' title='bbox 1786 2335 1869 2362; x_wconf 89' lang='lat' dir='ltr'>esse</span> <span class='ocrx_word' id='word_1_298' title='bbox 1885 2333 1918 2359; x_wconf 86' lang='lat'>30</span> 
     </span>
     <span class='ocr_line' id='line_1_32' title="bbox 366 2390 1869 2442; baseline 0.003 -16"><span class='ocrx_word' id='word_1_299' title='bbox 366 2390 590 2437; x_wconf 80' lang='lat' dir='ltr'>baptizatos.</span> <span class='ocrx_word' id='word_1_300' title='bbox 623 2394 722 2440; x_wconf 88' lang='lat' dir='ltr'>quod</span> <span class='ocrx_word' id='word_1_301' title='bbox 739 2404 783 2430; x_wconf 76' lang='lat' dir='ltr'>ex</span> <span class='ocrx_word' id='word_1_302' title='bbox 803 2404 963 2440; x_wconf 88' lang='lat' dir='ltr'>persona</span> <span class='ocrx_word' id='word_1_303' title='bbox 984 2392 1150 2441; x_wconf 88' lang='lat' dir='ltr'>ipsorum</span> <span class='ocrx_word' id='word_1_304' title='bbox 1172 2395 1211 2432; x_wconf 93' lang='lat' dir='ltr'>et</span> <span class='ocrx_word' id='word_1_305' title='bbox 1232 2393 1310 2433; x_wconf 92' lang='lat' dir='ltr'>eius</span> <span class='ocrx_word' id='word_1_306' title='bbox 1327 2394 1392 2442; x_wconf 86' lang='lat' dir='ltr'>qui</span> <span class='ocrx_word' id='word_1_307' title='bbox 1408 2394 1618 2442; x_wconf 85' lang='lat' dir='ltr'>baptizauit</span> <span class='ocrx_word' id='word_1_308' title='bbox 1639 2393 1726 2431; x_wconf 89' lang='lat' dir='ltr'>illos</span> <span class='ocrx_word' id='word_1_309' title='bbox 1744 2404 1869 2431; x_wconf 88' lang='lat' dir='ltr'>sumas</span> 
     </span>
     <span class='ocr_line' id='line_1_33' title="bbox 365 2462 1867 2510; baseline 0.003 -15"><span class='ocrx_word' id='word_1_310' title='bbox 365 2469 517 2497; x_wconf 88' lang='lat' dir='ltr'>necesse</span> <span class='ocrx_word' id='word_1_311' title='bbox 545 2462 615 2497; x_wconf 90' lang='lat' dir='ltr'>est.</span> <span class='ocrx_word' id='word_1_312' title='bbox 648 2463 686 2499; x_wconf 92' lang='lat' dir='ltr'>et</span> <span class='ocrx_word' id='word_1_313' title='bbox 718 2462 801 2500; x_wconf 89' lang='lat' dir='ltr'>ideo</span> <span class='ocrx_word' id='word_1_314' title='bbox 830 2474 898 2500; x_wconf 88' lang='lat' dir='ltr'>nos</span> <span class='ocrx_word' id='word_1_315' title='bbox 928 2463 975 2500; x_wconf 88' lang='lat' dir='ltr'>ad</span> <span class='ocrx_word' id='word_1_316' title='bbox 995 2462 1290 2510; x_wconf 87' lang='lat' dir='ltr'>propositionem</span> <span class='ocrx_word' id='word_1_317' title='bbox 1311 2464 1409 2501; x_wconf 88' lang='lat' dir='ltr'>hanc</span> <span class='ocrx_word' id='word_1_318' title='bbox 1429 2465 1535 2501; x_wconf 89' lang='lat' dir='ltr'>tuam</span> <span class='ocrx_word' id='word_1_319' title='bbox 1555 2474 1629 2500; x_wconf 91' lang='lat' dir='ltr'>non</span> <span class='ocrx_word' id='word_1_320' title='bbox 1650 2464 1692 2499; x_wconf 91' lang='lat' dir='ltr'>ut</span> <span class='ocrx_word' id='word_1_321' title='bbox 1713 2473 1867 2500; x_wconf 87' lang='lat' dir='ltr'>accusa-</span> 
     </span>
     <span class='ocr_line' id='line_1_34' title="bbox 365 2527 1868 2579; baseline 0.003 -15"><span class='ocrx_word' id='word_1_322' title='bbox 365 2527 466 2565; x_wconf 89' lang='lat' dir='ltr'>tores</span> <span class='ocrx_word' id='word_1_323' title='bbox 488 2527 758 2576; x_wconf 89' lang='lat' dir='ltr'>discipulorum</span> <span class='ocrx_word' id='word_1_324' title='bbox 779 2530 930 2568; x_wconf 92' lang='lat' dir='ltr'>Domini</span> <span class='ocrx_word' id='word_1_325' title='bbox 950 2531 1232 2579; x_wconf 87' lang='lat' dir='ltr'>respondemus,</span> <span class='ocrx_word' id='word_1_326' title='bbox 1255 2533 1321 2570; x_wconf 88' lang='lat' dir='ltr'>sed</span> <span class='ocrx_word' id='word_1_327' title='bbox 1342 2531 1455 2570; x_wconf 90' lang='lat' dir='ltr'>sicuti</span> <span class='ocrx_word' id='word_1_328' title='bbox 1476 2530 1750 2579; x_wconf 86' lang='lat' dir='ltr'>compellimur,</span> <span class='ocrx_word' id='word_1_329' title='bbox 1781 2530 1868 2578; x_wconf 81' lang='lat' dir='ltr'>quia</span> 
     </span>
    </p>
   </div>
   <div class='ocr_carea' id='block_1_3' title="bbox 455 2660 1355 2707">
    <p class='ocr_par' dir='ltr' id='par_1_5' title="bbox 455 2660 1355 2707">
     <span class='ocr_line' id='line_1_35' title="bbox 455 2660 1355 2707; baseline 0.006 -13"><span class='ocrx_word' id='word_1_330' title='bbox 455 2661 476 2694; x_wconf 76' lang='grc'>5</span> <span class='ocrx_word' id='word_1_331' title='bbox 501 2660 631 2695; x_wconf 76' lang='lat' dir='ltr'>Matth.</span> <span class='ocrx_word' id='word_1_332' title='bbox 657 2663 712 2704; x_wconf 74' lang='lat'>28,</span> <span class='ocrx_word' id='word_1_333' title='bbox 740 2665 792 2699; x_wconf 86' lang='lat'>19.</span> <span class='ocrx_word' id='word_1_334' title='bbox 933 2664 977 2699; x_wconf 87' lang='lat'>13</span> <span class='ocrx_word' id='word_1_335' title='bbox 1000 2664 1134 2698; x_wconf 74' lang='lat' dir='ltr'>Matth.</span> <span class='ocrx_word' id='word_1_336' title='bbox 1163 2665 1194 2707; x_wconf 82' lang='lat'>7,</span> <span class='ocrx_word' id='word_1_337' title='bbox 1219 2665 1273 2699; x_wconf 77' lang='lat'>22.</span> <span class='ocrx_word' id='word_1_338' title='bbox 1301 2665 1355 2699; x_wconf 76' lang='lat'>23.</span> 
     </span>
    </p>
   </div>
   <div class='ocr_carea' id='block_1_4' title="bbox 364 2781 1866 2887">
    <p class='ocr_par' dir='ltr' id='par_1_6' title="bbox 364 2781 1866 2887">
     <span class='ocr_line' id='line_1_36' title="bbox 456 2781 1866 2830; baseline 0.002 -15"><span class='ocrx_word' id='word_1_339' title='bbox 456 2782 474 2814; x_wconf 88' lang='lat'>1</span> <span class='ocrx_word' id='word_1_340' title='bbox 499 2781 714 2826; x_wconf 84' lang='lat' dir='ltr'>baptismate</span> <span class='ocrx_word' id='word_1_341' title='bbox 738 2794 778 2819; x_wconf 89' lang='lat' dir='ltr'>ea</span> <span class='ocrx_word' id='word_1_342' title='bbox 802 2795 890 2828; x_wconf 85' lang='lat' dir='ltr'>quae</span> <span class='ocrx_word' id='word_1_343' title='bbox 913 2785 990 2820; x_wconf 81' lang='lat' dir='ltr'>cod.</span> <span class='ocrx_word' id='word_1_344' title='bbox 1108 2784 1130 2819; x_wconf 85' lang='lat'><strong>3</strong></span> <span class='ocrx_word' id='word_1_345' title='bbox 1154 2795 1224 2819; x_wconf 90' lang='lat' dir='ltr'>non</span> <span class='ocrx_word' id='word_1_346' title='bbox 1249 2784 1354 2819; x_wconf 90' lang='lat' dir='ltr'>dubie</span> <span class='ocrx_word' id='word_1_347' title='bbox 1378 2795 1444 2819; x_wconf 86' lang='lat' dir='ltr'>om.</span> <span class='ocrx_word' id='word_1_348' title='bbox 1470 2784 1551 2830; x_wconf 66' lang='lat' dir='ltr'><strong><em>Rz&#39;y.</em></strong></span> <span class='ocrx_word' id='word_1_349' title='bbox 1670 2785 1712 2819; x_wconf 86' lang='lat'>19</span> <span class='ocrx_word' id='word_1_350' title='bbox 1738 2783 1866 2818; x_wconf 87' lang='lat' dir='ltr'>idcirco</span> 
     </span>
     <span class='ocr_line' id='line_1_37' title="bbox 364 2838 1464 2887; baseline 0.005 -16"><span class='ocrx_word' id='word_1_351' title='bbox 364 2847 452 2881; x_wconf 79' lang='lat' dir='ltr'>quae</span> <span class='ocrx_word' id='word_1_352' title='bbox 477 2838 560 2884; x_wconf 68' lang='lat' dir='ltr'>Rty.</span> <span class='ocrx_word' id='word_1_353' title='bbox 698 2842 741 2875; x_wconf 79' lang='lat'>21</span> <span class='ocrx_word' id='word_1_354' title='bbox 770 2842 872 2886; x_wconf 91' lang='lat' dir='ltr'>quod]</span> <span class='ocrx_word' id='word_1_355' title='bbox 900 2842 983 2886; x_wconf 87' lang='lat' dir='ltr'>quia</span> <span class='ocrx_word' id='word_1_356' title='bbox 1008 2842 1086 2887; x_wconf 71' lang='lat' dir='ltr'>Riy.</span> <span class='ocrx_word' id='word_1_357' title='bbox 1226 2843 1272 2877; x_wconf 77' lang='lat'>25</span> <span class='ocrx_word' id='word_1_358' title='bbox 1295 2842 1361 2877; x_wconf 85' lang='lat' dir='ltr'>illa</span> <span class='ocrx_word' id='word_1_359' title='bbox 1386 2842 1464 2887; x_wconf 61' lang='lat' dir='ltr'>Ray.</span> 
     </span>
    </p>
   </div>
   <div class='ocr_carea' id='block_1_5' title="bbox 1988 1570 2032 3248">
    <p class='ocr_par' dir='ltr' id='par_1_7' title="bbox 1988 1570 2032 3248">
     <span class='ocr_line' id='line_1_38' title="bbox 1988 1570 2032 3248; baseline 0 0"><span class='ocrx_word' id='word_1_360' title='bbox 1988 1570 2032 3248; x_wconf 95' lang='lat' dir='ltr'> </span> 
     </span>
    </p>
   </div>
  </div>
 </body>
</html>
