2032 3248
395 217 479 261 306

1018 216 1264 260 Appendix.

645 322 773 360 Tertia
792 323 858 360 lux
879 323 1016 361 iterum
1037 325 1160 361 terrae
1182 323 1405 371 superisque
1425 324 1662 362 tremendum

644 391 846 430 Extulerat
867 404 1011 429 ramum
1030 392 1141 430 uitali
1161 391 1271 439 fruge
1293 392 1457 431 beatum.

561 461 612 499 15
644 460 716 498 Sed
735 460 795 498 bis
817 460 961 498 nicenis
984 472 1051 498 con
1072 459 1232 498 firmiter
1252 460 1318 498 ille
1339 460 1472 498 diebus

642 530 771 568 Creuit
791 529 831 566 in
852 529 1078 567 immensum
1100 530 1321 577 caelumque
1343 529 1535 568 cacumine
1558 541 1700 568 summo

644 598 813 647 Contigit
834 600 872 636 et
893 600 1046 636 tandem
1069 601 1243 636 sanctum
1265 600 1379 647 caput
1400 599 1548 637 abdidit
1568 599 1658 646 alte,

640 669 739 707 Dum
759 670 888 706 tamen
909 668 1058 715 ingenti
1078 667 1137 705 bis
1159 679 1268 705 senos
1290 669 1454 716 pondere
1475 679 1598 706 ramos

639 737 771 776 Edidit
791 738 828 775 et
849 738 972 775 totum
993 748 1177 784 spargens
1199 737 1369 784 porrexit
1390 737 1430 774 in
1447 737 1589 784 orbem,

560 808 614 845 20
646 806 833 845 Gentibus
854 807 896 843 ut
918 806 1066 844 cunctis
1089 807 1231 844 uictum
1247 806 1442 853 uitamque
1463 816 1665 854 perennem

642 877 876 914 Praeberent
897 877 1133 923 mortemque
1154 875 1250 913 mori
1270 875 1336 923 qui
1356 887 1465 923 posse
1487 876 1675 913 docerent.

635 945 838 993 Explicitis
860 945 973 982 etiam
995 957 1079 982 mox
1101 944 1380 992 quinquaginta
1403 944 1538 982 diebus

637 1015 789 1054 Vertice
812 1014 856 1051 de
878 1025 1023 1052 summo
1046 1013 1167 1051 diuini
1188 1013 1354 1051 nectaris
1376 1013 1558 1051 haustum

635 1082 785 1120 Detulit
806 1083 845 1120 in
866 1093 990 1120 ramos
1013 1081 1189 1120 caelestis
1211 1082 1369 1129 spiritus
1392 1094 1505 1120 aura:

553 1153 606 1190 25
637 1152 748 1189 Dulci
778 1162 860 1189 rore
893 1162 1028 1199 graues
1049 1151 1255 1188 manabant
1276 1151 1442 1198 undique
1463 1150 1629 1190 frondes.

689 1220 786 1258 Ecce
808 1221 877 1258 sub
899 1219 1047 1267 ingenti
1068 1231 1257 1258 ramorum
1278 1219 1461 1268 tegminis
1481 1220 1615 1258 umbra

634 1289 735 1329 Fons
756 1291 858 1328 erat:
890 1289 952 1327 hic
983 1289 1088 1327 nullo
1110 1300 1201 1327 casu
1221 1290 1400 1327 turbante
1422 1300 1596 1327 serenum

635 1358 853 1407 Perspicuis
869 1358 1013 1396 inlimis
1034 1358 1156 1406 aquis,
1180 1360 1218 1396 et
1240 1358 1414 1406 gramina
1435 1357 1577 1396 circum

633 1428 858 1465 Fundebant
879 1427 1000 1465 laetos
1022 1427 1127 1465 uario
1150 1428 1194 1465 de
1216 1427 1306 1465 flore
1328 1427 1485 1465 colores.

551 1499 604 1536 30
635 1497 748 1535 Hunc
769 1496 909 1534 circum
929 1496 1147 1534 innumerae
1170 1498 1304 1544 gentes
1325 1496 1528 1544 populique
1548 1494 1714 1542 coibant,

631 1566 751 1611 Quam
772 1564 869 1602 uarii
890 1565 1041 1612 generis
1058 1577 1169 1603 sexus
1191 1565 1328 1603 aetatis
1349 1564 1516 1611 honoris,

632 1634 821 1681 Innuptae
842 1634 1058 1681 nuptaeque
1080 1633 1193 1671 simul
1214 1633 1423 1681 uiduaeque
1444 1642 1651 1680 nurusque,

633 1703 806 1740 Infantes
822 1702 1004 1751 puerique
1025 1702 1098 1740 uiri
1118 1702 1350 1750 iuuenesque
1371 1713 1575 1749 senesque:

630 1772 705 1810 Hic
725 1772 791 1810 ubi
812 1771 1036 1819 multigenis
1057 1772 1173 1810 flexos
1195 1772 1411 1810 incumbere
1431 1770 1553 1818 pomis

547 1841 600 1880 35
633 1841 846 1879 Cernebant
866 1852 1003 1887 ramos,
1026 1841 1151 1878 auidis
1173 1841 1360 1888 attingere
1383 1839 1525 1877 dextris
1558 1838 1563 1839 ⁷

631 1910 854 1948 Gaudebant
874 1910 1046 1947 madidos
1068 1910 1223 1947 caelesti
1244 1911 1396 1947 nectare
1417 1909 1577 1946 fructus.

629 1979 710 2017 Nec
730 1979 835 2026 prius
857 1980 925 2017 hos
946 1980 1120 2026 poterant
1142 1979 1288 2026 cupidis
1305 1979 1504 2025 decerpere
1525 1977 1676 2025 palmis,

628 2048 746 2093 Quam
768 2047 960 2086 lutulenta
980 2048 1065 2085 uiae
1087 2047 1253 2094 uestigia
1273 2047 1383 2085 foeda
1403 2047 1541 2095 prioris

630 2117 856 2155 Detererent
879 2127 1088 2164 corpusque
1110 2117 1171 2164 pio
1195 2118 1239 2154 de
1259 2116 1363 2154 fonte
1386 2116 1573 2154 lauarent.

539 2188 594 2225 40
623 2187 725 2234 Ergo
748 2186 812 2223 diu
834 2185 1185 2233 circumspatiantes
1208 2186 1378 2233 gramine
1401 2185 1505 2223 molli

629 2255 849 2302 Suspiciunt
870 2256 949 2293 alta
970 2256 1179 2303 pendentes
1196 2256 1329 2293 arbore
1350 2255 1517 2292 fructus:

465 2444 508 2478 13
533 2443 638 2477 terris
656 2443 777 2478 Aldus
870 2443 914 2477 15
938 2453 1003 2477 con
1028 2442 1178 2477 firmiter
1194 2444 1334 2487 scripsi,
1353 2444 1578 2478 confirmator
1594 2443 1689 2486 EM,

373 2502 409 2535 et
434 2501 563 2545 Aldus,
591 2501 821 2536 conformiter
846 2513 866 2536 v
875 2514 887 2544 ,·
913 2500 958 2541 cf.
985 2512 1021 2544 p⁴
1046 2503 1124 2542 315,
1151 2513 1186 2535 u.
1213 2504 1284 2535 167

372 2558 492 2593 Aldus

372 2616 492 2650 Aldus

1713 2444 1877 2480 firmatus

1396 2502 1437 2535 17
1463 2501 1603 2536 addidit
1627 2502 1713 2536 EM
1803 2503 1878 2537 alto

617 2559 660 2594 18
685 2559 842 2603 ingentis
868 2559 953 2593 EM
1077 2560 1119 2593 19
1144 2559 1272 2603 totum]
1300 2561 1423 2603 potum
1449 2559 1536 2593 EM
1658 2561 1703 2595 22
1729 2560 1877 2604 expletis

584 2617 629 2651 23
645 2617 777 2650 haustu
796 2617 883 2652 EM
971 2616 1015 2650 24
1032 2627 1136 2651 aurae
1153 2617 1271 2651 Aldus
1360 2618 1405 2651 25
1422 2617 1613 2651 manebant
1630 2618 1680 2652 M

371 2684 454 2708 reno
481 2674 573 2714 EM,
603 2685 744 2708 serenus
770 2674 891 2708 Aldus
1028 2674 1073 2709 28
1098 2675 1300 2718 perspicuus
1326 2675 1413 2709 EM
1547 2675 1684 2710 illimus

370 2731 483 2765 laetos
510 2730 720 2765 Fundebant
746 2731 878 2765 circum
896 2731 1085 2766 Pamezms
1179 2732 1224 2766 34
1248 2732 1497 2776 multigeneris
1517 2732 1604 2767 EM

369 2788 458 2822 bant
482 2787 688 2829 Fabricius,
714 2788 899 2822 certabant
924 2789 1010 2822 EM
1032 2793 1064 2823 et
1089 2790 1208 2824 Aldus

369 2847 449 2878 rent
474 2847 507 2879 E

1763 2618 1806 2652 27
1825 2628 1877 2651 se-

1709 2676 1785 2710 Alci
1791 2686 1830 2709 us

1694 2734 1739 2767 25
1756 2743 1872 2767 cerne-

1368 2790 1413 2824 39
1438 2790 1617 2824 deterrent
1641 2791 1697 2832 M,
1723 2790 1872 2824 dete*re-

652 2846 772 2879 lauare
798 2846 847 2880 M
987 2846 1033 2880 40
1056 2847 1220 2891 gramina
1244 2848 1302 2881 Μι
1451 2847 1495 2881 41
1521 2848 1720 2891 suscipiunt
1745 2849 1831 2882 EM

2005 2354 2014 2417 ξ

1990 2785 2000 2860 i

1988 2862 1997 2929 Ξ
