<?xml version="1.0" encoding="UTF-8"?>
<!DOCTYPE html PUBLIC "-//W3C//DTD XHTML 1.0 Transitional//EN"
    "http://www.w3.org/TR/xhtml1/DTD/xhtml1-transitional.dtd">
<html xmlns="http://www.w3.org/1999/xhtml" xml:lang="en" lang="en">
 <head>
  <title>
</title>
<meta http-equiv="Content-Type" content="text/html;charset=utf-8" />
  <meta name='ocr-system' content='tesseract 3.04.00' />
  <meta name='ocr-capabilities' content='ocr_page ocr_carea ocr_par ocr_line ocrx_word'/>
</head>
<body>
  <div class='ocr_page' id='page_1' title='image "./corpusscriptorum03cypruoft/corpusscriptorum03cypruoft_0862.png"; bbox 0 0 2032 3248; ppageno 0'>
   <div class='ocr_carea' id='block_1_1' title="bbox 370 219 1443 265">
    <p class='ocr_par' dir='ltr' id='par_1_1' title="bbox 370 219 1443 265">
     <span class='ocr_line' id='line_1_1' title="bbox 370 219 1443 265; baseline -0.007 -5"><span class='ocrx_word' id='word_1_1' title='bbox 370 223 452 265; x_wconf 82' lang='grc'>282</span> <span class='ocrx_word' id='word_1_2' title='bbox 783 220 970 256; x_wconf 83' lang='grc' dir='ltr'>Α1·1101)11</span> <span class='ocrx_word' id='word_1_3' title='bbox 999 220 1208 255; x_wconf 80' lang='lat' dir='ltr'>aduersus</span> <span class='ocrx_word' id='word_1_4' title='bbox 1237 219 1443 254; x_wconf 84' lang='lat' dir='ltr'>nationes</span> 
     </span>
    </p>
   </div>
   <div class='ocr_carea' id='block_1_2' title="bbox 231 334 1900 2454">
    <p class='ocr_par' dir='ltr' id='par_1_2' title="bbox 231 334 1900 2454">
     <span class='ocr_line' id='line_1_2' title="bbox 367 334 1849 388; baseline 0.001 -11"><span class='ocrx_word' id='word_1_5' title='bbox 367 338 415 379; x_wconf 93' lang='lat' dir='ltr'>ut</span> <span class='ocrx_word' id='word_1_6' title='bbox 445 337 611 378; x_wconf 90' lang='lat' dir='ltr'>omnino</span> <span class='ocrx_word' id='word_1_7' title='bbox 657 348 794 378; x_wconf 88' lang='lat' dir='ltr'>omnes</span> <span class='ocrx_word' id='word_1_8' title='bbox 834 347 974 378; x_wconf 78' lang='lat' dir='ltr'>causas</span> <span class='ocrx_word' id='word_1_9' title='bbox 1014 335 1161 388; x_wconf 89' lang='lat' dir='ltr'>quibus</span> <span class='ocrx_word' id='word_1_10' title='bbox 1191 334 1425 388; x_wconf 75' lang='lat' dir='ltr'>pestilentia</span> <span class='ocrx_word' id='word_1_11' title='bbox 1454 334 1703 377; x_wconf 88' lang='lat' dir='ltr'>conflabatur</span> <span class='ocrx_word' id='word_1_12' title='bbox 1732 348 1849 378; x_wconf 90' lang='lat' dir='ltr'>auer-</span> 
     </span>
     <span class='ocr_line' id='line_1_3' title="bbox 368 403 1849 458; baseline -0.001 -10"><span class='ocrx_word' id='word_1_13' title='bbox 368 406 494 456; x_wconf 91' lang='lat' dir='ltr'>teret,</span> <span class='ocrx_word' id='word_1_14' title='bbox 536 405 780 458; x_wconf 82' lang='lat' dir='ltr'>sequebatur</span> <span class='ocrx_word' id='word_1_15' title='bbox 819 406 865 446; x_wconf 89' lang='lat' dir='ltr'>ut</span> <span class='ocrx_word' id='word_1_16' title='bbox 905 403 1052 446; x_wconf 87' lang='lat' dir='ltr'>ciuitas</span> <span class='ocrx_word' id='word_1_17' title='bbox 1092 404 1246 445; x_wconf 88' lang='lat' dir='ltr'>intacta</span> <span class='ocrx_word' id='word_1_18' title='bbox 1280 416 1367 445; x_wconf 90' lang='lat' dir='ltr'>esse</span> <span class='ocrx_word' id='word_1_19' title='bbox 1406 403 1569 446; x_wconf 83' lang='lat' dir='ltr'>deberet</span> <span class='ocrx_word' id='word_1_20' title='bbox 1607 403 1786 458; x_wconf 88' lang='lat' dir='ltr'>flatuque</span> <span class='ocrx_word' id='word_1_21' title='bbox 1825 417 1849 446; x_wconf 92' lang='lat' dir='ltr'>a</span> 
     </span>
     <span class='ocr_line' id='line_1_4' title="bbox 367 472 1847 527; baseline -0.001 -11"><span class='ocrx_word' id='word_1_22' title='bbox 367 474 484 517; x_wconf 84' lang='lat' dir='ltr'>noxio</span> <span class='ocrx_word' id='word_1_23' title='bbox 515 474 696 516; x_wconf 90' lang='lat' dir='ltr'>inmunis</span> <span class='ocrx_word' id='word_1_24' title='bbox 727 486 885 527; x_wconf 87' lang='lat' dir='ltr'>semper</span> <span class='ocrx_word' id='word_1_25' title='bbox 920 473 1174 526; x_wconf 89' lang='lat' dir='ltr'>innocuaque</span> <span class='ocrx_word' id='word_1_26' title='bbox 1212 473 1421 526; x_wconf 86' lang='lat' dir='ltr'>praestari.</span> <span class='ocrx_word' id='word_1_27' title='bbox 1477 473 1618 526; x_wconf 90' lang='lat' dir='ltr'>atquin</span> <span class='ocrx_word' id='word_1_28' title='bbox 1648 472 1847 524; x_wconf 89' lang='lat' dir='ltr'>uidemus,</span> 
     </span>
     <span class='ocr_line' id='line_1_5' title="bbox 367 541 1848 596; baseline 0 -12"><span class='ocrx_word' id='word_1_29' title='bbox 367 543 415 584; x_wconf 90' lang='lat' dir='ltr'>ut</span> <span class='ocrx_word' id='word_1_30' title='bbox 445 543 628 596; x_wconf 89' lang='lat' dir='ltr'>superius</span> <span class='ocrx_word' id='word_1_31' title='bbox 669 543 824 585; x_wconf 87' lang='lat' dir='ltr'>dictum</span> <span class='ocrx_word' id='word_1_32' title='bbox 866 543 948 594; x_wconf 90' lang='lat' dir='ltr'>est,</span> <span class='ocrx_word' id='word_1_33' title='bbox 990 554 1278 595; x_wconf 89' lang='lat' dir='ltr'>saepenumero</span> <span class='ocrx_word' id='word_1_34' title='bbox 1313 541 1376 583; x_wconf 91' lang='grc'>1113</span> <span class='ocrx_word' id='word_1_35' title='bbox 1407 542 1559 584; x_wconf 82' lang='lat' dir='ltr'>morbis</span> <span class='ocrx_word' id='word_1_36' title='bbox 1590 554 1729 584; x_wconf 89' lang='lat' dir='ltr'>cursus</span> <span class='ocrx_word' id='word_1_37' title='bbox 1760 554 1848 584; x_wconf 89' lang='lat' dir='ltr'>eam</span> 
     </span>
     <span class='ocr_line' id='line_1_6' title="bbox 367 610 1900 665; baseline -0.001 -13"><span class='ocrx_word' id='word_1_38' title='bbox 367 611 477 653; x_wconf 89' lang='lat' dir='ltr'>uitae</span> <span class='ocrx_word' id='word_1_39' title='bbox 507 611 698 654; x_wconf 87' lang='lat' dir='ltr'>habuisse</span> <span class='ocrx_word' id='word_1_40' title='bbox 728 611 911 654; x_wconf 88' lang='lat' dir='ltr'>funestos</span> <span class='ocrx_word' id='word_1_41' title='bbox 942 623 1016 653; x_wconf 90' lang='lat' dir='ltr'>nec</span> <span class='ocrx_word' id='word_1_42' title='bbox 1034 610 1267 664; x_wconf 72' lang='lat' dir='ltr'>vdispendiis</span> <span class='ocrx_word' id='word_1_43' title='bbox 1296 610 1456 653; x_wconf 90' lang='lat' dir='ltr'>leuibus</span> <span class='ocrx_word' id='word_1_44' title='bbox 1477 623 1562 654; x_wconf 91' lang='lat' dir='ltr'>esse</span> <span class='ocrx_word' id='word_1_45' title='bbox 1581 611 1721 665; x_wconf 89' lang='lat' dir='ltr'>populi</span> <span class='ocrx_word' id='word_1_46' title='bbox 1742 610 1847 654; x_wconf 89' lang='lat' dir='ltr'>frac-</span> <span class='ocrx_word' id='word_1_47' title='bbox 1887 626 1900 650; x_wconf 85' lang='lat'><strong>5</strong></span> 
     </span>
     <span class='ocr_line' id='line_1_7' title="bbox 367 679 1852 734; baseline -0.001 -12"><span class='ocrx_word' id='word_1_48' title='bbox 367 682 430 722; x_wconf 93' lang='lat' dir='ltr'>tas</span> <span class='ocrx_word' id='word_1_49' title='bbox 460 680 776 733; x_wconf 81' lang='lat' dir='ltr'>debilitatasque</span> <span class='ocrx_word' id='word_1_50' title='bbox 807 680 994 722; x_wconf 90' lang='lat' dir='ltr'>uirtutes.</span> <span class='ocrx_word' id='word_1_51' title='bbox 1040 680 1113 722; x_wconf 88' lang='lat' dir='ltr'>ubi</span> <span class='ocrx_word' id='word_1_52' title='bbox 1143 691 1239 734; x_wconf 85' lang='lat' dir='ltr'>ergo</span> <span class='ocrx_word' id='word_1_53' title='bbox 1260 679 1528 734; x_wconf 80' lang='lat' dir='ltr'>Aesculapius</span> <span class='ocrx_word' id='word_1_54' title='bbox 1558 680 1650 734; x_wconf 88' lang='lat' dir='ltr'>fuit,</span> <span class='ocrx_word' id='word_1_55' title='bbox 1681 679 1752 723; x_wconf 93' lang='lat' dir='ltr'>ubi</span> <span class='ocrx_word' id='word_1_56' title='bbox 1781 680 1852 721; x_wconf 93' lang='lat' dir='ltr'>ille</span> 
     </span>
     <span class='ocr_line' id='line_1_8' title="bbox 366 748 1849 803; baseline -0.001 -12"><span class='ocrx_word' id='word_1_57' title='bbox 366 749 591 803; x_wconf 87' lang='lat' dir='ltr'>promissus</span> <span class='ocrx_word' id='word_1_58' title='bbox 623 749 797 792; x_wconf 87' lang='lat' dir='ltr'>oraculis</span> <span class='ocrx_word' id='word_1_59' title='bbox 828 748 1159 792; x_wconf 77' lang='lat' dir='ltr'>uenerabilibus?</span> <span class='ocrx_word' id='word_1_60' title='bbox 1189 761 1259 790; x_wconf 89' lang='lat' dir='ltr'>cur</span> <span class='ocrx_word' id='word_1_61' title='bbox 1284 748 1437 801; x_wconf 85' lang='lat' dir='ltr'>templa</span> <span class='ocrx_word' id='word_1_62' title='bbox 1455 748 1548 802; x_wconf 90' lang='lat' dir='ltr'>post</span> <span class='ocrx_word' id='word_1_63' title='bbox 1568 748 1730 790; x_wconf 91' lang='lat' dir='ltr'>condita</span> <span class='ocrx_word' id='word_1_64' title='bbox 1750 748 1849 790; x_wconf 91' lang='lat' dir='ltr'>sibi-</span> 
     </span>
     <span class='ocr_line' id='line_1_9' title="bbox 368 817 1851 872; baseline -0.001 -12"><span class='ocrx_word' id='word_1_65' title='bbox 368 831 444 872; x_wconf 91' lang='lat' dir='ltr'>que</span> <span class='ocrx_word' id='word_1_66' title='bbox 465 818 724 860; x_wconf 83' lang='lat' dir='ltr'>exaedificata</span> <span class='ocrx_word' id='word_1_67' title='bbox 746 818 914 860; x_wconf 88' lang='lat' dir='ltr'>delubra</span> <span class='ocrx_word' id='word_1_68' title='bbox 937 818 1093 860; x_wconf 91' lang='lat' dir='ltr'>diutius</span> <span class='ocrx_word' id='word_1_69' title='bbox 1115 817 1249 859; x_wconf 87' lang='lat' dir='ltr'>aditus</span> <span class='ocrx_word' id='word_1_70' title='bbox 1271 817 1418 859; x_wconf 89' lang='lat' dir='ltr'>habere</span> <span class='ocrx_word' id='word_1_71' title='bbox 1438 829 1648 871; x_wconf 90' lang='lat' dir='ltr'>perpessus</span> <span class='ocrx_word' id='word_1_72' title='bbox 1669 818 1731 859; x_wconf 89' lang='lat' dir='ltr'>est</span> <span class='ocrx_word' id='word_1_73' title='bbox 1749 817 1851 859; x_wconf 91' lang='lat' dir='ltr'>bene</span> 
     </span>
     <span class='ocr_line' id='line_1_10' title="bbox 369 886 1845 938; baseline -0.001 -10"><span class='ocrx_word' id='word_1_74' title='bbox 369 888 539 929; x_wconf 88' lang='lat' dir='ltr'>meritae</span> <span class='ocrx_word' id='word_1_75' title='bbox 569 886 754 929; x_wconf 89' lang='lat' dir='ltr'>ciuitatis</span> <span class='ocrx_word' id='word_1_76' title='bbox 784 887 915 938; x_wconf 88' lang='lat' dir='ltr'>luem,</span> <span class='ocrx_word' id='word_1_77' title='bbox 960 899 1051 928; x_wconf 90' lang='lat' dir='ltr'>cum</span> <span class='ocrx_word' id='word_1_78' title='bbox 1082 887 1125 928; x_wconf 91' lang='lat' dir='ltr'>in</span> <span class='ocrx_word' id='word_1_79' title='bbox 1154 886 1198 928; x_wconf 91' lang='lat' dir='ltr'>id</span> <span class='ocrx_word' id='word_1_80' title='bbox 1228 887 1334 928; x_wconf 89' lang='lat' dir='ltr'>esset</span> <span class='ocrx_word' id='word_1_81' title='bbox 1362 886 1541 938; x_wconf 86' lang='lat' dir='ltr'>adcitus,</span> <span class='ocrx_word' id='word_1_82' title='bbox 1578 887 1626 928; x_wconf 93' lang='lat' dir='ltr'>ut</span> <span class='ocrx_word' id='word_1_83' title='bbox 1655 888 1695 928; x_wconf 91' lang='lat' dir='ltr'>et</span> <span class='ocrx_word' id='word_1_84' title='bbox 1725 886 1845 927; x_wconf 92' lang='lat' dir='ltr'>malis</span> 
     </span>
     <span class='ocr_line' id='line_1_11' title="bbox 368 954 1900 1008; baseline -0.002 -10"><span class='ocrx_word' id='word_1_85' title='bbox 368 956 599 998; x_wconf 85' lang='lat' dir='ltr'>mederetur</span> <span class='ocrx_word' id='word_1_86' title='bbox 627 956 877 998; x_wconf 84' lang='lat' dir='ltr'>instantibus</span> <span class='ocrx_word' id='word_1_87' title='bbox 906 968 979 998; x_wconf 88' lang='lat' dir='ltr'>nec</span> <span class='ocrx_word' id='word_1_88' title='bbox 1009 956 1158 998; x_wconf 89' lang='lat' dir='ltr'>sineret</span> <span class='ocrx_word' id='word_1_89' title='bbox 1187 955 1229 997; x_wconf 91' lang='lat' dir='ltr'>in</span> <span class='ocrx_word' id='word_1_90' title='bbox 1257 955 1443 997; x_wconf 88' lang='lat' dir='ltr'>futurum</span> <span class='ocrx_word' id='word_1_91' title='bbox 1464 955 1546 996; x_wconf 87' lang='lat' dir='ltr'>tale</span> <span class='ocrx_word' id='word_1_92' title='bbox 1566 954 1722 1008; x_wconf 88' lang='lat' dir='ltr'>aliquid</span> <span class='ocrx_word' id='word_1_93' title='bbox 1743 954 1848 1008; x_wconf 88' lang='lat' dir='ltr'>quod</span> <span class='ocrx_word' id='word_1_94' title='bbox 1868 972 1900 996; x_wconf 83' lang='grc' dir='ltr'>ιο</span> 
     </span>
     <span class='ocr_line' id='line_1_12' title="bbox 302 1016 1848 1078; baseline 0.001 -15"><span class='ocrx_word' id='word_1_95' title='bbox 302 1025 353 1064; x_wconf 79' lang='grc'>48</span> <span class='ocrx_word' id='word_1_96' title='bbox 368 1016 618 1067; x_wconf 78' lang='lat' dir='ltr'>metueretur</span> <span class='ocrx_word' id='word_1_97' title='bbox 662 1024 873 1078; x_wconf 78' lang='lat' dir='ltr'>inrepere?</span> <span class='ocrx_word' id='word_1_98' title='bbox 919 1024 999 1067; x_wconf 89' lang='lat' dir='ltr'>nisi</span> <span class='ocrx_word' id='word_1_99' title='bbox 1040 1023 1142 1066; x_wconf 89' lang='lat' dir='ltr'>forte</span> <span class='ocrx_word' id='word_1_100' title='bbox 1183 1023 1332 1078; x_wconf 88' lang='lat' dir='ltr'>aliquis</span> <span class='ocrx_word' id='word_1_101' title='bbox 1373 1023 1502 1075; x_wconf 90' lang='lat' dir='ltr'>dicet,</span> <span class='ocrx_word' id='word_1_102' title='bbox 1542 1023 1767 1066; x_wconf 88' lang='lat' dir='ltr'>minoribus</span> <span class='ocrx_word' id='word_1_103' title='bbox 1807 1024 1848 1065; x_wconf 91' lang='lat' dir='ltr'>et</span> 
     </span>
     <span class='ocr_line' id='line_1_13' title="bbox 368 1091 1847 1147; baseline -0.001 -12"><span class='ocrx_word' id='word_1_104' title='bbox 368 1093 703 1147; x_wconf 80' lang='lat' dir='ltr'>consequentibus</span> <span class='ocrx_word' id='word_1_105' title='bbox 743 1093 915 1135; x_wconf 89' lang='lat' dir='ltr'>saeculis</span> <span class='ocrx_word' id='word_1_106' title='bbox 954 1093 1104 1136; x_wconf 88' lang='lat' dir='ltr'>idcirco</span> <span class='ocrx_word' id='word_1_107' title='bbox 1144 1093 1208 1135; x_wconf 89' lang='lat' dir='ltr'>dei</span> <span class='ocrx_word' id='word_1_108' title='bbox 1247 1093 1345 1135; x_wconf 89' lang='lat' dir='ltr'>talis</span> <span class='ocrx_word' id='word_1_109' title='bbox 1388 1092 1567 1135; x_wconf 88' lang='lat' dir='ltr'>defuisse</span> <span class='ocrx_word' id='word_1_110' title='bbox 1607 1091 1847 1143; x_wconf 85' lang='lat' dir='ltr'>custodiam,</span> 
     </span>
     <span class='ocr_line' id='line_1_14' title="bbox 367 1161 1846 1215; baseline -0.001 -11"><span class='ocrx_word' id='word_1_111' title='bbox 367 1162 472 1215; x_wconf 90' lang='lat' dir='ltr'>quod</span> <span class='ocrx_word' id='word_1_112' title='bbox 511 1162 649 1215; x_wconf 90' lang='lat' dir='ltr'>impiis</span> <span class='ocrx_word' id='word_1_113' title='bbox 690 1162 772 1204; x_wconf 90' lang='lat' dir='ltr'>iam</span> <span class='ocrx_word' id='word_1_114' title='bbox 814 1162 995 1205; x_wconf 91' lang='lat' dir='ltr'>moribus</span> <span class='ocrx_word' id='word_1_115' title='bbox 1026 1163 1069 1204; x_wconf 91' lang='lat' dir='ltr'>et</span> <span class='ocrx_word' id='word_1_116' title='bbox 1097 1162 1420 1215; x_wconf 87' lang='lat' dir='ltr'>inprobabilibus</span> <span class='ocrx_word' id='word_1_117' title='bbox 1459 1161 1687 1212; x_wconf 90' lang='lat' dir='ltr'>uiueretur,</span> <span class='ocrx_word' id='word_1_118' title='bbox 1728 1172 1846 1215; x_wconf 88' lang='lat' dir='ltr'>opem</span> 
     </span>
     <span class='ocr_line' id='line_1_15' title="bbox 367 1230 1849 1285; baseline -0.001 -12"><span class='ocrx_word' id='word_1_119' title='bbox 367 1232 503 1273; x_wconf 90' lang='lat' dir='ltr'>autem</span> <span class='ocrx_word' id='word_1_120' title='bbox 544 1232 764 1274; x_wconf 85' lang='lat' dir='ltr'>contulisse</span> <span class='ocrx_word' id='word_1_121' title='bbox 801 1232 1043 1283; x_wconf 89' lang='lat' dir='ltr'>maioribus,</span> <span class='ocrx_word' id='word_1_122' title='bbox 1085 1231 1191 1285; x_wconf 90' lang='lat' dir='ltr'>quod</span> <span class='ocrx_word' id='word_1_123' title='bbox 1220 1231 1372 1273; x_wconf 82' lang='lat' dir='ltr'>innoxii</span> <span class='ocrx_word' id='word_1_124' title='bbox 1402 1230 1558 1273; x_wconf 87' lang='lat' dir='ltr'>fuerint</span> <span class='ocrx_word' id='word_1_125' title='bbox 1589 1231 1630 1273; x_wconf 90' lang='lat' dir='ltr'>et</span> <span class='ocrx_word' id='word_1_126' title='bbox 1659 1230 1709 1273; x_wconf 93' lang='lat' dir='ltr'>ab</span> <span class='ocrx_word' id='word_1_127' title='bbox 1740 1230 1849 1272; x_wconf 91' lang='lat' dir='ltr'>omni</span> 
     </span>
     <span class='ocr_line' id='line_1_16' title="bbox 366 1299 1897 1355; baseline 0.002 -14"><span class='ocrx_word' id='word_1_128' title='bbox 366 1299 561 1342; x_wconf 89' lang='lat' dir='ltr'>scelerum</span> <span class='ocrx_word' id='word_1_129' title='bbox 591 1300 830 1355; x_wconf 83' lang='lat' dir='ltr'>contagione</span> <span class='ocrx_word' id='word_1_130' title='bbox 860 1300 1018 1342; x_wconf 90' lang='lat' dir='ltr'>dimoti.</span> <span class='ocrx_word' id='word_1_131' title='bbox 1064 1300 1170 1354; x_wconf 91' lang='lat' dir='ltr'>quod</span> <span class='ocrx_word' id='word_1_132' title='bbox 1199 1299 1357 1342; x_wconf 90' lang='lat' dir='ltr'>ratione</span> <span class='ocrx_word' id='word_1_133' title='bbox 1383 1311 1475 1341; x_wconf 89' lang='grc'>011111</span> <span class='ocrx_word' id='word_1_134' title='bbox 1497 1299 1634 1353; x_wconf 92' lang='lat' dir='ltr'>aliqua</span> <span class='ocrx_word' id='word_1_135' title='bbox 1655 1302 1695 1342; x_wconf 90' lang='lat' dir='ltr'>et</span> <span class='ocrx_word' id='word_1_136' title='bbox 1715 1299 1848 1342; x_wconf 89' lang='lat' dir='ltr'>audiri</span> <span class='ocrx_word' id='word_1_137' title='bbox 1865 1319 1897 1344; x_wconf 88' lang='lat'>15</span> 
     </span>
     <span class='ocr_line' id='line_1_17' title="bbox 231 1367 1848 1423; baseline 0.004 -19"><span class='ocrx_word' id='word_1_138' title='bbox 231 1372 254 1404; x_wconf 84' lang='lat' dir='ltr'>f.</span> <span class='ocrx_word' id='word_1_139' title='bbox 271 1371 351 1405; x_wconf 77' lang='lat'><strong>160¹&gt;</strong></span> <span class='ocrx_word' id='word_1_140' title='bbox 364 1367 549 1410; x_wconf 88' lang='lat' dir='ltr'>forsitam</span> <span class='ocrx_word' id='word_1_141' title='bbox 579 1369 778 1422; x_wconf 89' lang='lat' dir='ltr'>potuisset</span> <span class='ocrx_word' id='word_1_142' title='bbox 809 1369 850 1411; x_wconf 91' lang='lat' dir='ltr'>et</span> <span class='ocrx_word' id='word_1_143' title='bbox 880 1369 972 1420; x_wconf 89' lang='lat' dir='ltr'>dici,</span> <span class='ocrx_word' id='word_1_144' title='bbox 1006 1369 1040 1411; x_wconf 90' lang='lat' dir='ltr'>si</span> <span class='ocrx_word' id='word_1_145' title='bbox 1071 1369 1142 1411; x_wconf 91' lang='lat' dir='ltr'>aut</span> <span class='ocrx_word' id='word_1_146' title='bbox 1161 1368 1203 1410; x_wconf 89' lang='lat' dir='ltr'>in</span> <span class='ocrx_word' id='word_1_147' title='bbox 1224 1368 1474 1422; x_wconf 90' lang='lat' dir='ltr'>temporibus</span> <span class='ocrx_word' id='word_1_148' title='bbox 1500 1367 1506 1423; x_wconf 88' lang='grc' dir='ltr'>Ι</span> <span class='ocrx_word' id='word_1_149' title='bbox 1531 1368 1675 1422; x_wconf 87' lang='lat' dir='ltr'>priscis</span> <span class='ocrx_word' id='word_1_150' title='bbox 1709 1381 1848 1410; x_wconf 91' lang='lat' dir='ltr'>omnes</span> 
     </span>
     <span class='ocr_line' id='line_1_18' title="bbox 366 1437 1848 1491; baseline 0.001 -13"><span class='ocrx_word' id='word_1_151' title='bbox 366 1439 498 1478; x_wconf 85' lang='lat' dir='ltr'>essent</span> <span class='ocrx_word' id='word_1_152' title='bbox 528 1450 655 1491; x_wconf 89' lang='lat' dir='ltr'>usque</span> <span class='ocrx_word' id='word_1_153' title='bbox 685 1437 735 1479; x_wconf 91' lang='lat' dir='ltr'>ad</span> <span class='ocrx_word' id='word_1_154' title='bbox 765 1450 892 1479; x_wconf 92' lang='lat' dir='ltr'>unum</span> <span class='ocrx_word' id='word_1_155' title='bbox 922 1438 1016 1480; x_wconf 92' lang='lat' dir='ltr'>boni</span> <span class='ocrx_word' id='word_1_156' title='bbox 1046 1438 1119 1480; x_wconf 89' lang='lat' dir='ltr'>aut</span> <span class='ocrx_word' id='word_1_157' title='bbox 1149 1438 1358 1491; x_wconf 90' lang='lat' dir='ltr'>sequentia</span> <span class='ocrx_word' id='word_1_158' title='bbox 1387 1440 1572 1491; x_wconf 88' lang='lat' dir='ltr'>tempora</span> <span class='ocrx_word' id='word_1_159' title='bbox 1603 1437 1732 1479; x_wconf 90' lang='lat' dir='ltr'>malos</span> <span class='ocrx_word' id='word_1_160' title='bbox 1760 1449 1848 1479; x_wconf 90' lang='lat' dir='ltr'>om-</span> 
     </span>
     <span class='ocr_line' id='line_1_19' title="bbox 365 1506 1847 1560; baseline 0.003 -15"><span class='ocrx_word' id='word_1_161' title='bbox 365 1517 435 1547; x_wconf 92' lang='lat' dir='ltr'>nes</span> <span class='ocrx_word' id='word_1_162' title='bbox 475 1509 712 1560; x_wconf 87' lang='lat' dir='ltr'>generarent</span> <span class='ocrx_word' id='word_1_163' title='bbox 754 1508 795 1548; x_wconf 90' lang='lat' dir='ltr'>et</span> <span class='ocrx_word' id='word_1_164' title='bbox 835 1507 949 1548; x_wconf 93' lang='lat' dir='ltr'>nulla</span> <span class='ocrx_word' id='word_1_165' title='bbox 988 1506 1226 1549; x_wconf 89' lang='lat' dir='ltr'>diuersitate</span> <span class='ocrx_word' id='word_1_166' title='bbox 1265 1507 1472 1549; x_wconf 78' lang='lat' dir='ltr'>discretos,</span> <span class='ocrx_word' id='word_1_167' title='bbox 1518 1519 1611 1548; x_wconf 90' lang='lat' dir='ltr'>cum</span> <span class='ocrx_word' id='word_1_168' title='bbox 1649 1518 1744 1549; x_wconf 91' lang='lat' dir='ltr'>uero</span> <span class='ocrx_word' id='word_1_169' title='bbox 1783 1520 1847 1549; x_wconf 91' lang='lat' dir='ltr'>res</span> 
     </span>
     <span class='ocr_line' id='line_1_20' title="bbox 364 1573 1841 1630; baseline 0.002 -16"><span class='ocrx_word' id='word_1_170' title='bbox 364 1573 424 1615; x_wconf 91' lang='lat' dir='ltr'>ita</span> <span class='ocrx_word' id='word_1_171' title='bbox 454 1573 521 1625; x_wconf 91' lang='lat' dir='ltr'>sit,</span> <span class='ocrx_word' id='word_1_172' title='bbox 553 1575 601 1615; x_wconf 92' lang='lat' dir='ltr'>ut</span> <span class='ocrx_word' id='word_1_173' title='bbox 629 1574 671 1616; x_wconf 92' lang='lat' dir='ltr'>in</span> <span class='ocrx_word' id='word_1_174' title='bbox 702 1575 863 1630; x_wconf 88' lang='lat' dir='ltr'>magnis</span> <span class='ocrx_word' id='word_1_175' title='bbox 883 1574 1058 1628; x_wconf 87' lang='lat' dir='ltr'>populis,</span> <span class='ocrx_word' id='word_1_176' title='bbox 1092 1575 1338 1625; x_wconf 89' lang='lat' dir='ltr'>nationibus,</span> <span class='ocrx_word' id='word_1_177' title='bbox 1370 1575 1595 1628; x_wconf 90' lang='lat' dir='ltr'>quinimmo</span> <span class='ocrx_word' id='word_1_178' title='bbox 1616 1576 1656 1617; x_wconf 92' lang='lat' dir='ltr'>et</span> <span class='ocrx_word' id='word_1_179' title='bbox 1675 1575 1718 1617; x_wconf 92' lang='lat' dir='ltr'>in</span> <span class='ocrx_word' id='word_1_180' title='bbox 1739 1575 1841 1618; x_wconf 90' lang='lat' dir='ltr'>ciui-</span> 
     </span>
     <span class='ocr_line' id='line_1_21' title="bbox 363 1641 1896 1698; baseline 0.004 -15"><span class='ocrx_word' id='word_1_181' title='bbox 363 1641 519 1684; x_wconf 89' lang='lat' dir='ltr'>tatibus</span> <span class='ocrx_word' id='word_1_182' title='bbox 559 1643 718 1685; x_wconf 89' lang='lat' dir='ltr'>cunctis</span> <span class='ocrx_word' id='word_1_183' title='bbox 758 1644 934 1685; x_wconf 86' lang='lat' dir='ltr'>mixtum</span> <span class='ocrx_word' id='word_1_184' title='bbox 971 1644 1025 1686; x_wconf 90' lang='lat' dir='ltr'>sit</span> <span class='ocrx_word' id='word_1_185' title='bbox 1063 1644 1287 1686; x_wconf 90' lang='lat' dir='ltr'>humanum</span> <span class='ocrx_word' id='word_1_186' title='bbox 1333 1656 1460 1698; x_wconf 85' lang='lat' dir='ltr'>genus</span> <span class='ocrx_word' id='word_1_187' title='bbox 1501 1644 1657 1686; x_wconf 91' lang='lat' dir='ltr'>naturis</span> <span class='ocrx_word' id='word_1_188' title='bbox 1698 1644 1845 1686; x_wconf 92' lang='lat' dir='ltr'>uolun-</span> <span class='ocrx_word' id='word_1_189' title='bbox 1862 1663 1896 1689; x_wconf 77' lang='lat'>20</span> 
     </span>
     <span class='ocr_line' id='line_1_22' title="bbox 361 1710 1846 1767; baseline 0.002 -15"><span class='ocrx_word' id='word_1_190' title='bbox 361 1710 517 1753; x_wconf 89' lang='lat' dir='ltr'>tatibus</span> <span class='ocrx_word' id='word_1_191' title='bbox 546 1711 728 1754; x_wconf 88' lang='lat' dir='ltr'>moribus</span> <span class='ocrx_word' id='word_1_192' title='bbox 758 1713 923 1766; x_wconf 87' lang='lat' dir='ltr'>tamque</span> <span class='ocrx_word' id='word_1_193' title='bbox 959 1712 1167 1766; x_wconf 88' lang='lat' dir='ltr'>potuerint</span> <span class='ocrx_word' id='word_1_194' title='bbox 1196 1712 1240 1753; x_wconf 91' lang='lat' dir='ltr'>in</span> <span class='ocrx_word' id='word_1_195' title='bbox 1275 1712 1478 1767; x_wconf 89' lang='lat' dir='ltr'>prioribus</span> <span class='ocrx_word' id='word_1_196' title='bbox 1513 1713 1684 1755; x_wconf 89' lang='lat' dir='ltr'>saeculis</span> <span class='ocrx_word' id='word_1_197' title='bbox 1722 1725 1846 1766; x_wconf 89' lang='lat' dir='ltr'>quam</span> 
     </span>
     <span class='ocr_line' id='line_1_23' title="bbox 362 1780 1841 1835; baseline 0.002 -14"><span class='ocrx_word' id='word_1_198' title='bbox 362 1780 405 1821; x_wconf 90' lang='lat' dir='ltr'>in</span> <span class='ocrx_word' id='word_1_199' title='bbox 434 1780 607 1822; x_wconf 91' lang='lat' dir='ltr'>nouellis</span> <span class='ocrx_word' id='word_1_200' title='bbox 638 1781 841 1824; x_wconf 87' lang='lat' dir='ltr'>aetatibus</span> <span class='ocrx_word' id='word_1_201' title='bbox 871 1781 966 1823; x_wconf 91' lang='lat' dir='ltr'>boni</span> <span class='ocrx_word' id='word_1_202' title='bbox 987 1781 1112 1823; x_wconf 91' lang='lat' dir='ltr'>simul</span> <span class='ocrx_word' id='word_1_203' title='bbox 1133 1781 1311 1835; x_wconf 90' lang='lat' dir='ltr'>malique</span> <span class='ocrx_word' id='word_1_204' title='bbox 1330 1781 1513 1832; x_wconf 87' lang='lat' dir='ltr'>existere,</span> <span class='ocrx_word' id='word_1_205' title='bbox 1544 1782 1721 1823; x_wconf 90' lang='lat' dir='ltr'>stultum</span> <span class='ocrx_word' id='word_1_206' title='bbox 1742 1781 1841 1824; x_wconf 88' lang='lat' dir='ltr'>satis</span> 
     </span>
     <span class='ocr_line' id='line_1_24' title="bbox 363 1848 1845 1904; baseline 0 -14"><span class='ocrx_word' id='word_1_207' title='bbox 363 1849 425 1891; x_wconf 90' lang='lat' dir='ltr'>est</span> <span class='ocrx_word' id='word_1_208' title='bbox 463 1848 613 1900; x_wconf 89' lang='lat' dir='ltr'>dicere,</span> <span class='ocrx_word' id='word_1_209' title='bbox 664 1850 828 1904; x_wconf 87' lang='lat' dir='ltr'>propter</span> <span class='ocrx_word' id='word_1_210' title='bbox 876 1850 1061 1892; x_wconf 88' lang='lat' dir='ltr'>malitias</span> <span class='ocrx_word' id='word_1_211' title='bbox 1099 1850 1280 1903; x_wconf 90' lang='lat' dir='ltr'>posteros</span> <span class='ocrx_word' id='word_1_212' title='bbox 1320 1849 1473 1892; x_wconf 86' lang='lat' dir='ltr'>auxilia</span> <span class='ocrx_word' id='word_1_213' title='bbox 1514 1849 1729 1892; x_wconf 89' lang='lat' dir='ltr'>numinum</span> <span class='ocrx_word' id='word_1_214' title='bbox 1767 1860 1845 1891; x_wconf 90' lang='lat' dir='ltr'>non</span> 
     </span>
     <span class='ocr_line' id='line_1_25' title="bbox 362 1917 1844 1973; baseline 0.001 -15"><span class='ocrx_word' id='word_1_215' title='bbox 362 1917 559 1960; x_wconf 89' lang='lat' dir='ltr'>meruisse</span> <span class='ocrx_word' id='word_1_216' title='bbox 597 1919 802 1962; x_wconf 74' lang='lat' dir='ltr'>mortales</span> <span class='ocrx_word' id='word_1_217' title='bbox 847 1919 882 1960; x_wconf 91' lang='lat' dir='ltr'>si</span> <span class='ocrx_word' id='word_1_218' title='bbox 913 1918 1023 1961; x_wconf 90' lang='lat' dir='ltr'>enim</span> <span class='ocrx_word' id='word_1_219' title='bbox 1059 1921 1222 1973; x_wconf 88' lang='lat' dir='ltr'>propter</span> <span class='ocrx_word' id='word_1_220' title='bbox 1259 1918 1390 1961; x_wconf 89' lang='lat' dir='ltr'>malos</span> <span class='ocrx_word' id='word_1_221' title='bbox 1419 1918 1674 1972; x_wconf 90' lang='lat' dir='ltr'>sequentium</span> <span class='ocrx_word' id='word_1_222' title='bbox 1705 1930 1844 1961; x_wconf 90' lang='lat' dir='ltr'>saecu-</span> 
     </span>
     <span class='ocr_line' id='line_1_26' title="bbox 362 1985 1892 2042; baseline 0.003 -15"><span class='ocrx_word' id='word_1_223' title='bbox 362 1985 495 2028; x_wconf 92' lang='lat' dir='ltr'>lorum</span> <span class='ocrx_word' id='word_1_224' title='bbox 525 1987 621 2029; x_wconf 89' lang='lat' dir='ltr'>boni</span> <span class='ocrx_word' id='word_1_225' title='bbox 651 1999 730 2029; x_wconf 90' lang='lat' dir='ltr'>non</span> <span class='ocrx_word' id='word_1_226' title='bbox 759 1989 856 2029; x_wconf 86' lang='lat' dir='ltr'>sunt</span> <span class='ocrx_word' id='word_1_227' title='bbox 885 1987 1059 2041; x_wconf 88' lang='lat' dir='ltr'>protecti</span> <span class='ocrx_word' id='word_1_228' title='bbox 1079 1990 1309 2042; x_wconf 91' lang='lat' dir='ltr'>temporum</span> <span class='ocrx_word' id='word_1_229' title='bbox 1331 1987 1596 2038; x_wconf 91' lang='lat' dir='ltr'>nouellorum,</span> <span class='ocrx_word' id='word_1_230' title='bbox 1623 1989 1664 2030; x_wconf 91' lang='lat' dir='ltr'>et</span> <span class='ocrx_word' id='word_1_231' title='bbox 1683 1988 1847 2042; x_wconf 87' lang='lat' dir='ltr'>propter</span> <span class='ocrx_word' id='word_1_232' title='bbox 1860 2005 1892 2031; x_wconf 78' lang='lat'>25</span> 
     </span>
     <span class='ocr_line' id='line_1_27' title="bbox 363 2055 1844 2110; baseline 0 -13"><span class='ocrx_word' id='word_1_233' title='bbox 363 2055 552 2109; x_wconf 90' lang='lat' dir='ltr'>antiquos</span> <span class='ocrx_word' id='word_1_234' title='bbox 599 2056 730 2098; x_wconf 91' lang='lat' dir='ltr'>malos</span> <span class='ocrx_word' id='word_1_235' title='bbox 778 2056 873 2098; x_wconf 91' lang='lat' dir='ltr'>boni</span> <span class='ocrx_word' id='word_1_236' title='bbox 916 2068 1043 2110; x_wconf 88' lang='lat' dir='ltr'>aeque</span> <span class='ocrx_word' id='word_1_237' title='bbox 1087 2056 1260 2099; x_wconf 86' lang='lat' dir='ltr'>maiores</span> <span class='ocrx_word' id='word_1_238' title='bbox 1305 2067 1385 2098; x_wconf 92' lang='grc'>11011</span> <span class='ocrx_word' id='word_1_239' title='bbox 1430 2055 1654 2098; x_wconf 86' lang='lat' dir='ltr'>debuerant</span> <span class='ocrx_word' id='word_1_240' title='bbox 1698 2055 1844 2098; x_wconf 90' lang='lat' dir='ltr'>mereri</span> 
     </span>
     <span class='ocr_line' id='line_1_28' title="bbox 362 2123 1843 2178; baseline 0.001 -13"><span class='ocrx_word' id='word_1_241' title='bbox 362 2123 682 2167; x_wconf 87' lang='lat' dir='ltr'>beniuolentiam</span> <span class='ocrx_word' id='word_1_242' title='bbox 712 2125 952 2167; x_wconf 89' lang='lat' dir='ltr'>numinum:</span> <span class='ocrx_word' id='word_1_243' title='bbox 983 2125 1048 2166; x_wconf 92' lang='lat' dir='ltr'>sin</span> <span class='ocrx_word' id='word_1_244' title='bbox 1077 2125 1242 2178; x_wconf 90' lang='lat' dir='ltr'>propter</span> <span class='ocrx_word' id='word_1_245' title='bbox 1270 2125 1395 2167; x_wconf 92' lang='lat' dir='ltr'>bonos</span> <span class='ocrx_word' id='word_1_246' title='bbox 1423 2124 1576 2178; x_wconf 90' lang='lat' dir='ltr'>priscos</span> <span class='ocrx_word' id='word_1_247' title='bbox 1597 2125 1698 2167; x_wconf 89' lang='lat' dir='ltr'>mali</span> <span class='ocrx_word' id='word_1_248' title='bbox 1718 2124 1843 2167; x_wconf 89' lang='lat' dir='ltr'>etiam</span> 
     </span>
     <span class='ocr_line' id='line_1_29' title="bbox 362 2193 1843 2248; baseline 0.001 -14"><span class='ocrx_word' id='word_1_249' title='bbox 362 2193 587 2235; x_wconf 91' lang='lat' dir='ltr'>conseruati</span> <span class='ocrx_word' id='word_1_250' title='bbox 625 2194 721 2236; x_wconf 91' lang='lat' dir='ltr'>sunt</span> <span class='ocrx_word' id='word_1_251' title='bbox 756 2194 900 2248; x_wconf 87' lang='lat' dir='ltr'>prisci,</span> <span class='ocrx_word' id='word_1_252' title='bbox 940 2196 982 2236; x_wconf 90' lang='lat' dir='ltr'>et</span> <span class='ocrx_word' id='word_1_253' title='bbox 1010 2195 1177 2248; x_wconf 90' lang='lat' dir='ltr'>propter</span> <span class='ocrx_word' id='word_1_254' title='bbox 1206 2194 1330 2236; x_wconf 91' lang='lat' dir='ltr'>bonos</span> <span class='ocrx_word' id='word_1_255' title='bbox 1360 2195 1533 2236; x_wconf 89' lang='lat' dir='ltr'>minores</span> <span class='ocrx_word' id='word_1_256' title='bbox 1564 2196 1672 2236; x_wconf 86' lang='lat' dir='ltr'>aetas</span> <span class='ocrx_word' id='word_1_257' title='bbox 1703 2193 1843 2236; x_wconf 89' lang='lat' dir='ltr'>debuit</span> 
     </span>
     <span class='ocr_line' id='line_1_30' title="bbox 362 2263 1843 2317; baseline 0.001 -14"><span class='ocrx_word' id='word_1_258' title='bbox 362 2273 553 2315; x_wconf 86' lang='lat' dir='ltr'>sequens,</span> <span class='ocrx_word' id='word_1_259' title='bbox 594 2263 784 2316; x_wconf 88' lang='lat' dir='ltr'>quamuis</span> <span class='ocrx_word' id='word_1_260' title='bbox 824 2264 931 2305; x_wconf 88' lang='lat' dir='ltr'>esset</span> <span class='ocrx_word' id='word_1_261' title='bbox 969 2263 1257 2316; x_wconf 89' lang='lat' dir='ltr'>inprobabilis,</span> <span class='ocrx_word' id='word_1_262' title='bbox 1299 2263 1471 2317; x_wconf 87' lang='lat' dir='ltr'>protegi.</span> <span class='ocrx_word' id='word_1_263' title='bbox 1517 2264 1588 2305; x_wconf 91' lang='lat' dir='ltr'>aut</span> <span class='ocrx_word' id='word_1_264' title='bbox 1627 2274 1721 2317; x_wconf 87' lang='lat' dir='ltr'>ergo</span> <span class='ocrx_word' id='word_1_265' title='bbox 1760 2264 1843 2304; x_wconf 89' lang='lat' dir='ltr'>iam</span> 
     </span>
     <span class='ocr_line' id='line_1_31' title="bbox 363 2329 1893 2386; baseline -0.001 -15"><span class='ocrx_word' id='word_1_266' title='bbox 363 2329 491 2372; x_wconf 91' lang='lat' dir='ltr'>fracta</span> <span class='ocrx_word' id='word_1_267' title='bbox 529 2331 651 2384; x_wconf 88' lang='lat' dir='ltr'>atque</span> <span class='ocrx_word' id='word_1_268' title='bbox 690 2331 896 2373; x_wconf 89' lang='lat' dir='ltr'>inminuta</span> <span class='ocrx_word' id='word_1_269' title='bbox 934 2331 978 2373; x_wconf 94' lang='lat' dir='ltr'>ui</span> <span class='ocrx_word' id='word_1_270' title='bbox 1018 2331 1149 2373; x_wconf 87' lang='lat' dir='ltr'>morbi</span> <span class='ocrx_word' id='word_1_271' title='bbox 1190 2332 1336 2386; x_wconf 85' lang='lat' dir='ltr'>anguis</span> <span class='ocrx_word' id='word_1_272' title='bbox 1380 2331 1452 2374; x_wconf 92' lang='lat' dir='ltr'>ille</span> <span class='ocrx_word' id='word_1_273' title='bbox 1482 2332 1662 2386; x_wconf 90' lang='lat' dir='ltr'>perlatus</span> <span class='ocrx_word' id='word_1_274' title='bbox 1691 2331 1893 2374; x_wconf 72' lang='lat' dir='ltr'>famamao</span> 
     </span>
     <span class='ocr_line' id='line_1_32' title="bbox 362 2399 1846 2454; baseline 0.001 -13"><span class='ocrx_word' id='word_1_275' title='bbox 362 2399 654 2443; x_wconf 87' lang='lat' dir='ltr'>conseruatoris</span> <span class='ocrx_word' id='word_1_276' title='bbox 684 2400 930 2454; x_wconf 88' lang='lat' dir='ltr'>adsumpsit,</span> <span class='ocrx_word' id='word_1_277' title='bbox 963 2413 1056 2443; x_wconf 90' lang='lat' dir='ltr'>cum</span> <span class='ocrx_word' id='word_1_278' title='bbox 1086 2400 1190 2442; x_wconf 90' lang='lat' dir='ltr'>nihil</span> <span class='ocrx_word' id='word_1_279' title='bbox 1220 2399 1382 2443; x_wconf 90' lang='lat' dir='ltr'>omnino</span> <span class='ocrx_word' id='word_1_280' title='bbox 1408 2400 1710 2443; x_wconf 88' lang='lat' dir='ltr'>commoditatis</span> <span class='ocrx_word' id='word_1_281' title='bbox 1732 2401 1846 2443; x_wconf 87' lang='lat' dir='ltr'>attu-</span> 
     </span>
    </p>
   </div>
   <div class='ocr_carea' id='block_1_3' title="bbox 360 2558 1845 2775">
    <p class='ocr_par' dir='ltr' id='par_1_3' title="bbox 360 2558 1845 2775">
     <span class='ocr_line' id='line_1_33' title="bbox 408 2558 1845 2604; baseline 0.001 -13"><span class='ocrx_word' id='word_1_282' title='bbox 408 2558 425 2590; x_wconf 92' lang='lat'>1</span> <span class='ocrx_word' id='word_1_283' title='bbox 452 2567 570 2593; x_wconf 87' lang='grc'>01111103</span> <span class='ocrx_word' id='word_1_284' title='bbox 595 2558 631 2593; x_wconf 88' lang='grc' dir='ltr'><strong><em>Ρ</em></strong></span> <span class='ocrx_word' id='word_1_285' title='bbox 776 2559 999 2604; x_wconf 60' lang='lat' dir='ltr'>pestilentiae</span> <span class='ocrx_word' id='word_1_286' title='bbox 1022 2559 1057 2593; x_wconf 91' lang='lat' dir='ltr'><strong><em>P</em></strong></span> <span class='ocrx_word' id='word_1_287' title='bbox 1206 2560 1228 2594; x_wconf 90' lang='lat'><strong>3</strong></span> <span class='ocrx_word' id='word_1_288' title='bbox 1253 2560 1383 2604; x_wconf 87' lang='lat' dir='ltr'>adquin</span> <span class='ocrx_word' id='word_1_289' title='bbox 1407 2559 1442 2594; x_wconf 93' lang='lat' dir='ltr'><strong><em>P</em></strong></span> <span class='ocrx_word' id='word_1_290' title='bbox 1465 2569 1547 2595; x_wconf 81' lang='lat' dir='ltr'>corr</span> <span class='ocrx_word' id='word_1_291' title='bbox 1682 2560 1704 2594; x_wconf 89' lang='lat'>8</span> <span class='ocrx_word' id='word_1_292' title='bbox 1728 2558 1845 2593; x_wconf 86' lang='lat' dir='ltr'>aditus</span> 
     </span>
     <span class='ocr_line' id='line_1_34' title="bbox 361 2613 1845 2652; baseline 0.001 -3"><span class='ocrx_word' id='word_1_293' title='bbox 361 2613 493 2650; x_wconf 78' lang='lat' dir='ltr'>addidi</span> <span class='ocrx_word' id='word_1_294' title='bbox 666 2616 785 2651; x_wconf 88' lang='lat' dir='ltr'>haberi</span> <span class='ocrx_word' id='word_1_295' title='bbox 810 2616 910 2652; x_wconf 84' lang='lat' dir='ltr'>Salm</span> <span class='ocrx_word' id='word_1_296' title='bbox 1089 2617 1142 2651; x_wconf 89' lang='lat' dir='ltr'>est</span> <span class='ocrx_word' id='word_1_297' title='bbox 1166 2616 1257 2651; x_wconf 75' lang='lat' dir='ltr'>Sab:</span> <span class='ocrx_word' id='word_1_298' title='bbox 1281 2618 1316 2651; x_wconf 89' lang='lat' dir='ltr'>et</span> <span class='ocrx_word' id='word_1_299' title='bbox 1340 2617 1376 2651; x_wconf 90' lang='lat' dir='ltr'><strong><em>P</em></strong></span> <span class='ocrx_word' id='word_1_300' title='bbox 1546 2617 1568 2651; x_wconf 88' lang='lat'>9</span> <span class='ocrx_word' id='word_1_301' title='bbox 1592 2615 1735 2650; x_wconf 88' lang='lat' dir='ltr'>meritas</span> <span class='ocrx_word' id='word_1_302' title='bbox 1759 2616 1845 2650; x_wconf 89' lang='lat' dir='ltr'>ciui-</span> 
     </span>
     <span class='ocr_line' id='line_1_35' title="bbox 361 2672 1756 2709; baseline 0.001 -3"><span class='ocrx_word' id='word_1_303' title='bbox 361 2672 452 2706; x_wconf 84' lang='lat' dir='ltr'>tates</span> <span class='ocrx_word' id='word_1_304' title='bbox 478 2672 549 2707; x_wconf 84' lang='lat' dir='ltr'>Sab</span> <span class='ocrx_word' id='word_1_305' title='bbox 720 2674 763 2708; x_wconf 83' lang='grc'>12</span> <span class='ocrx_word' id='word_1_306' title='bbox 786 2673 938 2708; x_wconf 78' lang='lat' dir='ltr'>id*circo</span> <span class='ocrx_word' id='word_1_307' title='bbox 963 2673 999 2708; x_wconf 91' lang='lat' dir='ltr'><strong><em>P</em></strong></span> <span class='ocrx_word' id='word_1_308' title='bbox 1168 2674 1212 2708; x_wconf 90' lang='lat'>16</span> <span class='ocrx_word' id='word_1_309' title='bbox 1235 2673 1382 2708; x_wconf 84' lang='lat' dir='ltr'>forsitan</span> <span class='ocrx_word' id='word_1_310' title='bbox 1400 2684 1419 2709; x_wconf 82' lang='lat' dir='ltr'>e</span> <span class='ocrx_word' id='word_1_311' title='bbox 1443 2673 1607 2708; x_wconf 87' lang='lat' dir='ltr'>forsitam</span> <span class='ocrx_word' id='word_1_312' title='bbox 1624 2683 1704 2708; x_wconf 75' lang='lat' dir='ltr'>corr</span> <span class='ocrx_word' id='word_1_313' title='bbox 1721 2673 1756 2707; x_wconf 93' lang='lat' dir='ltr'><strong><em>P</em></strong></span> 
     </span>
     <span class='ocr_line' id='line_1_36' title="bbox 360 2728 1845 2775; baseline 0.001 -13"><span class='ocrx_word' id='word_1_314' title='bbox 360 2730 423 2762; x_wconf 88' lang='lat' dir='ltr'>aut</span> <span class='ocrx_word' id='word_1_315' title='bbox 447 2728 484 2763; x_wconf 87' lang='lat' dir='ltr'>in</span> <span class='ocrx_word' id='word_1_316' title='bbox 503 2729 620 2764; x_wconf 76' lang='lat' dir='ltr'>Salm:</span> <span class='ocrx_word' id='word_1_317' title='bbox 646 2733 763 2766; x_wconf 86' lang='lat' dir='ltr'>autem</span> <span class='ocrx_word' id='word_1_318' title='bbox 780 2730 816 2765; x_wconf 90' lang='lat' dir='ltr'><strong><em>P</em></strong></span> <span class='ocrx_word' id='word_1_319' title='bbox 838 2731 900 2765; x_wconf 87' lang='lat' dir='ltr'>aut</span> <span class='ocrx_word' id='word_1_320' title='bbox 926 2730 1006 2773; x_wconf 78' lang='lat' dir='ltr'>Sab,</span> <span class='ocrx_word' id='word_1_321' title='bbox 1023 2740 1042 2764; x_wconf 83' lang='lat' dir='ltr'>r</span> <span class='ocrx_word' id='word_1_322' title='bbox 1179 2730 1223 2765; x_wconf 90' lang='grc'>18</span> <span class='ocrx_word' id='word_1_323' title='bbox 1247 2733 1453 2775; x_wconf 86' lang='lat' dir='ltr'>generarent</span> <span class='ocrx_word' id='word_1_324' title='bbox 1479 2730 1551 2766; x_wconf 83' lang='lat' dir='ltr'>Sab</span> <span class='ocrx_word' id='word_1_325' title='bbox 1574 2731 1615 2765; x_wconf 73' lang='lat' dir='ltr'>in</span> <span class='ocrx_word' id='word_1_326' title='bbox 1639 2740 1717 2765; x_wconf 79' lang='lat' dir='ltr'>err:</span> <span class='ocrx_word' id='word_1_327' title='bbox 1741 2740 1845 2774; x_wconf 89' lang='lat' dir='ltr'>gene-</span> 
     </span>
    </p>
   </div>
   <div class='ocr_carea' id='block_1_4' title="bbox 359 2786 1757 2888">
    <p class='ocr_par' dir='ltr' id='par_1_4' title="bbox 359 2786 1757 2888">
     <span class='ocr_line' id='line_1_37' title="bbox 360 2786 1755 2831; baseline 0.002 -12"><span class='ocrx_word' id='word_1_328' title='bbox 360 2788 439 2820; x_wconf 82' lang='lat' dir='ltr'>rent</span> <span class='ocrx_word' id='word_1_329' title='bbox 454 2786 491 2820; x_wconf 89' lang='lat' dir='ltr'><strong><em>P</em></strong></span> <span class='ocrx_word' id='word_1_330' title='bbox 596 2787 639 2821; x_wconf 84' lang='lat'>19</span> <span class='ocrx_word' id='word_1_331' title='bbox 655 2787 814 2822; x_wconf 84' lang='lat' dir='ltr'>ciuitatis</span> <span class='ocrx_word' id='word_1_332' title='bbox 833 2787 906 2822; x_wconf 87' lang='lat' dir='ltr'>Sab</span> <span class='ocrx_word' id='word_1_333' title='bbox 1013 2786 1058 2821; x_wconf 82' lang='lat'>24</span> <span class='ocrx_word' id='word_1_334' title='bbox 1074 2787 1317 2831; x_wconf 82' lang='lat' dir='ltr'>saequentium</span> <span class='ocrx_word' id='word_1_335' title='bbox 1335 2788 1371 2822; x_wconf 94' lang='lat' dir='ltr'><strong><em>P</em></strong></span> <span class='ocrx_word' id='word_1_336' title='bbox 1478 2788 1522 2822; x_wconf 84' lang='lat'>26</span> <span class='ocrx_word' id='word_1_337' title='bbox 1538 2797 1666 2822; x_wconf 87' lang='lat' dir='ltr'>merere</span> <span class='ocrx_word' id='word_1_338' title='bbox 1683 2787 1755 2822; x_wconf 76' lang='lat' dir='ltr'>Sab</span> 
     </span>
     <span class='ocr_line' id='line_1_38' title="bbox 359 2842 1757 2888; baseline 0.001 -12"><span class='ocrx_word' id='word_1_339' title='bbox 359 2842 402 2876; x_wconf 82' lang='lat'>27</span> <span class='ocrx_word' id='word_1_340' title='bbox 428 2843 476 2877; x_wconf 77' lang='lat' dir='ltr'>s⁵n</span> <span class='ocrx_word' id='word_1_341' title='bbox 501 2842 536 2877; x_wconf 90' lang='lat' dir='ltr'><strong><em>P</em></strong></span> <span class='ocrx_word' id='word_1_342' title='bbox 672 2844 716 2878; x_wconf 81' lang='lat'>29</span> <span class='ocrx_word' id='word_1_343' title='bbox 739 2846 854 2879; x_wconf 86' lang='lat' dir='ltr'>essent</span> <span class='ocrx_word' id='word_1_344' title='bbox 877 2843 1113 2888; x_wconf 83' lang='lat' dir='ltr'>inprobabiles</span> <span class='ocrx_word' id='word_1_345' title='bbox 1145 2843 1163 2878; x_wconf 74' lang='grc'>,9</span> <span class='ocrx_word' id='word_1_346' title='bbox 1298 2844 1344 2879; x_wconf 88' lang='grc'>30</span> <span class='ocrx_word' id='word_1_347' title='bbox 1367 2845 1479 2880; x_wconf 89' lang='lat' dir='ltr'>morbi</span> <span class='ocrx_word' id='word_1_348' title='bbox 1504 2845 1593 2879; x_wconf 83' lang='lat' dir='ltr'>Sab:</span> <span class='ocrx_word' id='word_1_349' title='bbox 1618 2844 1695 2878; x_wconf 87' lang='lat' dir='ltr'>urbi</span> <span class='ocrx_word' id='word_1_350' title='bbox 1720 2844 1757 2879; x_wconf 90' lang='lat' dir='ltr'><strong><em>P</em></strong></span> 
     </span>
    </p>
   </div>
  </div>
 </body>
</html>
