2032 3248
812 235 940 270 Liber
964 235 1010 269 11.
1598 235 1651 276 65

168 350 328 405 piamus
374 349 560 402 deinceps
605 362 696 391 mox
742 349 919 402 aliquem
959 350 1101 390 natum
1143 350 1183 390 et
1205 375 1221 392 2
1244 349 1285 389 in
1317 348 1393 390 loci
1414 348 1527 389 illius
1557 348 1649 389 hos-

169 420 336 473 pitium,
387 418 493 471 quod
540 419 687 460 habeat
735 430 819 459 rem
860 417 1017 459 nullam
1058 420 1098 460 et
1138 419 1192 459 sit
1232 418 1348 459 inane
1387 429 1432 458 ac
1462 430 1649 466 uacuum,

168 487 379 529 Platonica
423 487 519 527 licet
557 488 628 528 aut
666 487 919 540 Pythagorea
956 487 1143 540 progenie
1182 488 1254 528 aut
1290 487 1432 528 horum
1463 486 1650 535 alieuius,

169 557 237 610 qui
270 556 470 598 acuminis
512 556 772 608 perhibentur
802 555 927 597 fuisse
959 556 1088 597 diuini
1120 557 1190 596 aut
1221 568 1266 597 ex
1297 557 1418 597 deum
1449 556 1649 609 responsis

142 625 462 678 5sapientissimi
503 625 736 677 nuncupati.
783 626 887 677 quod
927 638 1020 666 cum
1058 626 1193 666 actum
1232 625 1377 674 fuerit,
1422 625 1568 666 nutriri
1606 626 1652 666 ut

170 694 314 735 debeat
359 694 540 746 sequitur
582 697 621 735 et
668 692 886 749 alilmoniis
932 693 1262 735 conuenientibus
1313 694 1483 735 educari.
1535 693 1651 735 adhi-
1665 698 1687 730 f.
1701 699 1746 731 38

170 763 335 804 beamus
365 763 494 816 igitur
524 762 564 804 et
595 763 809 811 nutricem,
841 775 943 815 quae
973 774 1129 815 semper
1160 762 1210 803 ad
1233 775 1325 803 eum
1345 763 1463 813 nuda,
1495 774 1651 815 semper

169 831 293 872 silens
324 831 501 882 accedat,
534 831 705 873 uerbum
735 831 896 872 nullum
929 830 1079 872 faciens
1110 831 1244 872 necin
1265 831 1459 873 sermonis
1480 831 1652 873 alicuius

169 900 483 941 similitudinem
514 912 581 940 ora
612 901 651 941 et
682 900 797 941 labra
828 900 1009 951 diducat,
1043 900 1111 941 sed
1143 913 1235 941 cum
1266 913 1466 941 mammas
1497 900 1653 941 dederit

123 981 155 1005 10
168 970 209 1009 et
240 968 521 1020 consequentia
552 968 751 1021 supplerit
782 968 933 1018 officia,
967 969 1110 1010 datum
1140 969 1268 1021 quieti
1300 969 1462 1021 linquat
1492 970 1532 1010 et
1562 969 1654 1010 ante

168 1037 270 1079 fores
301 1037 458 1078 clausa-s
488 1037 573 1078 dies
604 1038 819 1090 noctesque
850 1037 1083 1079 continuet:
1115 1038 1246 1090 poscit
1277 1038 1384 1079 enim
1417 1037 1654 1090 plerumque

167 1119 242 1155 res,
273 1105 469 1147 nutricias
501 1106 639 1147 adesse
670 1118 783 1147 curas
815 1107 853 1147 et
884 1107 1094 1147 obseruare
1125 1107 1388 1159 temporarios
1419 1108 1566 1148 motus.
1611 1108 1654 1147 at

168 1187 262 1216 uero
284 1187 375 1215 cum
397 1175 571 1227 coeperit
592 1175 851 1217 solidioribus
873 1175 972 1217 cibis
993 1176 1128 1216 infans
1150 1175 1292 1216 debere
1314 1174 1462 1225 fulciri,
1495 1175 1653 1217 nutrice

167 1244 393 1285 inferantur
430 1243 479 1284 ab
511 1243 649 1285 eadem
687 1246 799 1285 ueste
841 1245 886 1285 ut
925 1243 1101 1285 diximus
1140 1244 1272 1296 posita
1311 1244 1351 1285 et
1388 1245 1524 1285 tenore
1555 1244 1653 1285 reti-

124 1313 322 1354 1⁵centiae
354 1314 527 1354 seruato.
578 1312 663 1365 ipse
695 1314 832 1354 autem
863 1313 932 1365 qui
963 1312 1138 1353 infertur
1170 1312 1284 1354 cibus
1315 1313 1368 1353 sit
1395 1325 1500 1353 unus
1531 1314 1650 1364 atque

169 1381 276 1422 idem
317 1393 494 1434 semper,
536 1381 640 1422 nihil
680 1381 852 1422 materia
883 1381 1071 1422 differens
1102 1393 1174 1422 nec
1208 1393 1278 1434 per
1310 1381 1444 1422 uarios
1474 1380 1651 1422 redinte-

169 1452 309 1503 gratus
341 1461 522 1502 saporeS,
555 1450 625 1490 sed
656 1451 727 1490 aut
757 1449 881 1491 fitilla
913 1450 960 1491 de
992 1449 1106 1491 milio
1137 1450 1209 1491 aut
1239 1450 1293 1490 sit
1323 1450 1439 1502 panis
1471 1462 1515 1490 ex
1546 1450 1650 1490 farre

169 1521 252 1568 aut,
283 1519 329 1560 ut
360 1518 520 1560 saecula
551 1517 762 1559 imitemur
793 1519 973 1571 antiqua,
1008 1531 1053 1559 ex
1076 1518 1206 1560 cinere
1238 1518 1352 1559 caldo
1382 1518 1550 1571 glandes
1582 1520 1652 1559 aut

170 1601 215 1629 ex
246 1587 369 1628 ramis
401 1586 631 1641 agrestibus
662 1587 842 1628 baculae.
884 1587 993 1639 potio
1025 1588 1162 1628 autem
1194 1587 1279 1628 uini
1310 1587 1365 1628 sit
1394 1599 1555 1639 prorsus
1586 1587 1650 1628 in-

123 1667 155 1692 20
170 1656 333 1708 cognita
362 1668 433 1697 nec
465 1656 659 1696 sedandae
687 1656 801 1697 aliud
831 1657 1094 1697 admoneatur
1124 1656 1194 1697 siti
1226 1669 1346 1709 quam
1377 1656 1508 1708 liquor
1528 1669 1651 1708 purus

170 1738 189 1765 e
221 1725 399 1766 fontibus
430 1724 588 1766 caldore
619 1725 725 1778 ignis
757 1725 933 1766 intactus
965 1727 1016 1774 et,
1048 1725 1081 1766 si
1111 1725 1198 1766 fieri
1229 1725 1335 1778 potis
1358 1726 1431 1775 est,
1464 1725 1651 1765 manibus

171 1793 504 1834 subministratus
536 1794 657 1834 cauis
710 1793 778 1834 fiet
817 1794 923 1834 enim
961 1793 1175 1834 familiaris
1212 1807 1232 1834 e
1260 1806 1369 1835 more
1405 1793 1651 1835 consuetudo

170 1862 211 1902 in
243 1863 429 1903 naturam
470 1875 585 1903 uersa
625 1875 698 1903 nec
740 1863 934 1916 adpetitio
966 1863 1195 1916 porrigetur
1230 1862 1415 1912 ulterius,
1447 1874 1531 1903 esse
1563 1875 1649 1902 am-

169 1930 277 1983 plius
318 1931 498 1972 nesciens
529 1933 632 1984 quod
671 1933 845 1984 petatur.
896 1943 1087 1983 quorsum
1133 1931 1260 1985 igitur
1298 1932 1394 1972 haec
1432 1931 1649 1983 spectant?
1669 1939 1719 1977 22

124 2001 233 2048 2511‘0,
267 2000 456 2052 quoniam
496 2001 697 2041 creditum
728 2002 807 2049 est,
847 2001 1002 2041 animas
1044 2000 1203 2041 diuinas
1244 2001 1364 2052 atque
1404 1998 1653 2039 immortales

171 2080 255 2109 esse
287 2070 326 2109 et
357 2070 407 2110 ad
438 2069 649 2109 hominum
681 2081 844 2121 corpora
874 2069 1101 2121 disciplinis
1132 2082 1224 2110 cum
1247 2069 1433 2110 omnibus
1455 2068 1654 2108 aduolare.

172 2138 423 2191 experiamur
454 2150 499 2178 ex
530 2138 608 2178 isto
630 2151 748 2189 quem
774 2137 847 2178 hoc
870 2150 1012 2191 genere
1035 2137 1240 2178 noluimus
1263 2137 1436 2186 educari,
1468 2136 1652 2188 capiatne

219 2342 233 2373 1
260 2342 295 2373 ct
320 2351 373 2374 om
398 2340 466 2374 {firs-
603 2341 771 2374 lacunam
792 2341 935 2384 signant
1072 2341 1092 2374 3
1118 2343 1305 2384 pytagorea
1322 2340 1356 2373 1²
1492 2340 1513 2373 4
1538 2339 1649 2373 diuini

173 2398 262 2432 Sab:
300 2398 430 2432 diuinis
457 2398 491 2431 P
626 2399 646 2431 (3
671 2400 705 2431 ct
731 2398 821 2431 Sub:
858 2401 897 2432 ut
923 2398 957 2432 P
1093 2399 1113 2431 8
1139 2398 1306 2431 sermonis
1342 2397 1490 2431 alicuius
1527 2397 1654 2431 simili-

171 2455 329 2488 tudinem
361 2455 508 2498 scripsi:
550 2455 718 2487 sermonis
753 2455 900 2488 alicuius
927 2456 960 2488 P
990 2465 1143 2488 sermone
1177 2454 1325 2487 alicuius
1351 2454 1422 2487 &ab
1461 2465 1652 2489 sermonem

171 2512 321 2555 aliquem
352 2513 414 2545 Gal
453 2523 625 2545 sermones
651 2512 787 2555 aliquos
821 2513 888 2546 Urs
1025 2513 1046 2546 9
1071 2512 1215 2545 diducat
1247 2511 1327 2544 Gel:
1359 2510 1507 2545 deducat
1533 2512 1566 2544 P

172 2568 214 2601 14
239 2569 410 2601 inferatur
437 2569 507 2603 Sab
656 2570 698 2602 15
723 2569 888 2602 infcrsstur
913 2570 948 2602 P
1097 2569 1137 2602 16
1163 2568 1422 2609 redintegratus
1448 2568 1540 2602 Sab:
1579 2568 1654 2602 red-

172 2625 364 2669 integratos
390 2627 424 2660 P
572 2626 611 2660 17
638 2626 743 2659 fitilla
771 2627 886 2660 Sulm:
914 2628 953 2660 fit
978 2626 1039 2659 illa
1056 2627 1089 2659 P
1114 2626 1162 2659 sit
1188 2626 1248 2659 ille
1268 2626 1337 2658 &ab
1489 2626 1530 2658 18
1555 2625 1653 2668 glan-

172 2682 229 2715 des
257 2682 346 2716 Sao.-
371 2683 520 2726 grandes
547 2683 580 2716 P
717 2683 760 2716 20
785 2684 882 2716 surus
909 2683 942 2716 1¹
962 2693 1042 2716 corr
1179 2682 1222 2715 22
1247 2681 1537 2715 subministratus
1568 2682 1653 2716 Gel:

173 2739 481 2774 subministratum
508 2741 542 2774 P
677 2740 721 2774 <23
746 2740 945 2783 porrigetur
977 2740 1063 2773 Urs.-
1097 2739 1290 2783 corrigetur
1316 2739 1350 2772 P
1482 2739 1527 2773 25
1551 2740 1654 2782 atquc

178 2795 377 2830 Vahlenus:
408 2788 489 2831 adeo
516 2797 550 2831 P
574 2807 594 2830 a
619 2796 680 2830 deo
706 2795 779 2830 Sal)
803 2798 907 2839 atquc
933 2796 1016 2830 adeo
1049 2796 1117 2830 Urs

306 2864 368 2900 IV.
1497 2865 1518 2898 5
