2032 3248
336 204 389 246 88
749 202 938 238 Arnobii
963 203 1178 237 aduersus
1203 203 1407 238 nationes

333 319 538 373 ingenitas
569 319 770 373 corrigere
798 319 1045 372 prauitates,
1087 319 1123 360 is
1163 318 1419 372 apertissime
1460 319 1661 362 monstrat
1690 319 1827 374 inper-

334 388 497 443 fectum,
521 387 838 443 improbabilem
860 401 902 430 se
923 400 1021 440 esse,
1044 388 1231 441 quamuis
1253 388 1364 430 omni
1379 389 1526 430 conatu
1543 389 1584 430 et
1599 389 1828 442 peruicacia

267 457 314 497 51
332 457 580 500 contrarium
605 456 831 499 contendat.
865 456 934 499 sed
954 457 1056 499 risui
1077 456 1193 499 uobis
1213 457 1275 499 est
1305 456 1441 499 nostra
1471 458 1689 511 responsio,
1722 460 1828 512 quod

331 539 425 568 cum
454 526 586 581 regias
617 526 779 568 suboles
810 537 895 567 esse
916 526 1072 567 animas
1094 525 1356 580 abnegemUS,
1389 537 1470 567 non
1490 526 1712 569 referamus
1734 539 1827 569 con-

330 596 408 646 tra,
440 607 487 637 ex
516 594 664 648 quibus
696 595 778 637 sint
809 594 942 637 causis
970 595 1092 647 atque
1113 594 1339 648 originibus
1360 595 1608 648 procreatae.
1640 595 1746 649 quod
1767 595 1829 637 est
1858 607 1873 632 ⁵

331 664 437 705 0111111
470 663 653 705 criminis
683 676 824 718 genus,
857 664 929 705 aut
958 664 1016 705 rei
1048 676 1135 705 esse
1161 663 1335 705 alicuius
1363 663 1556 718 ignarum
1586 664 1659 706 aut
1692 663 1828 717 ipsum

331 734 435 783 quod
473 732 628 774 nescias
665 732 752 774 sine
790 733 926 786 aliqua
964 732 1146 786 profiteri
1178 732 1505 774 dissimulatione
1536 731 1711 775 nescire:
1756 733 1829 774 aut

331 802 422 843 uter
451 801 583 855 magis
614 801 779 843 uidetur
816 801 1009 843 inrisione
1048 813 1136 843 esse
1176 800 1442 855 dignissimus
1481 801 1615 851 uobis,
1648 801 1718 854 qui
1749 800 1828 843 sibi

331 870 544 912 scientiam
576 870 737 912 nullam
767 870 1003 912 tenebrosae
1034 870 1092 912 rei
1123 870 1297 912 alicuius
1329 869 1534 921 adsumit,
1574 883 1624 911 an
1654 870 1726 911 1110
1757 870 1828 923 qui

329 939 441 980 retur
472 951 513 980 se
543 951 589 980 ex
620 952 662 981 se
692 939 949 992 apertissime
986 939 1087 981 scire
1125 938 1168 980 id
1211 939 1318 992 quod
1357 939 1580 981 humanam
1620 938 1828 981 transiliat
1842 949 1873 973 10

330 1007 536 1050 notionem
567 1008 608 1049 et
638 1007 745 1060 quod
775 1007 831 1049 sit
862 1008 990 1050 caecis
1022 1007 1342 1050 obscuritatibus
1363 1008 1624 1050 inuolutum?
1656 1008 1691 1050 si
1711 1008 1827 1062 peni-

330 1078 398 1118 tus
430 1076 634 1129 spectetur
664 1076 722 1118 rei
753 1077 949 1130 cuiusque
979 1078 1139 1127 natura,
1172 1077 1214 1118 in
1247 1077 1375 1119 simili
1407 1078 1447 1118 et
1478 1090 1550 1119 uos
1573 1077 1671 1119 estis
1703 1090 1828 1130 quam

330 1145 373 1186 in
404 1145 522 1187 nobis
559 1145 858 1199 reprehenditis
900 1157 1033 1188 causa.
1081 1157 1162 1187 non
1201 1146 1309 1187 enim
1348 1146 1442 1199 quia
1485 1145 1622 1187 dicitis
1660 1145 1710 1187 ab
1741 1146 1828 1198 ipso

329 1214 487 1256 animas
517 1226 611 1268 rege
642 1213 880 1256 descendere
911 1211 957 1256 ’00
988 1215 1202 1257 succedere
1233 1214 1275 1256 in
1306 1214 1520 1256 hominum
1551 1214 1724 1269 formas,
1757 1227 1827 1255 ex-

328 1284 535 1336 ploratum
580 1283 737 1336 aliquid
782 1283 920 1325 dicitis
962 1285 1003 1326 et
1033 1283 1077 1325 111
1113 1285 1205 1326 11100
1243 1283 1423 1337 positum
1465 1283 1827 1342 manifestissimae
1841 1296 1872 1320 15

329 1351 529 1394 ueritatis.
576 1351 760 1394 conicitis
791 1352 913 1404 enim,
946 1364 1026 1394 non
1057 1352 1191 1402 scitis;
1231 1352 1513 1406 suspicamini,
1545 1349 1624 1394 non
1656 1352 1826 1394 tenetis:

328 1433 423 1463 nam
461 1421 495 1462 si
532 1421 634 1483 scire
673 1421 735 1463 est
764 1421 872 1463 illud
917 1423 1023 1475 quod
1065 1421 1153 1475 ipse
1195 1424 1241 1463 tu
1272 1420 1426 1463 uideris
1471 1422 1543 1463 aut
1589 1422 1827 1476 cognoueris

331 1490 466 1531 animo
498 1490 721 1541 continere,
753 1490 858 1531 nihil
889 1503 1030 1532 eorum
1061 1503 1163 1544 quae
1194 1491 1383 1533 adseritis
1405 1490 1578 1544 potestis
1601 1504 1673 1532 uos
1696 1490 1827 1532 dicere

331 1558 548 1612 aliquando
589 1559 760 1610 uidisse,
806 1558 849 1600 id
887 1561 949 1601 est
987 1559 1145 1601 animas
1185 1560 1278 1601 sede
1317 1560 1366 1601 ab
1404 1571 1552 1612 supera
1591 1561 1630 1601 et
1661 1560 1826 1613 regione

331 1627 581 1670 descendere.
621 1628 850 1682 suspicione
882 1641 976 1683 ergo
1007 1627 1188 1680 utimini,
1228 1640 1307 1670 non
1339 1628 1585 1683 cognitionis
1617 1639 1826 1682 expressae
1840 1641 1873 1666 20

237 1702 261 1739 f.
275 1705 317 1736 52
330 1695 420 1738 fide.
467 1697 565 1750 quid
597 1697 658 1738 est
687 1699 826 1739 autem
856 1697 1046 1751 suspicio,
1078 1697 1158 1738 nisi
1189 1696 1369 1750 opina-tio
1398 1710 1534 1738 rerum
1570 1695 1574 1752 Ι
1611 1697 1765 1738 11100110
1787 1697 1828 1738 01

332 1767 359 1817 ἦ·
380 1765 486 1807 nihil
516 1779 563 1808 ex
591 1766 727 1820 positu
756 1766 953 1808 iaculatio
984 1766 1133 1808 mentis
1162 1766 1202 1807 in
1230 1766 1433 1808 latentia?
1465 1778 1559 1820 ergo
1591 1766 1660 1819 qui
1692 1765 1826 1818 suspi-

330 1836 466 1886 catur,
511 1847 590 1877 non
634 1836 751 1877 tenet
794 1847 865 1877 nec
903 1835 946 1877 in
984 1835 1140 1877 lumine
1179 1835 1337 1889 positus
1376 1834 1624 1889 cognitionis
1662 1834 1826 1876 incedit.

330 1904 473 1957 quodsi
502 1916 645 1946 uerum
676 1905 717 1946 et
747 1904 873 1946 fixum
904 1906 987 1956 031,
1028 1905 1134 1957 apud
1173 1905 1303 1946 rectos
1336 1906 1376 1946 et
1408 1904 1731 1957 sapientissimos
1762 1903 1827 1945 iu—

331 1972 437 2015 dices
477 1973 518 2015 et
555 1973 637 2015 ista
680 1974 817 2015 uestra
861 1986 940 2027 qua
984 1972 1114 2015 fiditis
1153 1985 1224 2028 pro
1255 1973 1510 2028 ignoratione
1548 1974 1610 2014 est
1640 1971 1828 2015 habenda
1841 1983 1873 2010 2⁵

265 2048 316 2087 52
333 2042 523 2096 suspicio.
570 2054 617 2084 ac
648 2055 696 2084 ne
727 2044 866 2084 tamen
896 2042 1012 2084 uobis
1044 2041 1329 2084 tantummodo
1360 2041 1559 2083 censeatis
1582 2040 1826 2083 coniecturis

330 2111 391 2152 uti
422 2123 467 2153 ac
497 2111 795 2164 suspicionibus
838 2111 980 2161 licere,
1021 2110 1062 2153 et
1092 2123 1162 2152 nos
1203 2111 1333 2152 isdem
1362 2122 1591 2163 possumus,
1635 2109 1828 2163 quoniam

330 2192 544 2222 commune
589 2183 650 2222 est
700 2180 806 2233 quod
855 2179 1119 2233 interrogatis
1170 2191 1412 2233 expromere.
1459 2178 1589 2230 unde,
1640 2177 1824 2231 inquitis,

329 2248 512 2291 homines
552 2251 592 2291 01
630 2248 809 2302 ipsorum
851 2248 1065 2289 hominum
1103 2248 1202 2302 quid
1240 2248 1312 2289 aut
1351 2247 1458 2289 unde
1496 2247 1591 2288 sunt
1636 2246 1827 2289 animae?

375 2442 394 2475 1
412 2441 643 2485 inperfectum
660 2441 839 2484 eoepzmaeit
855 2442 884 2475 c‘
1016 2440 1039 2476 2
1065 2438 1334 2483 improbabilem
1352 2449 1407 2473 om
1426 2439 1496 2473 Sab
1612 2438 1827 2483 probabilem

330 2510 365 2533 se
389 2509 462 2533 esse
488 2498 648 2543 quamuis
675 2498 775 2533 Salm
957 2497 979 2532 3
1003 2497 1221 2531 contrarium
1252 2507 1306 2531 om
1333 2496 1387 2531 P:
1418 2500 1503 2540 post
1535 2496 1728 2531 contendat
1753 2496 1827 2531 add

335 2556 492 2591 Orellius
628 2555 649 2589 6
675 2557 791 2590 autem
816 2555 884 2590 Urs
1023 2554 1067 2588 10
1090 2564 1126 2588 30
1148 2564 1187 2587 ex
1211 2564 1246 2587 se
1266 2553 1384 2588 Salm:
1409 2564 1445 2587 se
1462 2544 1498 2588 00
1514 2553 1550 2587 Ρ
1573 2564 1646 2588 3030
1663 2553 1735 2588 Sal)

331 2613 373 2647 14
398 2623 535 2648 succere
560 2614 596 2648 P
610 2623 691 2648 corr
707 2623 726 2648 c
864 2613 907 2646 16
923 2621 1079 2647 memnon
1096 2611 1130 2645 P
1154 2612 1287 2655 (mente
1311 2621 1456 2645 erasum
1480 2620 1551 2645 esse
1571 2610 1735 2654 uidetur)

330 2670 372 2704 17
397 2671 439 2705 in
463 2681 517 2716 my
541 2674 569 2705 ε’
593 2670 623 2705 1?
771 2669 817 2703 20
839 2678 909 2703 non
933 2668 1008 2703 add
1033 2679 1051 2703 0
1194 2678 1394 2711 expraessae
1418 2668 1454 2702 P
1590 2668 1634 2701 22
1658 2667 1762 2712 nihil]
1788 2667 1826 2702 in

330 2727 382 2762 nil
407 2726 478 2762 Sal>
502 2726 602 2761 labili
636 2727 654 2761 12
678 2726 784 2761 infido
817 2726 835 2761 2
983 2736 1022 2760 cx
1048 2724 1167 2769 positu
1190 2725 1339 2768 scripsi:
1379 2724 1576 2768 expositum
1602 2725 1638 2758 P
1788 2724 1826 2759 111

330 2785 479 2820 latentia
508 2785 656 2829 scripsi:
693 2784 807 2819 inlata
839 2785 873 2818 P
1034 2783 1078 2817 24
1108 2783 1162 2817 est
1191 2782 1306 2826 apud.
1327 2809 1334 2816 .
1355 2808 1364 2816 .
1378 2782 1529 2822 iudices,
1560 2783 1595 2816 et
1624 2783 1735 2827 uulqo

329 2843 373 2877 26
397 2849 432 2877 ac
458 2843 491 2875 P
625 2853 686 2876 ne*
705 2843 741 2876 P
877 2842 920 2876 27
945 2841 1036 2875 idem
1062 2840 1145 2882 Sab,
1169 2849 1189 2873 r
1213 2839 1349 2874 easdem
1367 2839 1466 2874 Salm
1604 2840 1648 2874 28
1673 2839 1826 2874 interro·

332 2901 437 2944 gatis,
461 2910 656 2944 expromere
679 2900 791 2945 uulgo
