2032 3248
279 1077 331 1115 32

274 2114 327 2152 33

348 206 430 248 242
983 203 1226 247 AppendiX.

348 314 532 358 mortuns,
556 312 741 358 martyres
765 311 851 347 sunt
873 320 940 348 nec
963 312 1171 358 martyrum
1195 321 1330 348 corona
1351 309 1647 348 fraudabuntur:
1684 309 1857 357 inprimis

347 382 473 418 autem
494 379 669 418 monachi
691 379 755 427 qui
777 390 865 417 uere
886 379 1062 417 monachi
1084 380 1172 417 sunt
1195 390 1236 416 ac
1273 379 1441 426 uirgines
1463 389 1558 426 quae
1579 390 1666 417 11010
1688 379 1856 427 uirgines

347 451 448 487 sunt.
471 459 591 496 neque
614 448 715 486 enim
734 448 838 486 100115
860 449 1032 487 desertus
1051 478 1058 495 ,
1082 459 1211 486 saccus
1233 458 1299 496 pro
1322 448 1427 486 ueste
1441 477 1450 495 ‚
1472 447 1650 496 legumen
1670 459 1737 496 pro
1760 447 1856 494 cibo,

348 529 467 565 neque
490 517 631 556 ieiunia
654 528 775 566 neque
797 516 1041 556 chamenniae
1062 517 1288 555 monachum
1311 516 1540 563 absolunnt,
1575 517 1644 554 sub
1666 516 1727 554 his
1748 516 1856 555 inuo-

348 588 464 625 lucris
486 587 677 625 interdum
697 586 792 625 latet
814 586 961 625 animus
983 586 1094 624 ualde
1116 587 1342 624 mundanus.
1366 586 1465 634 quod
1486 585 1541 623 ita
1563 585 1861 633 deprehenditur
1877 600 1890 623 5

351 657 383 694 si
404 656 452 694 ad
473 667 608 694 munus
630 655 784 703 aliquod
806 655 1106 694 ecclesiasticum
1126 657 1327 694 nocentur:
1371 654 1424 692 ibi
1454 654 1584 692 uideas
1606 655 1789 702 quosdam
1802 666 1856 696 ,ex

347 724 426 763 illis
448 725 630 763 facillime
651 724 755 763 uinci
776 724 944 772 deliciis,
967 724 1269 773 impatientiores
1291 723 1536 771 iniuriarum,
1577 724 1858 772 appetentiores

347 794 539 834 uindictae
562 805 675 842 quam
697 793 822 842 quiuis
859 794 957 832 alius
994 794 1044 831 sit
1079 805 1124 832 ex
1158 793 1280 832 media
1310 793 1432 841 plebe.
1472 793 1563 841 quid
1600 805 1734 832 causae
1771 795 1858 832 est?

347 864 525 912 quoniam
546 875 680 911 corpus
702 864 949 902 exercuerunt
970 863 1093 911 magis
1115 875 1227 911 11110111
1249 862 1436 901 animum:
1460 873 1544 901 011111
1565 863 1699 901 beatus
1716 863 1859 900 Paulus

348 933 492 981 doceat,
516 934 615 982 quod
635 932 933 972 exercitatio
965 932 1243 980 corporalis
1266 933 1320 970 ad
1341 932 1574 970 modicum
1605 932 1754 970 utilis
1777 932 1857 980 sit,
1876 943 1909 967 10

346 1002 505 1049 pietas
538 1003 594 1040 ad
625 1002 786 1040 omnia
807 1002 987 1040 ualeat.

407 1071 493 1110 Non
515 1071 607 1110 haec
630 1071 810 1119 dixerim,
849 1072 950 1119 quod
969 1064 1208 1120 improbandi
1246 1071 1323 1109 sint
1352 1070 1415 1118 qui
1435 1070 1576 1109 talibus
1598 1070 1720 1110 modis
1738 1071 1855 1109 casti-

349 1143 441 1189 gant
463 1152 598 1189 corpus
623 1152 733 1179 51111111
753 1142 791 1180 et
810 1140 850 1178 in
871 1140 1099 1179 seruitutem
1121 1140 1323 1189 redigunt:
1357 1141 1424 1178 sed
1454 1141 1554 1188 quod
1575 1141 1729 1178 satanas
1751 1139 1857 1178 mille

346 1210 555 1249 instructus
577 1210 725 1248 artibus
747 1221 1027 1257 nonnumquam
1063 1210 1192 1248 illudit
1232 1209 1409 1256 incautis,
1441 1208 1718 1257 transfigurans
1743 1220 1781 1247 50
1819 1209 1857 1247 111

346 1279 524 1326 angelum
545 1278 643 1318 111015
665 1281 703 1318 et
724 1291 768 1317 ex
788 1279 1005 1318 huiusmodi
1036 1291 1231 1326 corporum
1263 1278 1569 1317 exercitamentis
1602 1277 1748 1316 inducit
1779 1277 1858 1316 illis
1875 1290 1904 1314 15

345 1347 481 1386 falsam
505 1348 778 1387 sanctimoniae
799 1347 1094 1397 persuasionem,
1117 1360 1274 1396 cumque
1295 1348 1398 1386 intus
1419 1348 1597 1386 madeant
1618 1347 1856 1396 spiritalibus

344 1417 474 1464 uitiis,
516 1419 555 1455 et
576 1417 649 1455 sibi
671 1419 709 1455 et
731 1417 817 1455 aliis
839 1417 1030 1455 habentur
1050 1417 1116 1465 pii.
1158 1417 1249 1455 talis
1271 1419 1354 1455 erat
1375 1417 1525 1455 iustitia
1546 1416 1852 1463 Pharisaeorum,

345 1487 405 1524 cui
426 1487 597 1534 praelata
619 1489 676 1525 est
698 1486 821 1526 iudice
844 1486 995 1526 Christo
1017 1487 1210 1535 publicani
1226 1487 1428 1526 iniustitia.
1450 1487 1506 1526 ita
1523 1489 1611 1525 sunt
1629 1488 1666 1525 et
1685 1486 1854 1535 uirgines

344 1555 485 1601 fatuae,
509 1567 603 1603 quae
627 1555 788 1594 solidam
810 1556 1030 1595 existimant
1046 1556 1229 1604 pietatem
1244 1568 1380 1604 corpus
1402 1556 1540 1595 habere
1557 1556 1639 1595 uiro
1657 1556 1855 1603 intactum,

343 1636 427 1663 cum
449 1624 597 1663 animus
620 1625 787 1663 auaritia
807 1625 988 1676 superbia
1010 1625 1155 1663 inuidia
1177 1626 1215 1663 et
1238 1625 1513 1664 obtrectatione
1534 1624 1585 1663 sit
1607 1624 1852 1673 corruptissi-
1871 1637 1904 1662 20

343 1705 438 1731 mus.
484 1696 571 1732 sunt
593 1696 632 1732 et
652 1693 751 1733 falso
773 1694 922 1745 uiduae,
955 1706 1049 1743 quae
1075 1695 1163 1733 dum
1183 1694 1319 1733 uiuunt
1340 1694 1380 1732 in
1403 1694 1548 1733 deliciis
1572 1694 1721 1732 Christo
1752 1705 1854 1732 mor-

342 1766 428 1801 tuae
449 1765 550 1801 sunt.
573 1763 612 1801 in
633 1775 782 1802 summa
802 1765 930 1801 tamen
952 1764 1122 1812 quisquis
1144 1774 1232 1802 uere
1255 1763 1497 1802 Christianus
1519 1764 1701 1811 cuiusque
1729 1764 1855 1801 status

342 1833 408 1870 aut
430 1831 570 1870 ordinis
594 1832 712 1870 habet
733 1833 941 1870 certamina
959 1844 1040 1879 sna,
1063 1833 1179 1871 habet
1199 1844 1347 1871 crucem
1370 1844 1495 1871 suam:
1520 1844 1631 1880 11110111
1652 1832 1685 1871 51
1706 1832 1855 1880 patien-

340 1903 399 1938 ter
419 1900 523 1939 tollit
534 1904 563 1952 j}
586 1901 620 1939 si
643 1902 861 1940 constanter
882 1901 1059 1949 sustinet,
1102 1902 1320 1940 testimonio
1342 1913 1408 1940 suo
1430 1901 1618 1950 glorificat
1640 1901 1855 1948 Dominum,

340 1971 491 2007 tantum
510 1980 558 2008 ne
579 1969 653 2008 sibi
675 1970 843 2009 uindicet
873 1970 1022 2009 laudem
1055 1971 1240 2010 bonorum
1270 1982 1442 2019 operum:
1474 1971 1546 2010 hoc
1576 1970 1677 2009 enim
1697 1982 1773 2009 non
1796 1971 1855 2009 est
1869 1982 1901 2008 25

341 2038 553 2087 glorificare
575 2039 711 2087 Deum,
736 2040 803 2077 sed
823 2038 1033 2078 clarificare
1058 2039 1236 2089 seipsum.

399 2108 527 2147 Habet
547 2109 806 2158 unusquisque
828 2109 998 2147 fidelium
1027 2121 1167 2158 agones
1198 2121 1299 2157 51105,
1331 2110 1447 2148 habet
1487 2108 1748 2148 aduersarium
1770 2109 1853 2147 dia-

342 2177 484 2225 bolum,
506 2178 622 2217 habet
640 2179 912 2227 agonothetam
928 2178 1061 2226 Deum,
1087 2179 1201 2217 habet
1218 2179 1412 2218 theatrum
1432 2190 1507 2217 non
1528 2178 1651 2217 solum
1672 2177 1854 2217 ecclesiae

344 2247 382 2284 et
403 2246 625 2295 angelorum
646 2248 715 2286 5011
739 2249 777 2285 et
798 2247 1021 2295 infidelium,
1049 2249 1361 2296 quemadmodum
1383 2247 1477 2286 dicit
1497 2247 1640 2286 Paulus
1661 2247 1709 2285 ad
1726 2246 1854 2285 Corin-

344 2314 468 2353 thios:
510 2315 847 2365 spectaculum
892 2316 1018 2354 facti
1067 2329 1229 2355 sumus
1273 2317 1444 2355 mundo
1487 2318 1533 2355 et
1579 2315 1776 2365 angelis
1808 2319 1901 2356 et30

345 2383 596 2423 hominibu
609 2396 640 2424 5.
681 2384 715 2423 51
745 2385 944 2433 1111101111115,
981 2385 1194 2434 gloriantur
1214 2385 1355 2435 angeli,
1393 2385 1605 2434 gloriantur
1625 2386 1666 2423 et
1686 2385 1856 2424 fidelium

343 2452 536 2501 ecclesiae,
578 2453 766 2503 gloriatur
801 2455 839 2492 et
874 2454 955 2503 ipse
978 2454 1154 2493 Christus
1175 2455 1215 2493 in
1241 2454 1421 2493 membris
1456 2454 1547 2493 suis.
1579 2454 1639 2493 sin
1669 2454 1855 2493 uincimur

344 2521 498 2569 ignauia
512 2524 656 2571 nostra,
673 2522 885 2572 triumphat
902 2524 1056 2562 satanas
1077 2536 1160 2562 cum
1182 2524 1328 2572 angelis
1350 2523 1441 2571 suis,
1459 2523 1647 2562 insultant
1663 2522 1773 2562 nobis
1796 2523 1857 2561 in-

343 2590 490 2628 creduli
510 2602 553 2629 ac
575 2592 697 2630 Deum
718 2591 958 2630 contumeliis
979 2592 1173 2641 afficiunt,
1205 2592 1396 2632 dicentes:
1427 2602 1512 2631 ecce
1548 2592 1612 2641 qui
1635 2592 1779 2631 iactant
1816 2602 1856 2630 se

343 2658 532 2697 redemtos
554 2671 576 2697 a
596 2660 795 2710 tyrannide
819 2661 986 2709 satanae,
1010 2661 1075 2709 qui
1090 2662 1311 2710 praedicant
1332 2671 1372 2699 se
1393 2662 1559 2700 mortuos
1575 2661 1727 2709 mundo,
1748 2659 1851 2699 nihi-
1865 2673 1897 2699 35

437 2828 481 2863 10
505 2828 523 2863 1
549 2829 639 2866 Tim.
666 2831 699 2872 4,
724 2832 757 2866 8.
961 2832 1006 2866 30
1030 2832 1049 2866 I
1075 2831 1152 2867 Cor.
1178 2832 1210 2874 4,
1237 2831 1268 2865 9.

1993 1693 2003 1864 “qu—«maso,
1995 1682 1998 1687 -
