2032 3248
826 221 954 255 Liber
987 221 1051 255 111.
1604 223 1681 263 137

192 348 445 385 consecrare,
484 347 529 376 ac
567 348 616 376 ne
657 335 784 388 aliqui
825 334 991 376 deorum
1035 335 1302 376 multitudine
1343 335 1415 376 aut
1452 335 1683 390 ignorantia

191 405 495 458 praeteriretur.
528 404 743 445 breuitatis
776 405 815 445 et
846 404 1074 456 compendii
1106 416 1226 445 causa
1248 417 1328 446 uno
1349 404 1502 457 pariter
1522 404 1683 445 nomine

191 474 359 515 cunctos
390 473 632 514 Nouensiles
673 472 867 513 inuocari.
914 472 1009 513 sunt
1046 474 1251 522 praeterea
1290 473 1494 523 nonnulli,
1537 472 1605 525 qui
1637 484 1683 513 ex
1699 472 1750 513 39

190 541 422 583 hominibus
454 541 568 582 diuos
599 540 725 582 factos
756 541 832 582 hac
863 540 1101 593 praedicant
1134 541 1406 594 appellatione
1438 541 1606 596 signari,
1637 544 1682 581 ut

162 612 252 653 5est
289 611 486 652 Hercules
526 610 725 651 Romulus
762 609 1031 662 Aesculapius
1072 609 1195 650 Liber
1231 610 1400 651 Aeneas.
1444 610 1681 657 sententiae,

190 681 235 721 ut
266 680 451 732 apparet,
493 678 674 720 diuersae
713 678 807 719 sunt
838 678 934 719 haec
966 690 1123 728 omnes,
1164 690 1291 731 neque
1329 679 1415 719 fieri
1447 691 1517 732 per
1549 691 1682 720 rerum

190 751 380 789 naturam
421 748 573 800 potest,
620 748 667 788 ut
704 748 774 799 qui
814 747 1073 799 opinionibus
1118 747 1312 788 differunt
1343 747 1530 788 ueritatis
1563 746 1682 787 unius

189 817 417 858 habeantur
447 818 641 858 auctores.
691 816 855 857 sienim
878 817 1039 857 Pisonis
1070 817 1277 858 sententia
1308 829 1403 857 uera
1435 816 1507 865 est,
1539 814 1682 857 Aelius

190 887 231 926 et
270 884 440 926 Granius
480 884 758 934 mentiuntur,
806 884 841 925 si
881 885 987 937 quod
1026 884 1176 926 dicitur
1219 885 1268 926 ab
1307 885 1371 925 his
1409 886 1566 926 certum
1609 885 1681 929 est,

145 966 176 990 10
189 953 463 1006 peritissimus
502 954 611 994 errat
642 952 791 1003 Varro,
841 953 910 1006 qui
952 953 1072 994 rebus
1104 954 1144 994 in
1177 953 1410 995 substantia
1449 953 1682 994 constitutis

189 1022 447 1063 inanissimas
486 1021 627 1062 subdit
658 1022 698 1062 et
729 1033 791 1063 res
830 1034 975 1063 cassas.
1023 1022 1057 1062 si
1090 1022 1333 1063 nouenarius
1366 1034 1558 1063 numerus
1589 1033 1682 1075 cog-

188 1102 334 1132 nomen
367 1089 655 1131 Nouensilium
687 1089 821 1140 ducit,
863 1089 1099 1132 Cornificius
1132 1090 1267 1131 balare
1299 1090 1574 1139 conuincitur,
1613 1089 1682 1142 qui

187 1159 362 1201 nouitati
384 1158 711 1211 praesidentibus
736 1158 843 1199 diuis
865 1159 1019 1200 alienae
1041 1159 1248 1211 potentiae
1270 1159 1356 1200 uim
1380 1159 1513 1200 donat.
1539 1157 1680 1211 quodsi

187 1228 320 1280 opinio
352 1226 552 1269 Cornificii
584 1240 678 1268 uera
712 1230 785 1277 ost,
819 1227 1038 1278 inprudens
1062 1226 1226 1268 Cincius
1258 1227 1480 1277 inuenitur,
1514 1227 1581 1279 qui
1615 1239 1682 1267 ur-

143 1307 173 1332 1⁵
187 1297 301 1337 bium
340 1297 541 1338 uictarum
583 1297 675 1337 deos
716 1298 918 1349 potestate
958 1297 1097 1338 adficit
1127 1296 1417 1338 Nouensilium
1450 1296 1679 1337 numinum.

187 1365 331 1418 quodsi
362 1365 404 1405 hi
436 1366 533 1406 sunt
564 1378 661 1417 quos
703 1365 864 1406 Cincius
904 1364 1132 1419 praedicat,
1165 1365 1361 1406 Manilius
1400 1365 1532 1406 dicere
1570 1376 1681 1418 repe·

188 1435 317 1475 rietur
347 1433 517 1484 falsum,
552 1434 620 1486 qui
652 1433 773 1474 alieni
805 1433 991 1475 fulminis
1027 1434 1271 1475 iaculatores
1303 1434 1377 1474 sub
1411 1433 1530 1474 istius
1562 1444 1682 1473 uoca-

189 1502 311 1544 minis
343 1502 617 1555 appellatione
649 1502 866 1543 concludit.
913 1503 1057 1555 quodsi
1090 1503 1344 1555 exploratum
1376 1503 1416 1542 et
1446 1514 1589 1543 uerum
1621 1502 1683 1542 est

188 1571 230 1612 id
262 1570 367 1623 quod
398 1570 594 1611 Manilius
627 1572 828 1620 autumat,
863 1571 903 1611 in
935 1582 1066 1612 errore
1098 1572 1195 1612 sunt
1227 1571 1269 1611 hi
1291 1571 1470 1612 maximo
1502 1570 1572 1622 qui
1608 1569 1682 1609 ho-

141 1639 352 1681 20noribus
390 1639 541 1680 diuinis
580 1640 720 1680 auctos
761 1640 1094 1692 consecratosque
1134 1639 1326 1681 mortales
1358 1638 1601 1680 Nouensiles
1633 1639 1681 1679 ab

187 1708 370 1749 nouitate
410 1707 572 1749 honoris
617 1708 855 1749 existimant
895 1707 1135 1760 nuncupari.
1185 1708 1329 1760 quodsi
1360 1707 1602 1749 Nouensiles
1640 1706 1681 1747 hi

186 1778 280 1817 sunt
310 1776 379 1829 qui
410 1777 647 1817 meruerunt
677 1776 726 1817 ad
759 1777 893 1817 sidera
925 1775 1152 1826 subleuari,
1196 1778 1414 1828 postquam
1445 1778 1541 1816 sunt
1572 1775 1682 1817 uitae

186 1845 437 1886 mortalitate
469 1844 663 1893 defuncti,
698 1845 802 1885 nulli
825 1856 988 1898 prorsus
1011 1843 1255 1886 Nouensiles
1277 1845 1319 1885 di
1341 1845 1449 1885 sunt.
1496 1845 1543 1884 ut
1572 1843 1681 1884 enim

187 1915 293 1955 serui
339 1914 496 1955 milites
541 1914 733 1967 magistri
772 1925 851 1954 non
900 1914 994 1954 sunt
1040 1925 1305 1966 personarum
1342 1912 1347 1968 Ι
1383 1913 1681 1954 subiacentium
1698 1923 1720 1956 s.
1737 1922 1798 1954 '78³’

140 1983 349 2024 2⁵n0mina
380 1983 448 2023 sed
482 1982 722 2024 officiorum.
757 1982 1040 2023 condicionum
1072 1984 1112 2023 et
1143 1994 1371 2031 munerum,
1402 1982 1461 2022 ita
1482 1994 1575 2022 cum
1596 1980 1680 2021 No-

188 2051 361 2092 uensiles
393 2050 582 2101 dicimus,
616 2051 648 2091 si
681 2064 825 2092 nomen
858 2052 920 2092 est
951 2051 1061 2092 istud
1095 2063 1234 2092 eorum
1265 2051 1335 2104 qui
1367 2063 1414 2092 ex
1446 2050 1681 2091 hominibus

232 2267 249 2299 1
277 2266 385 2309 aliqui
404 2265 720 2300 I-la'hlebrandius:
747 2265 881 2308 aliquid
902 2265 936 2298 P
959 2265 1087 2308 aliquis
1106 2252 1295 2299 Ilm-alcius
1434 2265 1455 2298 2
1475 2263 1682 2298 braebitatis

187 2323 221 2366 (b
242 2323 279 2357 in
298 2335 319 2356 u
337 2328 431 2366 corr)
452 2324 486 2356 1³
581 2322 603 2356 4
619 2323 684 2356 hac
704 2322 796 2356 Sao:
822 2322 907 2355 hacc
926 2323 961 2356 P
1052 2323 1072 2356 6
1091 2324 1236 2366 apparet
1255 2322 1347 2356 Sal).-
1373 2324 1540 2365 apparent
1559 2322 1593 2355 P

185 2379 248 2413 hae
276 2379 348 2414 Sal)
463 2381 506 2413 10
530 2390 609 2413 nrro
636 2380 671 2413 P
694 2389 773 2413 corr
880 2378 1079 2413 substantia
1107 2379 1200 2413 Sub:
1226 2378 1362 2412 stantia
1388 2379 1422 2412 P
1538 2379 1578 2412 11
1605 2378 1680 2411 ina·

185 2437 329 2471 nissima
353 2438 537 2471 meursius
674 2436 827 2470 rationes
853 2439 887 2470 et
913 2446 1026 2470 cassas
1052 2436 1120 2469 (fi-s
1145 2446 1199 2469 res
1225 2438 1260 2469 ct
1285 2446 1399 2469 cassas
1433 2435 1527 2469 idem
1552 2435 1681 2469 Meur-

184 2494 260 2527 sius
399 2495 451 2528 12.
474 2495 516 2528 15
534 2493 780 2527 Nouensilium
800 2492 889 2526 Sal).-
918 2494 1123 2526 nouensium
1145 2493 1179 2526 P
1318 2493 1357 2526 17
1376 2491 1537 2525 fulminis
1557 2492 1592 2526 P

185 2551 379 2585 bocaminis
398 2552 433 2585 P
449 2562 528 2585 corr
666 2550 710 2583 ⁶2⁴)
733 2549 943 2583 Nouensiles
961 2549 1090 2583 addidi
1229 2549 1272 2582 ob
1293 2549 1364 2583 Sal)
1513 2549 1554 2582 21
1582 2549 1682 2582 noui-

185 2611 258 2641 tate
283 2608 401 2642 Sulm:
434 2609 629 2642 nouitatem
656 2607 690 2640 1¹
864 2607 908 2640 22
933 2606 1109 2640 sublebari
1136 2607 1170 2640 P
1330 2610 1530 2650 postaequam
1557 2606 1591 2639 P

185 2665 228 2699 23
252 2665 302 2698 dii
328 2677 345 2699 c
383 2703 397 2711 ἢ
483 2665 526 2699 26
553 2665 580 2697 si
608 2674 731 2697 nomen
757 2666 809 2697 cst
835 2664 929 2697 istud
956 2674 1070 2697 eorum
1097 2664 1248 2706 scripsi.-
1281 2664 1309 2696 si
1336 2674 1455 2697 omnes
1482 2662 1578 2697 istud
1602 2663 1681 2696 deo-

185 2733 260 2755 rum
281 2723 316 2755 P
340 2723 368 2756 si
395 2733 511 2757 omnes
536 2732 660 2755 nomen
688 2731 805 2754 eorum
826 2721 896 2755 Sal)
923 2732 992 2754 esst
1022 2731 1148 2754 nomen
1175 2731 1293 2754 corum
1324 2720 1389 2754 Gez
1413 2730 1531 2754 omncs
1558 2730 1680 2753 nouem

185 2789 303 2813 eorum
337 2779 404 2813 Urs
440 2780 468 2813 si
496 2789 618 2812 nomen
646 2780 699 2812 est
726 2778 819 2811 istud
846 2778 988 2811 deorum
1018 2778 1114 2811 ›S'alm
