2032 3248
353 257 437 299 272
761 254 959 290 Arnobii
991 254 1208 291 aduersus
1235 255 1446 288 nationes

353 383 445 413 mus
475 369 675 424 inspicere
705 369 925 412 formidine
955 370 1263 425 superstitionis
1301 370 1440 412 amota
1478 369 1519 411 et
1557 368 1858 424 gratificatione

353 440 550 494 deposita,
582 441 779 482 utrumne
809 439 853 481 hi
883 439 943 481 dii
973 440 1057 481 sint
1087 451 1188 493 quos
1219 438 1376 482 saeuire
1406 438 1657 481 adseueratis
1684 438 1857 480 offensos

352 509 549 562 reddique
587 508 801 551 sacrificiis
841 509 965 551 mites
1006 521 1058 551 an
1095 509 1180 550 sint
1209 509 1331 563 longe
1361 508 1476 550 aliud
1506 508 1549 550 et
1579 507 1630 550 ab
1661 507 1784 549 huius
1814 507 1858 548 ui

352 577 529 619 debeant
569 580 610 620 et
650 577 829 620 nominis
868 578 909 620 et
949 577 1162 631 potentiae
1202 577 1425 632 segregari.
1476 589 1557 619 non
1598 576 1708 618 enim
1747 577 1858 618 imus

351 646 526 698 infitias,
565 647 609 689 in
640 647 853 689 annalium
891 646 1056 700 scriptis
1094 646 1300 689 contineri
1329 646 1430 688 haec
1461 646 1599 687 omnia
1629 658 1732 699 quae
1763 647 1860 688 sunt
1890 665 1904 689 5

353 729 376 758 a
406 716 524 758 uobis
554 716 598 758 in
627 716 884 770 oppositione
913 715 1093 769 prolata:
1135 728 1232 757 nam
1263 715 1304 758 et
1333 714 1414 769 ipsi
1444 727 1517 768 pro
1546 714 1713 757 modulo
1743 714 1859 769 inge-

352 784 490 838 niique
528 797 600 838 pro
644 787 768 839 captu
809 785 851 826 et
886 784 1067 839 legimus
1106 785 1148 826 et
1186 796 1274 827 esse
1311 784 1493 839 positum
1532 784 1706 834 scimus,
1751 784 1859 826 ludis

352 853 558 907 quondam
595 854 697 908 ipsis
737 854 1006 905 circensibus,
1047 853 1118 907 qui
1148 853 1240 895 Ioui
1270 853 1450 895 maximo
1481 852 1644 903 fierent,
1676 854 1860 906 patrem-

352 921 533 965 familias
555 923 772 976 quendam,
805 923 1025 976 antequam
1046 923 1272 976 inciperent
1294 934 1359 965 res
1381 922 1463 977 agi,
1496 934 1662 964 seruum
1683 922 1859 976 pessime

353 991 549 1034 meritum
588 1005 660 1046 per
699 992 799 1034 circi
836 1004 974 1034 aream
1011 991 1190 1033 mediam
1222 991 1500 1033 transduxisse
1530 1003 1696 1033 caesum
1727 991 1858 1046 uirgis
1873 1006 1905 1031 ιο

218 1070 241 1103 f.
259 1062 363 1114 154121
401 1062 442 1103 et
474 1073 520 1102 ex
550 1072 661 1102 more
691 1061 890 1103 multasse
919 1062 1014 1115 post
1043 1059 1224 1115 patibuli
1254 1072 1397 1113 poena.
1445 1060 1555 1101 ludis
1586 1059 1681 1102 dein
1710 1059 1857 1102 termi-

349 1129 458 1172 natis
487 1129 801 1184 profligatisque
833 1129 1048 1171 curriculis
1079 1141 1157 1171 non
1187 1129 1314 1171 multi
1341 1130 1435 1183 post
1455 1128 1653 1183 temporis
1674 1128 1857 1182 spatium

350 1198 563 1241 ciuitatem
604 1199 806 1252 occepisse
845 1198 1085 1252 pestilentia
1122 1199 1297 1250 uastari,
1346 1210 1522 1251 cumque
1564 1198 1652 1239 dies
1692 1197 1859 1240 adderet

351 1268 510 1310 malum
539 1268 649 1310 malo
680 1268 864 1322 grauius,
898 1267 1143 1310 cateruatim
1166 1270 1207 1310 et
1228 1267 1404 1321 populus
1424 1266 1626 1318 interiret,
1659 1266 1858 1308 rusticulo

352 1336 514 1379 cuidam
545 1338 654 1379 sorte
684 1337 941 1380 humilitatis
972 1337 1145 1379 obscuro
1166 1336 1310 1379 Iouem
1331 1348 1402 1390 per
1421 1336 1673 1378 insomnium
1694 1335 1858 1387 dixisse,
1873 1347 1905 1373 1⁵

351 1404 414 1447 uti
445 1405 497 1447 ad
528 1407 713 1448 consules
744 1406 926 1458 uaderet,
958 1405 1190 1460 praesulem
1213 1405 1294 1447 sibi
1316 1405 1576 1459 displicuisse
1596 1405 1857 1459 monstraret,

351 1485 468 1528 posse
498 1474 649 1517 melius
679 1475 769 1516 fieri
800 1474 977 1526 ciuitati,
1010 1475 1046 1516 si
1075 1474 1189 1517 ludis
1220 1487 1294 1517 sua
1314 1474 1459 1528 religio
1480 1474 1719 1517 redderetur
1740 1474 1783 1516 et
1812 1486 1859 1516 ex

351 1544 514 1598 integro
557 1556 698 1586 rursus
745 1544 909 1586 curiosa
953 1543 1239 1586 obseruatione
1284 1543 1561 1597 procederent.
1611 1543 1720 1597 quod
1765 1555 1859 1585 cum

352 1612 425 1654 ille
455 1612 588 1654 facere
618 1612 788 1654 minime
819 1614 1014 1664 curasset,
1046 1613 1115 1654 uel
1146 1612 1255 1666 quod
1285 1624 1373 1655 esse
1404 1624 1558 1654 uanum
1579 1612 1858 1666 suspicaretur

351 1681 604 1722 insomnium
645 1681 886 1734 nullamque
926 1680 1167 1723 habiturum
1213 1680 1323 1735 apud
1371 1681 1583 1723 audituros
1628 1680 1752 1722 fidem
1792 1680 1859 1723 uel
1873 1692 1906 1718 20

353 1750 461 1803 quod
491 1750 698 1805 ingenitae
729 1749 985 1792 humilitatis
1015 1762 1174 1792 memor
1202 1750 1422 1805 potestatis
1451 1750 1597 1792 tantae
1627 1749 1788 1805 fugeret
1817 1751 1858 1792 et

353 1818 595 1861 formidaret
615 1831 836 1871 accessum,
869 1819 1098 1862 cunctatori
1118 1818 1330 1861 redditum
1350 1818 1565 1861 inimicum
1586 1818 1728 1861 Iouem
1749 1818 1856 1860 filio-

351 1901 445 1930 rum
475 1888 613 1930 obitus
641 1888 896 1943 inrogauisse
926 1901 998 1942 pro
1028 1900 1172 1943 poena.
1204 1900 1298 1930 mox
1330 1900 1425 1930 cum
1455 1889 1497 1930 et
1535 1888 1615 1941 ipsi
1645 1888 1857 1942 proprium

352 1957 584 1999 minaretur
619 1956 858 2011 interitum,
898 1957 942 1998 ni
980 1957 1182 2010 praesulis
1211 1959 1400 2012 pergeret
1432 1956 1604 1998 nuntius
1635 1955 1856 2010 inprobati,

353 2026 529 2068 obeundi
575 2025 794 2068 formidine
842 2025 1105 2078 territatum,
1157 2038 1253 2068 cum
1297 2025 1383 2067 iam
1429 2025 1470 2067 et
1514 2025 1601 2079 ipse
1645 2025 1905 2067 contactus2⁵

352 2094 618 2149 pestilentiae
648 2094 844 2149 flagraret
874 2094 1075 2146 incendio,
1107 2093 1156 2136 de
1187 2093 1395 2136 sententia
1424 2094 1746 2148 propinquorum
1766 2105 1859 2147 per-

352 2164 487 2205 latum
518 2163 570 2204 ad
602 2162 761 2205 curiam
791 2163 958 2217 patrum
990 2161 1253 2216 insomnique
1283 2161 1467 2217 exposita
1493 2162 1650 2204 uisione
1670 2162 1860 2204 flammas

354 2232 583 2273 euolauisse
622 2231 822 2285 contagii:
868 2231 1061 2273 ludorum
1100 2230 1250 2273 deinde
1285 2230 1586 2273 instauratione
1624 2231 1788 2273 decreta
1818 2232 1860 2273 et

353 2299 602 2353 spectaculis
642 2299 876 2341 adhibitam
918 2312 1091 2354 grauem
1132 2311 1275 2342 curam
1305 2301 1347 2341 et
1377 2299 1555 2353 priorem
1585 2299 1735 2353 populo
1765 2301 1859 2343 red-

355 2369 487 2410 ditam
518 2368 754 2411 sanitatem.
1874 2380 1907 2406 30

490 2469 581 2504 2-4
606 2485 649 2500 =
672 2470 752 2512 277,
778 2470 914 2505 11-14
1048 2469 1139 2504 4-7
1165 2485 1209 2500 =
1234 2469 1312 2513 277,
1336 2470 1459 2505 8-11.

400 2549 422 2582 2
446 2548 499 2582 hii
524 2550 560 2583 P
703 2550 816 2584 seuire
841 2551 878 2585 P
1020 2551 1042 2585 3
1065 2551 1160 2586 ludis
1190 2552 1227 2585 et
1251 2551 1434 2587 sacrificiis
1466 2550 1535 2586 Urs
1673 2550 1799 2585 mitaes
1825 2550 1861 2584 P

356 2616 437 2640 corr
551 2607 573 2641 4
590 2607 722 2642 debant
746 2608 782 2642 P
797 2618 879 2643 corr
993 2608 1088 2643 imus
1102 2608 1242 2643 infitias
1260 2609 1298 2643 P
1412 2608 1431 2642 7
1448 2608 1604 2652 legimus
1631 2607 1715 2643 haec
1739 2606 1859 2642 eadem

356 2665 392 2697 et
422 2663 492 2698 Urs
663 2668 787 2700 mmet*
806 2675 882 2700 esse
899 2665 933 2699 P
1099 2666 1217 2710 posita
1249 2666 1317 2701 Urs
1483 2666 1526 2700 11
1552 2665 1725 2699 mulcasse
1748 2676 1769 2699 o·

356 2731 503 2764 poenam
528 2720 599 2755 Sao
762 2722 844 2757 dein
867 2723 1069 2758 terminatis
1094 2722 1388 2758 Klussmamms:
1412 2722 1536 2758 deinde
1561 2721 1804 2757 interminatis
1826 2722 1863 2757 P

357 2776 482 2812 deinde
498 2776 570 2811 iam
587 2778 790 2814 terminatis
808 2780 882 2815 Sab
1011 2780 1055 2815 13
1072 2781 1297 2825 *pestilentia
1315 2780 1351 2815 P
1474 2780 1515 2814 16
1532 2779 1677 2814 uaderet
1694 2779 1857 2825 mpsim,

364 2834 454 2868 Urs.-
479 2833 640 2869 suaderet
657 2835 693 2870 P
839 2838 882 2872 17
900 2837 1042 2872 ciuitati
1059 2837 1152 2873 Sab:
1176 2838 1336 2873 ciuitatis
1354 2838 1390 2872 P
1515 2837 1560 2872 23
1585 2839 1620 2871 et
1645 2838 1755 2881 (eras)
1782 2847 1860 2873 cum

356 2892 396 2924 et
419 2890 454 2924 P
597 2891 643 2925 24
667 2893 844 2935 praesules
869 2894 905 2928 P
928 2904 1010 2929 corr
1033 2897 1063 2929 ε’
1200 2895 1245 2930 25
1269 2895 1433 2929 territum
1458 2895 1495 2929 P
1517 2904 1599 2930 corr
1737 2895 1781 2930 27
1805 2896 1860 2930 in—

357 2947 554 2992 somniique
579 2947 653 2983 Sab
