2032 3248
409 257 465 297 52
1037 253 1280 298 Appendix.

410 359 538 398 oculos
567 362 605 399 et
633 360 826 407 aspectum
857 358 1026 396 diuinum
1054 358 1149 397 illud
1180 359 1275 397 mihi
1304 361 1342 398 et
1368 360 1518 408 insigne
1548 362 1757 400 concurrit:
1790 361 1919 400 uideor

410 428 564 476 inquam
593 427 686 465 mihi
714 427 790 465 iam
825 438 977 466 cernere
997 429 1039 465 ut
1059 427 1125 465 ille
1160 439 1271 466 uerus
1306 428 1445 466 nobilis
1480 440 1657 468 numerus
1688 429 1830 468 Christi
1860 430 1919 468 sui

411 497 570 545 gloriam
599 496 744 544 iterque
773 496 984 534 comitetur.
1015 496 1087 534 ibit
1116 498 1204 535 ante
1237 508 1301 536 ora
1331 497 1410 535 eius
1445 497 1537 535 felix
1559 500 1711 536 caterua
1731 498 1917 537 uictorum

410 568 448 604 et
469 577 508 604 se
531 565 778 604 densantibus
798 566 934 604 turmis
956 565 1061 604 uelut
1082 566 1174 605 solis
1196 568 1328 605 exortu
1349 568 1470 605 totum
1492 566 1759 605 inluminatum
1781 578 1916 615 agmen

409 634 548 673 inferet
575 636 816 682 potestatem.
849 637 887 672 et
915 634 1059 673 utinam
1086 635 1302 683 perabiecto
1324 635 1526 683 aliquando
1548 634 1651 673 istud
1672 635 1766 673 mihi
1787 636 1916 674 uidere
1931 645 1945 669 5

410 700 629 751 contingat:
661 703 728 742 sed
764 705 835 742 hoc
863 703 1046 742 Dominus
1076 704 1217 753 poterit
1254 703 1403 742 efficere
1434 704 1533 751 quod
1563 704 1671 743 uobis
1699 705 1918 753 petentibus

410 772 576 812 creditur
596 783 670 810 11011
690 783 842 820 negare.

1035 900 1288 907 ——-——

742 1117 869 1181 IIII.
922 1117 1021 1180 AD
1073 1116 1587 1182 NOVATIANVM.

371 1357 393 1393 1
468 1336 667 1399 Cogitanti
695 1351 789 1389 mihi
818 1352 855 1389 et
890 1351 1184 1390 intolerabiliter
1212 1351 1334 1389 animo
1370 1351 1560 1390 aestuanti
1591 1352 1770 1400 quidnam
1806 1350 1919 1400 age‘re

410 1421 582 1460 deberem
611 1420 656 1459 de
692 1420 916 1458 miserandis
945 1419 1128 1458 fratribus
1157 1419 1222 1468 qui
1243 1420 1434 1459 uulnerati
1453 1432 1529 1459 non
1549 1421 1700 1469 propria
1722 1420 1917 1459 uoluntate
1933 1434 1965 1459 10

410 1490 475 1529 sed
496 1489 638 1528 diaboli
661 1489 867 1528 saeuientis
883 1489 1096 1537 inruptione
1113 1489 1236 1527 adhuc
1253 1501 1370 1538 usque
1390 1490 1462 1528 hoo
1482 1491 1540 1528 est
1560 1501 1627 1538 per
1646 1490 1799 1538 longam
1820 1491 1917 1528 tem-

409 1570 540 1607 porum
574 1558 709 1597 seriem
745 1559 902 1607 agentes
933 1570 1074 1606 poenas
1109 1559 1255 1605 darent,
1293 1569 1377 1596 ecce
1413 1570 1457 1597 ex
1494 1559 1651 1597 aduerso
1685 1559 1839 1597 obortus
1860 1559 1918 1596 est

409 1627 506 1667 alius
527 1628 649 1667 hostis
671 1630 708 1666 et
724 1627 844 1675 ipsius
865 1628 1044 1675 paternae
1063 1627 1217 1675 pietatis
1239 1627 1480 1666 aduersarius
1498 1627 1710 1666 haereticus
1731 1626 1916 1665 Nouatia-

408 1710 499 1737 nus:
532 1696 691 1746 quinon
718 1698 887 1743 tantum,
917 1698 960 1734 ut
987 1696 1026 1733 in
1048 1696 1243 1744 euangelio
1277 1695 1532 1744 significatum
1563 1698 1648 1744 est,
1672 1695 1770 1734 sicut
1791 1707 1917 1735 sacer—

409 1767 476 1805 dos
512 1765 574 1804 uel
608 1766 762 1804 Leuites
797 1765 982 1803 iacentem
1018 1764 1258 1803 uulneratum
1286 1765 1524 1813 praeteriret,
1562 1765 1628 1803 sed
1656 1765 1851 1813 ingeniosa
1872 1776 1915 1804 ac
1930 1779 1961 1804 15

407 1848 506 1875 noua
539 1835 767 1874 crudelitate
798 1834 1007 1873 sauciatum
1043 1834 1169 1881 potius
1205 1834 1391 1873 occideret
1419 1834 1616 1873 adimendo
1638 1845 1743 1882 spem
1763 1833 1914 1881 salutis,

409 1905 627 1953 denegando
667 1903 964 1943 misericordiam
1003 1903 1123 1951 patris
1141 1934 1150 1951 ,
1200 1903 1411 1952 respuendo
1458 1902 1731 1951 paenitentiam
1771 1903 1914 1942 fratris.

407 1974 543 2012 mirum
581 1975 672 2021 quot
708 1973 855 2020 acerba,
891 1974 982 2021 quot
1017 1984 1165 2021 aspera,
1203 1974 1296 2021 quot
1330 1983 1511 2020 peruersa
1545 1973 1645 2010 sunt.
1678 1973 1744 2010 sed
1765 1972 1915 2010 facilius

408 2042 492 2091 quis
528 2042 567 2080 in
603 2042 727 2081 alieno
763 2042 868 2081 oculo
905 2042 1089 2082 festucam
1125 2041 1331 2091 prospiciet
1361 2053 1472 2091 quam
1500 2041 1540 2079 in
1570 2052 1636 2080 suo
1657 2040 1814 2079 trabem.
1846 2051 1916 2079 nos

501 2190 520 2223 1
546 2190 690 2233 aspectu
716 2188 831 2223 diuini
856 2188 946 2233 (diui
976 2189 1021 2233 T)
1046 2189 1130 2224 MT
1308 2188 1400 2223 illud
1425 2188 1587 2223 diuinum
1612 2187 1647 2222 L
1827 2186 1914 2220 insi-

408 2257 513 2291 gnem
538 2247 622 2282 MT
803 2248 826 2281 2
850 2247 887 2281 in
913 2256 982 2290 qua
1010 2247 1044 2282 T
1222 2257 1325 2281 uerus
1350 2257 1417 2281 om.
1444 2246 1492 2291 N,
1517 2246 1612 2280 uiros
1642 2246 1681 2286 T,
1707 2254 1789 2279 uere
1814 2243 1871 2278 Lv

407 2304 430 2339 4
455 2304 698 2349 densantibus]
725 2304 768 2339 de
793 2305 926 2339 sanctis
953 2305 990 2347 S,
1015 2305 1057 2339 de
1081 2304 1267 2340 sanatibus
1294 2305 1380 2339 MT
1571 2303 1720 2338 exhortu
1745 2302 1794 2344 N,
1821 2311 1914 2335 exor-

407 2363 486 2395 tum
512 2360 556 2396 S¹
695 2363 814 2397 totum
840 2373 907 2397 om.
935 2361 966 2397 S
1099 2362 1121 2397 5
1146 2361 1306 2396 inferant
1334 2363 1367 2398 Τ
1503 2361 1721 2406 potestatum
1739 2359 1789 2401 N,
1814 2360 1913 2403 pote-

409 2419 496 2453 stati
523 2419 553 2454 S
733 2419 923 2464 aliquando
949 2430 1014 2454 om.
1041 2419 1218 2455 LMNTv
1407 2419 1498 2454 mihi
1522 2417 1620 2452 istud
1644 2416 1798 2458 LMNv,
1823 2415 1914 2449 mihi

409 2475 531 2510 studui
560 2477 593 2511 T
774 2478 794 2512 6
819 2478 1031 2523 contingant
1058 2478 1092 2513 T
1273 2477 1494 2522 petentibus]
1519 2474 1786 2522 poenitentibus
1815 2474 1849 2508 T
1871 2493 1913 2498 —

406 2533 459 2568 De
498 2533 644 2578 (Caecili
676 2534 847 2580 Cypriani
877 2534 919 2569 de
945 2534 987 2580 S)
1024 2534 1129 2569 laude
1166 2534 1331 2580 martyrii
1367 2534 1511 2579 explicit
1547 2532 1716 2578 (feliciter
1753 2530 1837 2566 add.
1871 2529 1914 2575 S)

408 2590 602 2626 LMNST.
630 2611 674 2616 —

498 2649 634 2694 Incipit
658 2649 703 2684 ad
726 2649 972 2685 Nouatianum
997 2650 1039 2685 K
1057 2649 1122 2693 fol.
1147 2652 1201 2693 76,
1227 2650 1283 2685 Ad
1307 2649 1553 2685 Nouatianum
1578 2647 1794 2682 haereticum
1820 2644 1913 2690 quod

408 2707 518 2752 lapsis
543 2718 621 2752 spes
652 2708 776 2742 ueniae
810 2719 881 2743 non
906 2710 961 2743 est
984 2707 1188 2754 deneganda
1224 2708 1407 2743 Erasmus
1429 2707 1494 2752 qui
1509 2718 1541 2741 a.
1559 2707 1652 2740 1519
1674 2704 1815 2749 primus
1841 2701 1914 2737 edi-

408 2765 463 2800 dit
487 2765 656 2800 libellum.
683 2784 726 2790 -
752 2765 795 2798 12
821 2765 968 2800 oborsus
994 2765 1037 2800 K
1160 2765 1204 2800 13
1228 2766 1276 2810 et]
1302 2765 1340 2800 in
1365 2764 1408 2799 K
1539 2764 1583 2797 15
1609 2763 1787 2796 tacentem
1812 2759 1868 2794 Κι

407 2822 591 2867 ingeniose
615 2821 658 2857 K
748 2822 791 2856 18
818 2822 919 2868 quot]
945 2822 1031 2868 quid
1056 2823 1099 2857 K
1119 2826 1175 2858 ter
1269 2832 1393 2857 acerua
1418 2821 1461 2856 K
1556 2820 1599 2854 19
1625 2818 1719 2864 quis]
1745 2817 1806 2862 qui
1830 2816 1872 2850 K

407 2879 577 2924 perspicit
598 2889 620 2914 v
