2032 3248
374 227 456 269 160
776 223 968 258 Arnobii
1003 223 1215 257 aduersus
1247 223 1456 258 nationes

370 340 525 394 pituita
555 341 677 393 atque
707 339 840 381 omnis
870 339 946 380 illa
975 338 1182 393 proluuies
1212 337 1501 379 intestinorum
1532 337 1605 379 sub
1637 337 1863 380 inuolucris

370 409 609 459 constituta,
642 421 765 461 quam
796 420 875 450 non
904 408 1025 449 modo
1055 407 1239 461 Lynceus
1270 406 1344 448 ille
1363 406 1608 460 penetrabili
1628 407 1714 449 acie
1733 406 1864 461 possit

369 479 612 528 horrescere,
644 490 789 519 uerum
819 476 946 518 etiam
970 476 1107 530 quiuis
1128 475 1235 518 alter
1255 477 1342 518 sola
1362 477 1429 518 uel
1451 476 1697 531 cogitatione
1717 476 1862 518 uitare.

369 559 392 589 0
423 546 589 602 egregia
619 558 771 587 merces
802 546 958 600 culpae,
998 556 1020 585 0
1051 544 1176 599 digna
1206 544 1247 586 et
1276 545 1454 598 pretiosa
1484 544 1668 595 dulcedo,
1699 545 1865 598 propter

370 628 494 669 quam
524 614 711 669 Iuppiter
740 614 945 656 maximus
975 611 1154 670 [cycnus]
1177 612 1292 655 fieret
1313 616 1354 655 et
1375 614 1518 655 taurus
1540 614 1581 672 et
1601 613 1865 655 candidorum
1896 628 1912 653 5

368 684 602 739 procreator
624 695 808 725 ouorum.
841 683 876 725 si
907 681 1062 735 aperire
1092 682 1230 723 oculos
1260 681 1414 723 mentis
1443 683 1483 723 et
1519 682 1737 724 ueritatem
1772 695 1864 736 pro-

302 752 355 794 24
369 753 504 808 priam
524 753 676 795 intueri
697 752 785 794 sine
806 751 892 794 ulla
922 751 1052 793 uultis
1083 750 1381 805 gratificatione
1400 750 1576 804 priuata,
1606 750 1866 793 miseriarum

369 822 554 865 omnium
584 833 737 871 causas,
770 820 917 874 quibus
948 832 1078 874 genus
1107 821 1155 862 ut
1193 819 1330 862 dicitis
1360 819 1601 862 iamdudum
1632 819 1866 862 adflictatur

367 891 614 941 humanum,
655 903 702 932 ex
731 888 967 931 huiusmodi
1005 889 1220 943 reperietis
1259 888 1561 943 opinationibus
1598 888 1724 931 fluere
1764 901 1864 942 quas

367 959 531 1002 habetis
562 958 793 1012 antiquitus
825 958 874 1000 de
905 958 985 999 diis
1016 958 1165 1000 uestris
1196 958 1237 999 et
1267 970 1366 1011 quas
1396 957 1439 999 in
1468 958 1617 1000 melius
1645 957 1913 1000 reformarem

367 1029 463 1070 ante
494 1028 631 1071 oculos
670 1027 804 1082 posita
842 1027 1019 1069 ueritate
1056 1026 1262 1069 renuistis.
1308 1040 1404 1068 nam
1441 1039 1513 1069 nos
1545 1027 1710 1080 quidem
1742 1027 1863 1081 quid-

366 1110 464 1139 nam
502 1096 550 1138 de
589 1097 674 1138 illis
717 1095 939 1150 aliquando
976 1096 1048 1137 aut
1084 1096 1375 1138 inconueniens
1421 1096 1623 1138 sensimus
1662 1096 1734 1137 aut
1770 1108 1865 1138 con-

367 1165 658 1220 scriptionibus
675 1165 879 1207 edidimus
894 1165 1108 1216 indecoris,
1127 1165 1173 1206 ut
1189 1164 1233 1206 in
1249 1164 1454 1206 inuidiam
1470 1165 1673 1207 iaciantur
1686 1167 1866 1207 nostram

366 1235 525 1277 labores
555 1234 716 1290 generis
747 1234 917 1275 humani
947 1234 988 1275 et
1018 1234 1330 1276 commoditates
1361 1234 1509 1287 quibus
1539 1234 1696 1276 uiuitur
1726 1234 1867 1276 immi-

366 1304 522 1346 nutae?
565 1303 767 1357 numquid
798 1315 823 1344 a
853 1303 970 1345 nobis
1001 1303 1166 1354 dicitur,
1199 1303 1247 1344 ut
1278 1303 1466 1354 ciconias,
1497 1303 1545 1344 ut
1574 1303 1787 1357 palumbes
1819 1316 1865 1345 ex
1881 1318 1913 1343 15

367 1372 458 1415 ouis
489 1385 576 1414 0330
606 1372 843 1426 progenitos
874 1372 1073 1426 quosdam
1104 1371 1227 1414 deos?
1272 1372 1472 1426 numquid
1494 1385 1540 1414 ex
1560 1372 1696 1427 pelagi
1717 1385 1863 1426 spuma

367 1443 409 1484 et
439 1454 486 1484 ex
507 1441 621 1484 Caeli
650 1441 903 1496 genitalibus
931 1441 1159 1494 amputatis
1182 1440 1421 1495 Cythereiae
1443 1441 1612 1483 Veneris
1633 1442 1866 1484 concretum

368 1511 566 1554 coaluisse
610 1509 857 1552 candorem?
903 1510 1104 1563 numquid
1147 1509 1356 1563 parricidii
1396 1522 1518 1552 causa
1554 1510 1740 1552 uinctum
1781 1523 1866 1553 esse

370 1579 594 1622 Saturnum
633 1579 674 1620 et
705 1578 819 1620 ablui
854 1578 858 1633 Ι
894 1577 1037 1620 (11011113
1076 1579 1209 1630 statis,
1249 1579 1508 1621 uinculorum
1538 1579 1784 1633 ponderibus
1824 1581 1864 1622 et

255 1648 355 1685 fieob
368 1648 530 1691 leuari?
551 1647 752 1700 numquid
773 1646 968 1689 beneficio
986 1645 1183 1689 Curetum
1205 1647 1255 1689 ab
1277 1647 1449 1690 interitu
1470 1650 1679 1690 seruatum
1695 1649 1864 1691 Iouem?
1880 1663 1914 1688 20

366 1716 569 1770 numquid
599 1716 800 1770 expulisse
830 1728 955 1771 regno
986 1718 1146 1769 patrem
1177 1717 1219 1758 et
1249 1716 1373 1759 alieni
1395 1717 1498 1759 iuris
1529 1717 1749 1771 imperium
1779 1717 1865 1760 uio-

366 1786 494 1828 lentia
539 1785 581 1827 et
625 1784 767 1827 fraude
811 1784 1022 1826 tenuisse?
1071 1784 1271 1838 numquid
1309 1785 1477 1839 pulsum
1515 1799 1538 1828 a
1574 1787 1690 1829 nobis
1728 1799 1865 1828 senem

366 1855 569 1896 Italorum
610 1854 821 1896 delituisse
860 1853 904 1895 in
934 1853 1111 1905 finibus,
1163 1854 1204 1895 et
1244 1855 1352 1908 quod
1392 1855 1507 1897 tutus
1537 1855 1684 1897 fuisset
1714 1869 1738 1898 a
1766 1855 1864 1907 filio,

366 1936 514 1966 nomen
543 1923 662 1965 Latio
697 1923 925 1977 inposuisse
961 1935 1032 1977 pro
1071 1926 1263 1966 munere?
1312 1924 1511 1977 numquid
1552 1924 1729 1967 incestas
1760 1937 1866 1978 nup-

366 1993 448 2035 tias
489 2004 583 2033 cum
624 2004 758 2034 sorore
798 1991 938 2033 Iouem
978 1992 1115 2045 ipsum
1155 1992 1331 2035 dicimus
1371 1993 1513 2035 fecisse
1554 2005 1648 2045 1103,
1695 1994 1767 2035 aut
1801 1993 1866 2035 in·
1882 2004 1914 2033 25

366 2061 548 2103 uitatum
593 2061 645 2103 ad
688 2060 753 2103 ius
797 2073 962 2103 mensae
1006 2073 1079 2115 pro
1124 2061 1260 2103 suillis
1305 2061 1531 2105 uisceribus
1577 2062 1733 2115 prolem
1776 2076 1868 2105 nes-

502 2174 547 2208 26
574 2173 737 2209 Clemens
761 2174 857 2209 Alex.
885 2176 997 2219 protr.
1022 2175 1055 2218 2,
1079 2174 1124 2209 36

413 2278 433 2311 1
458 2277 637 2322 prolubies
663 2277 698 2312 P
836 2277 858 2312 2
882 2277 1042 2322 Lynceus
1067 2277 1153 2319 Sab,
1178 2288 1217 2312 r.-
1249 2278 1367 2322 lyceus
1392 2279 1428 2313 P
1562 2278 1585 2312 4
1609 2278 1748 2323 egregia
1774 2279 1865 2313 Sab:

366 2334 483 2379 grecia
507 2335 543 2369 P
717 2334 892 2379 praetiosa
915 2335 950 2367 P
1124 2336 1146 2370 5
1169 2346 1298 2380 cycnus
1329 2335 1458 2370 seclusi
1633 2337 1807 2370 maximus
1833 2337 1869 2371 et

365 2394 491 2426 taurus
522 2391 621 2425 fieret
654 2392 690 2425 et
721 2402 872 2436 cycuuS,
916 2391 1142 2426 candidorum
1176 2393 1376 2436 procreator
1408 2402 1555 2426 ouorum
1587 2393 1778 2427 Meursius

366 2449 388 2483 8
424 2448 618 2483 afflictatur
655 2448 749 2483 Sab:
787 2448 944 2483 flictatur
981 2449 1017 2483 P
1051 2448 1249 2483 inflictatur
1286 2448 1305 2483 ,9
1490 2449 1534 2483 10
1570 2449 1709 2483 habetis
1746 2449 1866 2483 Salm:

366 2504 528 2540 habeatis
553 2506 590 2540 P
623 2505 812 2539 habebatis
840 2506 913 2540 Sab
1098 2506 1141 2540 13
1166 2505 1343 2540 iaciantur
1368 2506 1461 2549 Sab,
1493 2517 1533 2540 r.-
1570 2506 1719 2540 iaciatur
1743 2506 1779 2540 P

367 2562 410 2597 16
435 2563 510 2597 01113
534 2563 724 2598 Meua-sius
748 2567 934 2607 tamquam
958 2574 976 2597 e
1000 2563 1141 2599 codice.-
1177 2564 1270 2598 iouis
1296 2565 1332 2598 P
1360 2564 1444 2598 Ioue
1470 2564 1543 2598 Sab
1702 2563 1866 2608 numquit

367 2621 403 2656 P
427 2631 507 2656 corr
529 2632 550 2656 r
688 2622 731 2656 18
755 2623 924 2666 numquit
948 2623 984 2657 P
1007 2633 1109 2657 corr.-
1138 2623 1190 2658 sic
1213 2624 1318 2666 infra
1341 2634 1480 2668 semper
1618 2623 1660 2657 19
1685 2623 1795 2667 3111111]
1822 2622 1865 2656 ab

366 2678 421 2712 his
448 2679 520 2713 Sab
659 2679 766 2713 statis
791 2680 910 2714 Salm:
935 2680 1047 2714 tantis
1074 2680 1110 2714 P
1247 2682 1282 2714 et
1307 2680 1419 2715 leuari
1438 2680 1557 2715 Salm:
1582 2680 1710 2714 eleuari
1728 2680 1763 2713 P
1782 2680 1864 2713 rele-

367 2735 444 2770 uari
468 2735 538 2770 Urs
675 2736 719 2771 21
745 2736 933 2780 expullisse
951 2737 987 2771 P
1123 2737 1168 2771 22
1192 2748 1213 2771 a
1237 2736 1350 2782 nobis]
1378 2748 1397 2771 a
1413 2737 1496 2772 Ioue
1519 2736 1584 2771 Get
1722 2736 1862 2771 231131-

366 2793 483 2827 lorum
507 2794 541 2826 P
563 2803 646 2828 corr
785 2793 917 2827 dicitur
942 2794 1124 2829 delituisse
1150 2794 1169 2829 2
1306 2795 1351 2829 24
1375 2794 1563 2838 inposuisse
1580 2794 1616 2828 P
1750 2794 1866 2829 261113

369 2848 487 2883 Salm:
517 2849 590 2884 eius
615 2850 652 2885 P
789 2861 945 2885 mensam
972 2852 1043 2886 Sab
