2032 3248
826 212 955 246 Liber
980 211 1007 244 Ι.
1604 213 1656 253 33

171 330 383 383 praestare.
426 329 466 369 et
496 328 686 381 quoniam
718 327 911 368 beneficia.
940 326 1086 367 salutis
1108 327 1225 367 datae
1247 326 1419 367 aliorum
1442 326 1720 371 11111111111111149

171 398 413 451 comparatis
443 398 483 437 et
503 396 671 446 Christi,
704 397 801 448 quot
832 395 948 436 milia
979 395 1106 436 uultis
1138 408 1161 436 a
1190 394 1302 435 nobis
1325 395 1520 436 debilium
1541 396 1655 436 uobis

170 466 339 515 ostendi,
371 467 467 518 quot
498 465 674 506 tabificis
705 463 885 505 adfectos
916 463 1068 505 morbis
1090 463 1245 504 nullam
1269 464 1654 506 011111111016111111336

169 535 428 583 medicinam,
461 547 553 574 cum
576 546 646 586 per
668 532 804 573 omnia
826 532 1028 584 supplices
1051 531 1159 572 irent
1180 532 1344 584 templa,
1377 546 1467 573 cum
1490 535 1653 574 deorum

143 606 262 643 sante
293 615 361 643 ora
392 602 585 655 prostrati
617 601 760 642 limina
791 602 880 654 ipsa
912 602 1192 642 conuerrerent
1223 601 1388 651 osculis,
1429 614 1521 642 cum
1552 602 1654 643 Aes-

169 672 376 724 culapium
408 671 542 722 ipsum
589 670 770 711 datorem
802 672 848 710 ut
879 670 1112 722 praedicant
1151 670 1361 718 sanitatis,
1407 671 1535 722 quoad
1569 670 1653 712 illis

169 740 371 793 superfuit
402 740 509 788 uita,
549 741 590 779 et
620 738 806 791 precibus
838 738 1058 791 fatigarent
1089 739 1129 778 et
1159 738 1384 779 inuitarent
1414 739 1653 782 miserrimis

168 809 304 849 uotis?
346 820 477 849 nonne
508 807 609 848 alios
641 808 792 848 scimus
823 807 943 847 malis
976 807 1059 848 suis
1092 808 1372 858 commortuos,
1407 808 1652 849 cruciatibus

167 878 269 918 alios
308 876 559 917 consenuisse
598 876 850 928 morborum,
892 875 1156 929 perniciosius
1197 876 1296 916 alios
1336 888 1422 916 sese
1465 876 1469 930 Ι
1506 876 1650 918 babere
1666 883 1685 915 f.
1704 884 1742 915 19

122 964 152 986 ιο
167 945 361 998 coepisse,
410 945 623 997 postquam
670 944 755 985 dies
801 945 1016 997 noctesque
1062 944 1102 985 in
1142 945 1344 985 continuis
1389 945 1575 997 precibus
1613 950 1653 987 et

167 1013 334 1066 pietatis
380 1013 653 1066 expectatione
699 1013 935 1054 triuerunt‘?
981 1013 1077 1065 quid
1118 1025 1209 1067 ergo
1250 1012 1414 1066 prodest
1443 1014 1651 1055 ostendere

166 1095 291 1122 unum
323 1083 394 1122 aut
425 1082 600 1122 alterum
632 1081 800 1121 sortasse
822 1083 992 1130 curatos,
1025 1094 1114 1122 cum
1144 1082 1206 1122 tot
1227 1081 1396 1122 milibus
1418 1082 1653 1124 subuenerit

165 1162 280 1191 nemo
327 1151 366 1191 et
403 1151 521 1202 plena
561 1150 643 1190 sint
681 1149 816 1190 omnia
847 1150 1087 1190 miserorum
1120 1149 1426 1202 infeliciumque
1458 1151 1652 1193 delubra?

166 1219 244 1259 nisi
276 1218 378 1260 forte
410 1219 567 1269 dicetis,
600 1232 715 1272 opem
748 1219 863 1259 bonis
894 1219 942 1260 ab
977 1219 1054 1268 diis
1086 1218 1203 1269 ferri,
1236 1219 1436 1259 malorum
1467 1219 1652 1261 miserias

120 1288 328 1341 mdespici.
383 1288 523 1340 atquin
563 1287 749 1329 Christus
795 1288 1020 1340 aequaliter
1059 1288 1174 1328 bonis
1216 1287 1415 1339 malisque
1459 1289 1650 1329 subuenit

164 1369 236 1397 nec
267 1357 450 1408 repulsus
482 1358 530 1397 ab
568 1356 641 1397 1106
682 1357 894 1409 quisquam
934 1357 995 1396 est
1040 1357 1107 1408 qui
1147 1356 1265 1396 rebus
1304 1355 1498 1396 auxilium
1539 1357 1650 1398 duris

164 1427 302 1467 contra
335 1426 532 1477 impetum
563 1425 798 1477 postulabat
830 1425 1077 1477 iniuriasque
1109 1424 1307 1465 fortunae.
1349 1424 1423 1465 hoc
1454 1425 1513 1465 est
1544 1425 1647 1466 enim

164 1494 369 1548 proprium
415 1494 477 1534 dei
524 1494 611 1534 ueri
656 1494 941 1546 potentiaeque
989 1493 1158 1546 regalis,
1206 1492 1501 1546 benignitatem
1533 1505 1646 1535 suam

162 1575 308 1616 negare
348 1562 450 1603 nulli
497 1574 568 1603 nec
607 1563 815 1615 reputare,
862 1561 952 1614 quis
984 1563 1185 1603 mereatur
1224 1562 1294 1603 aut
1325 1561 1512 1611 minime,
1557 1575 1647 1603 cum

119 1631 362 1672 20naturalis
394 1630 612 1671 infirmitas
645 1631 896 1683 peccatorem
918 1630 1126 1671 hominem
1158 1629 1291 1680 faciat,
1324 1641 1399 1671 11011
1424 1631 1647 1672 uoluntatis

164 1712 231 1740 sen
264 1699 524 1740 iudicationis
556 1700 711 1740 electio.
746 1700 876 1741 dicere
908 1711 1023 1751 porro
1046 1699 1202 1740 meritis
1231 1711 1346 1752 opem
1368 1698 1647 1740 laborantibus

162 1769 212 1809 ab
253 1769 329 1808 diis
376 1768 490 1821 ferri,
537 1769 610 1809 1106
649 1770 710 1809 631
753 1768 794 1808 111
836 1769 970 1809 1116(110
1015 1780 1159 1820 ponere
1198 1768 1238 1808 et
1277 1768 1502 1810 dubitabile
1543 1769 1646 1820 quod

163 1837 323 1877 adseras
357 1837 500 1885 facere,
535 1838 580 1876 ut
611 1837 651 1877 et
681 1836 753 1877 ille
794 1837 861 1889 qui
894 1849 1014 1878 sanus
1046 1838 1106 1878 est
1145 1836 1277 1878 factus
1315 1836 1482 1877 fortuito
1520 1837 1646 1888 possit

162 1903 290 1944 uideri
330 1916 413 1945 esse
454 1906 637 1945 seruatus
677 1906 716 1945 et
762 1905 832 1945 ille
880 1905 948 1957 qui
994 1917 1070 1945 non
1117 1906 1179 1945 est
1225 1916 1304 1945 non
1351 1905 1486 1946 meriti
1526 1917 1646 1946 causa

115 1986 146 2010 ‘25
161 1973 230 2013 sed
276 1972 515 2014 infirmitate
565 1973 749 2014 credatur
797 1973 1071 2015 ualetudinem
1120 1973 1315 2026 expellere
1355 1985 1431 2013 non
1469 1973 1646 2025 potuisse

160 2041 312 2081 diuina.
363 2041 459 2093 quid
492 2041 595 2093 quod
627 2042 725 2082 istas
754 2041 942 2091 uirtuteS,
975 2054 1075 2094 quae
1104 2044 1197 2083 sunt
1217 2054 1238 2082 a
1259 2042 1373 2082 nobis
1395 2042 1643 2093 summatim,
1660 2050 1712 2089 50

159 2121 235 2150 non
267 2112 311 2150 ut
342 2111 398 2150 rei
431 2110 619 2162 poscebat
651 2111 912 2163 magnitudo,
945 2110 1227 2163 depromptae,
1260 2122 1337 2151 non
1370 2112 1528 2150 tantum
1560 2110 1644 2162 ipse

158 2177 325 2230 perfecit
353 2178 393 2218 ui
421 2191 512 2229 sua,
546 2192 708 2227 uerum,
740 2178 845 2231 quod
877 2181 961 2220 erat
993 2179 1230 2229 sublimius,
1263 2178 1414 2219 multos
1445 2179 1545 2219 alios
1578 2192 1644 2219 ex—

158 2240 279 2298 periri
312 2250 351 2288 et
382 2247 509 2288 facere
541 2247 603 2287 sui
636 2248 811 2288 nominis
833 2260 921 2288 cum
946 2247 1169 2288 adiectione
1192 2247 1390 2300 permisit.
1433 2259 1523 2287 nam
1554 2259 1643 2288 cum

204 2427 220 2458 1
249 2426 433 2459 numinum
461 2426 551 2459 Sul».-
590 2427 769 2460 nominum
796 2427 831 2460 P
991 2428 1012 2460 '2
1043 2430 1070 2459 c‘
1096 2429 1128 2459 l’
1287 2426 1377 2470 quod
1410 2428 1445 2460 P
1474 2437 1554 2461 corr

157 2483 177 2515 3
202 2483 294 2525 quod
322 2484 356 2516 P
478 2483 648 2516 tabem-is
675 2485 709 2517 P
734 2495 814 2517 corr
936 2485 957 2517 ἴ)
983 2486 1227 2517 conuerterent
1251 2485 1284 2516 Ι)
1306 2495 1387 2518 corr
1503 2485 1520 2517 7
1546 2495 1641 2528 prae-

156 2539 255 2572 cibus
282 2541 316 2573 P
469 2540 656 2573 miserrimi
685 2540 897 2574 Slezcechins
1054 2542 1094 2573 10
1120 2541 1299 2584 praecibus
1325 2542 1360 2574 P
1513 2542 1552 2575 11
1579 2543 1642 2575 tri-

157 2601 282 2630 uerunt
313 2598 400 2630 Gel:
437 2598 643 2631 tribuerunt
669 2598 703 2631 P
842 2599 883 2631 13
909 2598 979 2631 sint
1007 2598 1095 2631 Sub:
1130 2601 1212 2632 sunt
1237 2599 1271 2631 P
1408 2600 1525 2633 omnia
1551 2600 1641 2634 Sub.-

155 2654 312 2687 omnium
341 2655 375 2688 P
526 2655 567 2688 14
593 2655 720 2687 dicatis
748 2655 819 2688 &ab
973 2656 1014 2688 16
1041 2655 1099 2698 qui
1126 2655 1226 2688 rebus
1254 2656 1344 2689 Sal).-
1370 2658 1428 2701 qui
1453 2657 1553 2691 rebus
1579 2658 1637 2701 qui

156 2710 190 2743 P
212 2711 272 2754 (1111
299 2711 399 2745 rebus
426 2711 491 2744 sibi
509 2712 526 2745 [2
674 2712 715 2745 21
743 2711 801 2745 sed
828 2712 899 2746 Sub
1049 2713 1092 2746 22
1117 2712 1302 2747 dubitabile
1329 2714 1364 2747 P
1511 2715 1552 2748 24
1579 2721 1639 2747 110¹*

154 2767 269 2799 meriti
291 2768 324 2800 P
460 2769 504 2801 25
529 2767 736 2801 infirmitate
766 2770 959 2810 Canterus,
999 2769 1085 2802 (ΓΙ-3.·
1113 2770 1281 2803 firmitate
1308 2771 1342 2803 P
1474 2772 1517 2805 20·
1542 2782 1637 2804 suin-

154 2824 277 2857 matim
305 2824 339 2857 P
476 2825 519 2857 29
545 2825 738 2858 adiectione
763 2825 970 2858 Iler-aldus:
1008 2825 1199 2859 adfectione
1225 2826 1259 2860 P

288 2892 345 2925 lV.
1483 2897 1503 2929 3
