2032 3248
321 216 374 258 72
953 211 1198 256 Appendix.

319 319 575 368 apostolorum
605 317 828 356 confirmans
858 319 1111 366 praecepit
1147 319 1218 357 eis
1257 320 1311 357 ab
1342 319 1703 369 Hierosolymis
1740 333 1829 360 non

319 389 588 434 discedere,
631 387 713 425 sed
748 390 1036 435 exspectare
1078 388 1216 426 illam
1252 388 1631 436 promissionem
1666 390 1842 437 patris

319 469 455 506 quam
493 456 708 495 audistis
744 468 766 494 a
801 468 888 508 me,
931 456 1045 505 quia
1080 458 1287 495 Ioannes
1332 457 1521 505 quidem
1557 458 1842 506 baptizauit

319 538 451 574 aqua,
483 537 566 563 uos
596 527 754 563 autem
781 525 1161 573 baptizabimini
1190 526 1377 573 spiritu
1407 528 1578 566 sancto
1607 539 1697 565 non
1725 529 1841 575 post

320 595 497 633 multos
527 595 612 633 hos
644 594 762 633 dies.
805 594 970 643 itemque
1000 595 1138 633 Petrus
1175 596 1305 634 eadem
1341 596 1459 633 uerba
1494 596 1646 634 Domini
1675 607 1837 645 percen·
1859 611 1872 634 5

320 664 409 711 suit,
451 664 637 702 rationem
672 675 739 712 pro
775 675 815 702 se
850 666 950 711 apud
986 664 1177 712 apostolos
1212 666 1376 703 reddens
1411 665 1587 703 dicendo:
1626 676 1725 703 cum
1770 678 1839 704 au-

320 735 411 771 tem
440 733 706 780 inciperem
735 733 868 781 loqui
898 744 995 781 ego,
1026 734 1179 772 irruit
1206 735 1418 782 spiritus
1451 736 1653 773 sanctus
1688 746 1837 782 super

320 813 413 850 eos,
449 802 580 841 510111
610 803 656 840 01
685 814 834 850 super
861 814 945 840 1105
973 802 1021 840 111
1049 802 1318 851 principio,
1350 805 1395 841 et
1423 804 1711 842 recordatus
1741 815 1845 841 sum

320 884 583 912 sermonem
613 871 803 910 Domini
838 872 966 910 sicut
1002 872 1220 911 dicebat:
1258 873 1468 911 Ioannes
1505 873 1701 921 quidem
1729 873 1839 922 bap-

319 941 502 981 tizauit
545 954 678 990 aqua,
717 953 801 980 uos
837 943 995 980 autem
1024 942 1403 989 baptizabimini
1432 943 1618 991 spiritu
1647 944 1834 981 sancto.
1861 954 1892 978 10

322 1012 364 1051 si
394 1023 507 1061 ergo
537 1011 744 1059 aequale
773 1011 942 1049 donum
970 1011 1103 1049 dedit
1134 1011 1205 1050 eis
1237 1011 1371 1050 sicut
1400 1013 1445 1050 et
1476 1012 1616 1050 nobis
1646 1012 1841 1049 creden-

320 1081 454 1119 tibus
493 1080 744 1118 Dominum
786 1080 946 1118 Iesum
987 1080 1256 1128 Christum,
1299 1092 1383 1129 ego
1429 1081 1538 1129 quis
1588 1092 1714 1119 eram
1756 1080 1843 1128 qui

294 1145 510 1198 ‘possem
538 1148 799 1199 probibere
829 1149 1060 1188 Domino?
1092 1152 1130 1188 et
1151 1150 1307 1187 iterum:
1332 1150 1428 1188 uiri
1458 1150 1657 1197 fratres,
1690 1149 1845 1188 scitis

323 1219 436 1268 quia
476 1232 497 1258 a
537 1220 713 1257 diebus
754 1218 980 1267 antiquis
1021 1219 1066 1257 in
1107 1219 1248 1258 nobis
1290 1219 1415 1257 Deus
1464 1219 1619 1267 elegit
1667 1230 1752 1266 per
1792 1230 1842 1257 os

322 1301 469 1328 meum
509 1289 677 1327 011(1110
718 1291 894 1338 gentes
935 1290 1128 1328 uerbum
1169 1289 1422 1338 euangelii
1462 1291 1508 1327 et
1558 1290 1756 1327 credere
1797 1290 1893 1327 etis,

322 1359 413 1407 qui'
438 1360 582 1398 corda
617 1359 752 1398 nouit
781 1359 906 1397 Deus
943 1348 1287 1397 testimonium
1322 1358 1586 1407 perhibuit
1623 1358 1742 1396 dans
1773 1358 1845 1396 eis

324 1428 556 1476 spiritum
607 1430 830 1467 sanctum
886 1429 1016 1467 sicut
1063 1430 1109 1466 et
1163 1428 1322 1467 nobis.
1381 1439 1425 1466 ac
1481 1429 1682 1475 propterea
1731 1427 1845 1464 huius

324 1498 534 1536 sententiae
555 1509 652 1546 quae
674 1498 725 1536 sit
749 1498 805 1536 uis
826 1500 864 1537 et
884 1500 1054 1546 potestas
1075 1497 1312 1536 considerare
1335 1497 1526 1535 debemus.
1563 1496 1617 1533 ait
1638 1496 1738 1534 enim
1760 1496 1837 1534 Do-

323 1566 448 1604 minus
469 1567 525 1605 eis
557 1567 621 1615 qui
650 1568 888 1615 postmodum
917 1566 1103 1615 baptizari
1124 1566 1320 1613 haberent,
1353 1566 1442 1614 quia
1463 1566 1672 1612 crederent,
1695 1565 1827 1612 bapti-

326 1636 466 1674 zandos
488 1647 582 1683 esse,
613 1648 687 1674 non
708 1636 1020 1684 quemadmodum
1042 1648 1064 1674 a
1085 1647 1124 1674 50
1145 1635 1185 1673 111
1214 1647 1312 1683 aqua
1334 1635 1374 1672 in
1395 1634 1686 1683 paenitentiam,
1713 1634 1779 1673 sed
1800 1634 1841 1671 in
1857 1647 1890 1672 20

325 1704 464 1752 spiritu
485 1707 628 1744 sancto.
659 1706 703 1743 de
726 1717 801 1753 qua
820 1705 1100 1754 praedicatione
1123 1717 1207 1743 cum
1236 1705 1365 1752 utique
1388 1715 1496 1742 nemo
1517 1705 1689 1742 nostrum
1712 1704 1838 1752 possit

326 1774 538 1822 ambigere,
573 1774 819 1812 manifestum
855 1777 913 1813 est
948 1787 1022 1823 qua
1057 1774 1203 1813 ratione
1239 1773 1410 1812 homines
1445 1773 1485 1811 in
1520 1773 1659 1821 spiritu
1699 1775 1830 1812 sancto

326 1843 508 1892 baptizati
537 1844 625 1882 sint.
664 1855 752 1881 nam
781 1846 819 1882 et
847 1844 997 1891 proprie
1027 1843 1066 1881 in
1095 1843 1176 1891 ipso
1209 1843 1288 1882 solo
1305 1845 1447 1899 ’sancto
1478 1842 1616 1890 spiritu
1644 1841 1832 1889 baptizati

326 1914 415 1951 sunt
443 1913 508 1962 qui
537 1913 791 1961 crediderunt,
820 1914 909 1962 quia
938 1914 1100 1953 Ioannes
1131 1914 1311 1952 discreuit
1340 1916 1377 1952 et
1407 1914 1503 1952 dixit
1525 1913 1652 1952 dicens
1675 1924 1714 1950 50
1738 1912 1823 1961 qui-

326 1982 412 2020 dem
432 1982 471 2019 in
492 1994 590 2030 aqua
611 1983 815 2030 baptizare,
838 1984 1039 2021 uenturum
1061 1985 1186 2022 autem
1209 1984 1273 2031 qui
1295 1984 1335 2021 in
1351 1983 1489 2031 spiritu
1507 1984 1636 2021 sancto
1655 1981 1836 2029 baptizet.
1857 1995 1889 2020 25

329 2051 455 2099 gratia
482 2054 519 2089 et
541 2052 683 2090 uirtute
712 2051 782 2089 Dei
804 2054 892 2090 sunt
908 2053 931 2099 †
953 2054 991 2090 et
1019 2053 1090 2091 hoc
1120 2055 1157 2091 et
1188 2052 1336 2092 occulta
1371 2053 1558 2101 largiente
1580 2053 1617 2090 et
1640 2051 1837 2100 operante,

327 2121 575 2159 nihilominus
604 2123 731 2160 autem
760 2121 875 2159 etiam
896 2121 935 2158 in
964 2121 1192 2170 baptismate
1223 2121 1381 2169 spiritus
1412 2123 1450 2160 et
1471 2133 1604 2169 aquae,
1634 2121 1832 2169 praeterea

329 2190 445 2228 etiam
465 2190 504 2228 in
525 2190 754 2239 baptismate
778 2191 936 2239 spiritus
957 2192 997 2229 in
1018 2192 1200 2239 sanguine
1222 2190 1374 2239 proprio
1395 2190 1709 2238 uniuscuiusque,
1741 2190 1840 2228 sicut

331 2259 524 2298 declarant
558 2260 668 2298 nobis
704 2263 857 2299 sanctae
895 2261 1127 2309 scripturae,
1171 2273 1331 2309 quarum
1366 2273 1437 2309 per
1474 2261 1627 2309 singula
1668 2270 1838 2308 quaeque
1979 2264 2031 2309 ³³1

329 2340 457 2368 eorum
477 2341 572 2378 quae
594 2330 855 2368 enarrabimus
876 2330 1089 2368 adferemus
1109 2331 1330 2378 perspicuas
1352 2330 1606 2378 probationes.
1861 2342 1894 2366 30
2006 2324 2023 2378 ξ

293 2389 317 2425 3
387 2399 447 2436 Ad
478 2410 573 2447 quae
604 2399 702 2437 forte
724 2400 778 2446 tu,
813 2398 877 2446 qui
905 2411 1045 2437 nouum
1075 2399 1167 2447 quid
1195 2398 1357 2446 inducis,
1396 2399 1572 2438 continuo
1594 2397 1843 2445 impatienter
2013 2383 2023 2463 Ξ

331 2469 559 2515 respondeas
600 2469 642 2506 ut
682 2468 780 2506 soles
821 2468 960 2506 dixisse
1001 2468 1040 2505 in
1081 2468 1280 2516 euangelio
1322 2468 1546 2506 Dominum:
1600 2466 1696 2505 nisi
1737 2466 1847 2514 quis

332 2537 483 2575 denuo
532 2539 673 2575 natus
722 2537 878 2576 fuerit
919 2548 972 2575 ex
1022 2549 1145 2585 aqua
1185 2540 1231 2575 et
1272 2537 1476 2585 spiritu,
1529 2547 1619 2574 non
1673 2538 1845 2584 potest
2019 2587 2021 2589 Ι

333 2604 544 2644 introire
577 2607 626 2645 in
658 2618 854 2654 regnum
886 2607 1144 2646 caelorum.
1189 2619 1234 2646 ex
1267 2619 1338 2655 quo
1369 2606 1568 2645 manifeste
1599 2607 1759 2654 apparet
1788 2606 1847 2643 1111
2008 2603 2021 2653 ζ

430 2786 447 2819 1
474 2786 550 2821 Aet..
578 2788 609 2830 1,
635 2787 667 2820 4.
694 2787 726 2821 5μ
925 2787 947 2821 6
972 2786 1049 2821 Act.
1077 2787 1129 2826 11,
1158 2786 1304 2820 15-17.
1500 2785 1544 2820 13
1567 2787 1645 2820 Act.
1676 2786 1729 2828 15,
1757 2785 1786 2823 7,
1813 2785 1846 2818 s.

335 2844 380 2877 30
406 2845 454 2879 1ο.
480 2845 511 2879 3
544 2845 574 2879 3.
602 2845 632 2879 5.
