2032 3248
375 243 457 286 184
1002 238 1241 283 Appendix,

372 357 700 394 quaecumque
733 345 887 384 uultis
919 345 1012 383 illa
1050 344 1267 383 faciatis.
1299 345 1416 382 habes
1453 356 1551 382 nunc
1586 356 1734 383 carnem
1770 347 1874 383 tuam

375 428 486 465 quam
508 425 665 463 superes
686 425 853 463 semper:
897 414 988 462 quid
1023 413 1094 451 tibi
1116 413 1175 451 uis
1213 414 1374 451 alteram
1406 413 1467 451 uel
1489 414 1722 452 conducere?
1765 425 1873 452 nemo

372 496 482 533 super
503 496 617 522 unam
644 484 788 522 febrem
817 483 920 532 cupit
953 483 1132 521 adhibere
1160 483 1346 531 peiorem,
1388 493 1435 520 ne
1456 482 1616 531 incipiat
1635 483 1874 521 hemitritaeo

372 553 577 592 insanabili
597 552 789 601 laborare,
826 552 887 591 cui
907 553 1036 590 nullus
1057 552 1183 591 ualeat
1204 551 1371 591 medicus
1409 552 1622 592 subuenire.
1660 564 1779 600 neque
1801 552 1872 590 ali-

370 623 454 670 quis
476 633 589 670 super
610 634 704 660 onus
725 621 918 670 proprium
953 621 1056 659 tollit
1077 621 1230 669 insuper
1253 620 1429 668 alienum,
1460 632 1506 658 ne
1530 621 1705 659 oneribus
1728 621 1873 660 duobus
1889 637 1902 660 5

368 703 569 740 oppressus
590 702 708 739 usque
730 692 777 729 ad
799 690 940 729 inferos
957 691 1215 738 demergatur.
1247 691 1345 728 unde
1382 689 1436 727 sic
1455 689 1668 728 Hieremias
1689 691 1873 739 propheta

367 762 475 799 docet
498 760 715 799 sanctitatis
736 760 882 808 pondus
904 759 1149 807 singulariter
1171 759 1445 797 sustinendum.
1485 760 1654 798 bonum
1685 771 1703 798 e
1717 761 1782 808 st,
1814 759 1875 797 in-

368 830 469 880 quit,
501 830 608 868 uiro
630 841 728 868 cum
748 828 1032 878 portauerit
1051 829 1216 877 iugum
1237 840 1389 877 graue
1410 828 1457 866 in
1487 828 1743 867 iuuentute
1768 841 1873 868 sua:

365 898 560 937 sedebit
592 898 923 947 singulariter
953 899 998 937 et
1031 897 1227 946 silebit,
1260 898 1486 946 quoniam
1517 898 1638 936 tulit
1659 909 1874 947 superse

367 968 529 1016 iugum
561 979 718 1016 graue.
1889 979 1921 1004 10

304 1040 358 1077 10
429 1038 500 1076 Sed
521 1037 721 1085 quisquam
742 1036 933 1085 malignus
955 1037 1153 1076 obsecutor
1189 1037 1238 1074 ad
1260 1036 1402 1075 dictum
1424 1036 1586 1085 apostoli
1608 1037 1718 1075 Pauli
1740 1037 1870 1076 confu-

364 1106 445 1154 giat
487 1106 634 1144 dicens:
681 1116 830 1144 onera
861 1107 1031 1143 uestra
1061 1105 1312 1144 sustinete
1341 1105 1567 1153 inuicem,
1616 1108 1662 1144 et
1693 1105 1762 1144 sic
1792 1106 1869 1144 im-

363 1174 576 1222 plebitis
607 1175 759 1222 legem
791 1174 995 1212 Christi.
1027 1186 1101 1212 non
1121 1175 1214 1213 haec
1236 1175 1324 1212 sunt
1343 1186 1457 1213 onera
1486 1186 1582 1222 quae
1603 1174 1746 1213 Paulus
1778 1186 1867 1222 apo-

366 1244 487 1282 stolus
509 1244 670 1292 imperat
690 1243 952 1292 subuehenda,
989 1244 1055 1281 sed
1077 1245 1119 1281 ut
1153 1243 1360 1282 tolerantes
1389 1245 1536 1282 nosmet
1556 1244 1660 1293 ipsos
1682 1243 1870 1282 discordia

365 1313 471 1351 nulla
492 1313 682 1352 discernat
702 1314 741 1351 et
762 1314 802 1350 in
822 1313 1135 1362 temptationibus
1157 1313 1375 1351 constitutis
1404 1313 1587 1351 fratribus
1608 1314 1739 1351 mutua
1758 1324 1868 1361 prae·
1886 1326 1915 1350 15

368 1382 524 1421 beamus
546 1383 701 1430 auxilia,
723 1394 797 1421 non
817 1383 860 1420 ut
881 1382 954 1430 ipsi
974 1381 1084 1420 nobis
1105 1383 1377 1430 temptamenta
1406 1393 1474 1430 per
1501 1382 1660 1420 feminas
1689 1393 1867 1430 procure-

363 1463 446 1489 mus
459 1481 468 1499 ‚
510 1452 575 1490 sed
595 1453 638 1489 ut
658 1452 1017 1500 temptamentorum
1038 1452 1160 1499 magis
1181 1452 1347 1499 pondera
1368 1451 1628 1490 suble-nemus:
1667 1463 1751 1489 cum
1772 1450 1868 1489 sciat

366 1520 476 1568 quale
498 1520 550 1558 sit
571 1520 789 1559 sanctitatis
811 1520 941 1568 iugum
973 1520 1072 1568 quod
1092 1520 1155 1558 uix
1177 1520 1371 1568 singulare
1406 1521 1588 1568 portetur.
1633 1520 1677 1558 de
1699 1531 1770 1568 quo
1791 1531 1864 1558 non

361 1589 483 1627 solum
504 1589 584 1636 ipse
606 1590 672 1627 sed
693 1591 730 1627 et
746 1588 928 1627 Dominus
950 1589 1072 1627 noluit
1093 1591 1237 1627 certum
1254 1588 1408 1627 definire
1429 1590 1692 1637 praeceptum,
1716 1589 1866 1627 dicens:

359 1669 449 1696 non
480 1669 641 1696 omnes
664 1658 865 1705 capiunt
885 1658 1080 1697 uerbum
1102 1657 1257 1706 istud,
1291 1658 1373 1696 sed
1395 1657 1575 1706 quibus
1597 1658 1757 1696 datum
1778 1659 1864 1696 est.
1881 1673 1913 1697 20

363 1726 577 1765 etiterum:
611 1726 691 1775 qui
721 1728 887 1774 potest
919 1738 1091 1775 capere
1121 1727 1302 1775 capiat.
1336 1727 1369 1765 si
1404 1738 1493 1775 ergo
1518 1727 1671 1766 difficile
1692 1726 1863 1775 singula-

362 1796 455 1834 riter
474 1795 697 1844 magnitudo
717 1796 828 1834 istius
851 1796 1027 1843 ponderis
1048 1796 1249 1844 toleratur,
1273 1798 1456 1844 quomodo
1474 1796 1720 1843 tolerabitur,
1744 1796 1776 1834 si
1797 1807 1863 1845 ge-

361 1864 516 1902 minatis
536 1865 766 1913 ponderibus
786 1866 1087 1913 praegrauetur?
1122 1866 1160 1903 et
1196 1866 1229 1904 si
1251 1865 1465 1914 singulares
1503 1877 1620 1913 paene
1654 1876 1781 1904 omnes
1802 1865 1866 1903 uix

359 1934 498 1971 durant
519 1934 690 1972 carnales
711 1933 869 1972 insidias
890 1935 1092 1982 sustinere,
1115 1935 1206 1983 quid
1227 1935 1374 1974 faciunt
1395 1934 1455 1972 illi
1476 1935 1540 1983 qui
1562 1946 1606 1973 ex
1627 1936 1785 1982 utroque
1806 1934 1864 1972 la-

358 2003 438 2040 tere
460 2002 599 2050 gladiis
620 2003 924 2051 impendentibus
955 2015 1030 2054 non
1051 2005 1275 2042 cunctantur
1295 2005 1536 2043 incumbere?
1584 2004 1672 2051 plus
1694 2003 1788 2041 dico.
1831 2002 1863 2041 si
1879 2017 1911 2042 25

358 2071 487 2109 mariti
507 2072 545 2110 et
565 2082 699 2110 uxores
736 2071 922 2110 desideria
943 2073 1159 2121 coniugalia
1187 2074 1324 2112 cotidie
1354 2074 1530 2122 gerentes
1551 2084 1626 2112 non
1661 2072 1734 2111 sibi
1755 2071 1862 2110 suffi-

357 2139 474 2187 ciunt,
512 2141 603 2188 quid
639 2142 759 2189 agunt
779 2140 839 2179 illi
860 2141 925 2189 qui
946 2142 993 2178 ad
1013 2143 1206 2189 augendas
1227 2142 1519 2191 inpugnationes
1540 2142 1691 2181 feminis
1715 2140 1862 2180 socian-

356 2210 447 2247 tur?
470 2220 515 2247 ex
545 2209 736 2257 inprouiso
757 2210 819 2248 uel
840 2211 1083 2249 transeunter
1104 2212 1151 2249 ad
1172 2212 1303 2250 horam
1325 2212 1510 2250 femineus
1532 2212 1710 2259 aspectus
1731 2221 1860 2248 occur-

355 2289 442 2316 rens
460 2278 564 2316 uelut
585 2278 749 2327 sagittas
770 2279 905 2318 alienis
927 2279 1045 2318 oculis
1067 2279 1196 2318 iactat.
1220 2282 1368 2328 quando
1386 2281 1505 2319 libera
1525 2292 1599 2319 non
1621 2281 1679 2318 est
1700 2278 1859 2326 simplex

448 2458 467 2492 7
494 2458 620 2493 Thren.
648 2458 680 2500 3,
705 2458 760 2493 27.
902 2459 946 2493 12
972 2457 1050 2494 Gal.
1080 2462 1111 2501 6,
1136 2459 1169 2496 2.
1291 2433 1354 2494 Γ20
1378 2460 1508 2494 Matth.
1537 2460 1590 2502 19,
1618 2459 1672 2493 11.

447 2628 470 2662 2
493 2628 563 2674 1101]
590 2629 681 2664 uelle
712 2629 742 2665 Ο
889 2630 911 2664 3
936 2629 1116 2665 emitriteo
1142 2629 1171 2665 C
1321 2629 1344 2664 4
1368 2629 1487 2663 labore
1519 2629 1563 2664 0¹
1711 2630 1733 2664 5
1758 2640 1860 2673 super

359 2687 389 2719 O
409 2695 436 2720 s.
463 2685 484 2720 l.
511 2697 554 2720 m.
582 2688 607 2720 2
733 2687 755 2721 8
779 2697 861 2721 uero
893 2687 937 2722 0¹
1063 2687 1106 2721 11
1132 2686 1317 2731 confugiet
1341 2686 1491 2721 dicentis
1517 2698 1537 2721 v
1667 2687 1711 2721 15
1734 2688 1860 2721 mutua

355 2752 421 2778 om.
447 2754 468 2778 v
567 2743 613 2777 25
638 2744 924 2788 impendentibus
950 2755 1014 2779 om.
1045 2747 1073 2780 C'
1171 2746 1202 2779 si
1231 2747 1261 2779 O
1279 2755 1304 2779 s.
1331 2745 1355 2779 l.
1379 2755 1425 2779 m.
1450 2747 1472 2778 2
1572 2744 1617 2779 26
1642 2744 1759 2779 uxoris
1788 2744 1816 2780 0

357 2799 428 2834 sibi
452 2810 521 2834 non
546 2810 566 2834 v
715 2802 759 2836 27
784 2801 955 2847 iugendas
986 2802 1016 2838 C
1164 2803 1208 2837 28
1233 2801 1427 2847 improuisu
1458 2801 1488 2837 Ο
1624 2801 1668 2836 29
1694 2801 1806 2836 libera
1833 2801 1862 2837 C

353 2857 427 2892 ⁴sed.
454 2867 513 2892 era
536 2867 563 2892 s.
590 2858 611 2893 l.
636 2868 681 2894 m.
708 2860 731 2893 2
870 2859 1018 2903 simplex
1042 2870 1088 2894 ex
1113 2859 1286 2905 supplicia
1312 2859 1342 2894 0
1363 2870 1406 2894 m.
1432 2861 1456 2894 2
