2032 3248
339 214 424 258 344

387 328 544 363 sentiens
562 327 620 372 (=
638 337 783 362 sensum
799 326 945 370 habens)
971 326 1090 370 potes-

385 388 443 421 tas
463 385 539 428 133,
552 385 596 419 26
622 385 758 419 cunctis
776 382 1014 418 sentientibus
1036 382 1089 426 14,

388 444 407 478 7
447 443 618 478 deitatem
643 441 763 476 sortiti
788 451 861 475 esse
887 441 1091 475 sentiuntur

389 502 443 544 19,
459 501 478 535 7
505 499 637 544 dignus
662 498 746 533 deus
763 498 835 533 dici
849 498 1000 543 deusque
1014 508 1091 532 sen-

387 558 450 592 tiri
473 558 528 599 25,
544 558 565 592 2
606 567 692 601 quae
717 554 783 590 sub
807 555 929 590 tacitis
955 555 1090 599 cogita-

386 615 545 651 tionibus
570 624 671 649 sensa
697 615 781 648 sunt
806 613 885 656 204,
905 612 947 647 19

343 672 519 718 sepositae
544 671 589 706 ab
614 671 771 706 humana
802 669 1006 715 cognitione
1036 680 1091 704 res

387 731 443 773 54,
457 730 479 764 3

341 788 561 833 septimanas
587 787 688 822 edere
712 786 845 821 feturas
871 786 947 827 118,
967 785 1009 820 13

342 846 524 890 sepultura
548 844 690 879 telluris
713 843 851 888 patriae
876 842 954 884 219,
972 842 1018 877 24

343 903 538 949 sequaciter
562 902 618 944 85,
636 901 679 936 17
713 900 873 935 ordinare
898 899 1093 944 sequaciter

389 960 612 995 inductiones
637 959 693 1001 56,
710 959 731 994 9

347 1017 567 1062 sequestrata
590 1015 742 1062 pectoris
774 1015 929 1050 sanitate
954 1014 1032 1058 190,
1052 1014 1095 1049 18

347 1074 488 1119 sequius
501 1074 764 1109 obmurmurare
776 1073 818 1108 de
830 1072 973 1117 regibus
988 1072 1094 1115 169,9

343 1132 456 1167 seriae
492 1131 623 1167 saccati
654 1130 925 1166 obscenissimae
962 1130 1094 1165 umoris

392 1190 412 1224 7
415 1190 449 1235 8,
467 1191 487 1225 1

346 1247 389 1282 de
414 1246 502 1282 serie
527 1246 599 1281 alia
635 1256 724 1290 quae
750 1246 808 1280 his
832 1245 935 1281 rebus
962 1245 1096 1280 adnexa

390 1306 444 1339 est
468 1303 546 1345 214,
561 1304 583 1338 5

346 1372 553 1396 numerosus
570 1361 606 1395 et
631 1361 789 1395 structus
813 1360 1097 1406 compositusque

392 1429 504 1454 sermo
529 1419 586 1462 51,
604 1418 649 1453 23

346 1475 540 1511 seruitutes
566 1475 644 1518 110,
666 1475 708 1511 11

347 1529 499 1569 sessores
525 1533 579 1578 (in
602 1533 878 1578 amphitheatro)
903 1533 960 1576 81,
974 1533 1016 1567 11

347 1591 420 1636 ipse
444 1601 505 1636 per
529 1601 565 1625 se
590 1589 659 1625 sibi
683 1589 791 1625 habet
816 1591 892 1631 145,
912 1591 929 1625 1

347 1649 500 1683 siccatus
525 1648 606 1683 sitis
631 1647 804 1683 ariditate
830 1648 906 1690 174,
924 1648 968 1683 27

351 1705 550 1741 siccitatem
562 1704 745 1749 adquirere
761 1705 896 1750 corpori
911 1706 964 1748 10,
976 1706 995 1740 1
1020 1704 1099 1740 deo-

393 1774 474 1798 rum
498 1763 677 1798 siccitates
701 1763 780 1805 263,
804 1763 826 1797 8
862 1762 1007 1798 adurere
1032 1762 1098 1798 sic-

394 1820 564 1855 citatibus
588 1820 710 1864 fruges
734 1820 848 1864 215,8

351 1877 480 1912 siderei
517 1888 739 1923 gemmarum
769 1877 926 1922 fulgores
959 1878 1099 1920 216,18

395 1934 522 1970 siderei
552 1937 670 1970 motus
705 1935 782 1978 125,
800 1935 845 1969 22
884 1934 984 1969 sedes
1010 1934 1099 1969 side-

396 2003 475 2027 reae
499 1991 581 2035 230,
599 1993 619 2026 1

357 2050 401 2084 ad
426 2050 544 2084 sidera
567 2059 698 2084 merere
722 2049 905 2084 subleuari
930 2049 1008 2092 137,
1025 2049 1070 2084 22

351 2106 525 2151 sigilliola
541 2117 651 2151 parua
668 2107 745 2150 230,
760 2107 804 2142 18
837 2106 1021 2151 sigilliolis
1037 2106 1099 2140 ho-

397 2164 534 2198 minum
559 2163 757 2208 supplicare
780 2164 859 2206 222,
878 2164 924 2200 19

354 2220 533 2265 significes
558 2221 635 2264 225,
655 2221 700 2256 10

353 2278 635 2323 significantiam
671 2278 825 2313 nominis
850 2278 989 2314 trahere
1023 2279 1100 2320 143,

398 2335 442 2370 17

354 2392 389 2426 in
416 2393 679 2438 significatione
704 2393 797 2428 filiae
822 2395 1016 2428 sementem
1040 2403 1101 2437 po-

399 2460 481 2484 nere
506 2450 585 2491 203,
603 2450 647 2486 10

353 2506 556 2551 significare
574 2518 610 2541 se
634 2507 772 2542 ultione
789 2508 826 2542 in
852 2508 972 2553 aliqua
987 2508 1066 2551 233,
1083 2508 1102 2542 7

357 2564 500 2608 signare
535 2579 580 2595 =
616 2565 859 2610 significatum
901 2565 989 2600 dare
1027 2566 1058 2608 6,
1081 2565 1103 2599 3

405 2630 443 2654 ex
474 2621 661 2656 numinum
699 2623 937 2667 appellatione
967 2622 1102 2668 signari

401 2677 479 2719 266,
497 2678 539 2712 17
564 2679 826 2724 nuncupatione
843 2680 1007 2725 signatus
1026 2679 1104 2722 211,

403 2734 447 2769 23

360 2791 505 2836 signum
538 2791 767 2827 iudicationis
799 2793 962 2828 emittere
994 2794 1047 2836 14,
1061 2793 1105 2828 25

403 2848 507 2892 signa
544 2849 696 2885 minacia
732 2851 851 2894 215,6
891 2851 1037 2895 signum
1061 2865 1104 2879 Ξ

1053 212 1189 247 Index

1199 329 1451 371 aryumentum
1490 325 1568 369 156,
1596 326 1640 360 21
1681 326 1823 371 signum
1860 343 1903 359 =

1199 393 1328 418 nomen
1351 383 1427 425 154,
1444 383 1477 418 5.
1497 383 1539 417 11
1575 382 1632 417 his
1656 383 1769 428 signis
1794 386 1901 429 atque

1198 439 1497 484 appellationibus
1529 440 1727 484 nuncupari
1753 441 1830 485 147,
1855 443 1900 478 24

1156 497 1300 531 silentio
1324 497 1443 542 patior
1459 497 1555 532 abire
1571 497 1740 532 donatum
1765 499 1842 542 242,
1856 500 1901 534 24

1203 554 1347 589 silentio
1379 554 1582 589 solitudinis
1617 565 1748 590 uacuae
1784 557 1901 592 conti-

1202 613 1328 647 ciscere
1353 613 1407 655 78,
1421 612 1465 646 15

1157 669 1241 704 simi
1267 670 1344 712 121,
1364 670 1405 704 19

1158 727 1405 772 simplicitatis
1442 726 1666 772 incorruptae
1705 727 1774 762 fide
1809 728 1864 771 22,
1881 728 1903 763 6

1202 795 1265 829 per
1304 795 1413 829 purae
1460 784 1612 829 speciem
1661 785 1906 830 simplicitatis

1203 842 1260 883 31,
1279 843 1300 877 5
1335 842 1486 876 naturae
1510 841 1781 887 simplicitatem
1807 843 1906 888 sequi

1204 898 1282 942 243,
1299 898 1345 934 21

1159 956 1350 991 simulacra
1374 955 1524 991 rationis
1556 957 1592 991 et
1624 956 1821 1002 sapientiae
1852 958 1907 1000 62,

1205 1013 1249 1048 12

1160 1071 1389 1106 simulatione
1433 1071 1609 1106 subditiui
1649 1073 1803 1117 corporis
1829 1072 1907 1116 170,

1206 1129 1249 1164 19

1161 1186 1366 1222 simultates
1394 1186 1627 1231 inexpiabiles
1650 1197 1829 1222 conserere
1854 1187 1910 1232 44,

1207 1244 1251 1278 12

1162 1302 1251 1336 situs
1277 1301 1515 1336 membrorum
1542 1301 1686 1337 reddere
1711 1302 1765 1345 35,
1784 1302 1805 1336 3

1163 1359 1233 1393 sita
1257 1360 1312 1394 est
1335 1359 1436 1404 origo
1461 1359 1546 1394 haec
1570 1359 1662 1404 apud
1686 1358 1911 1394 Timotheum

1208 1427 1310 1461 super
1333 1427 1464 1461 magna
1489 1416 1631 1451 deorum
1654 1417 1768 1451 Matre
1793 1427 1911 1461 super-

1207 1485 1274 1519 que
1298 1474 1405 1509 sacris
1430 1475 1507 1509 eius
1532 1475 1610 1519 177,
1628 1475 1673 1509 10

1162 1542 1271 1566 unum
1304 1533 1340 1566 et
1365 1531 1500 1566 socium
1531 1532 1633 1567 nobis
1658 1534 1694 1567 et
1725 1532 1827 1567 uobis
1856 1532 1911 1567 est

1209 1589 1349 1624 credere
1372 1589 1427 1631 55,
1447 1590 1491 1623 16

1164 1648 1252 1681 80188
1293 1646 1564 1691 flagrantissimi
1608 1647 1662 1688 10,
1686 1647 1730 1681 23

1208 1703 1338 1738 torreri
1355 1704 1502 1738 aestiuis
1527 1704 1604 1746 216,
1625 1705 1646 1739 5

1164 1761 1352 1796 solidatrix
1376 1772 1518 1796 ossuum
1543 1762 1620 1803 147,
1639 1762 1683 1796 13

1164 1819 1349 1854 soliditate
1373 1818 1472 1853 nulla
1497 1818 1677 1853 firmatum
1702 1819 1782 1863 255,
1800 1820 1822 1854 8

1165 1876 1345 1911 sollertias
1369 1875 1497 1911 habere
1523 1877 1599 1919 126,
1618 1877 1662 1911 23

1164 1933 1358 1968 sollicitare
1384 1934 1465 1968 deos
1481 1934 1648 1979 praemiis
1672 1934 1750 1976 247,
1768 1934 1789 1968 9
1814 1934 1911 1969 solli-

1211 1991 1323 2026 citare
1339 1991 1412 2025 abs.
1439 2006 1482 2022 =
1507 2001 1630 2026 seruos
1642 1991 1691 2026 ad
1703 1992 1832 2037 fuqam
1844 1991 1910 2026 ad-

1210 2048 1340 2083 ducere
1363 2048 1420 2090 82,
1437 2050 1459 2084 4

1165 2106 1468 2141 sollicitudinibus
1485 2116 1610 2141 canum
1628 2105 1766 2141 credere
1790 2106 1868 2148 232,
1889 2105 1912 2140 5

1166 2164 1258 2198 solui
1288 2164 1326 2197 in
1365 2163 1572 2208 linguarum
1609 2163 1821 2198 facilitatem
1857 2162 1915 2206 (de

1211 2221 1459 2256 animantibus
1482 2222 1603 2264 mutis)
1628 2221 1683 2264 22,
1700 2221 1722 2255 3
1747 2221 1912 2265 uolupta-

1210 2280 1290 2312 tum
1315 2278 1405 2313 solui
1429 2278 1466 2312 in
1490 2278 1622 2323 gaudia
1646 2278 1724 2322 277,
1742 2278 1783 2312 17

1166 2345 1308 2370 sonores
1333 2336 1511 2370 numerosi
1535 2336 1590 2379 82,
1609 2335 1652 2370 13

1167 2393 1442 2438 sophisticarum
1466 2392 1752 2437 disputationum
1781 2391 1912 2427 colores

1211 2450 1290 2493 203,
1312 2451 1353 2485 19
1396 2449 1590 2494 sophistica
1615 2460 1650 2483 se
1674 2449 1914 2484 ostentatione

1214 2507 1347 2542 iactare
1370 2507 1427 2550 40,
1447 2507 1490 2541 15

1168 2565 1311 2599 sordens
1336 2564 1549 2599 obtrectatio
1573 2563 1628 2606 24,
1648 2563 1689 2598 11

1168 2621 1286 2656 sordes
1310 2621 1513 2666 lugentium
1537 2631 1671 2655 sumere
1698 2619 1834 2663 198,15

1170 2678 1380 2713 sordescunt
1405 2678 1479 2712 diui
1503 2677 1581 2721 266,
1599 2678 1621 2711 2

1169 2746 1243 2769 sors
1281 2735 1378 2769 uitae
1414 2735 1469 2777 99,
1487 2735 1532 2770 22
1571 2735 1665 2769 sorte
1696 2733 1915 2768 humilitatis

1215 2791 1384 2826 obscurus
1415 2792 1494 2833 272,
1514 2792 1558 2826 15
1597 2791 1754 2825 sortibus
1790 2791 1914 2825 uiuere

1217 2849 1418 2894 agitarique
1442 2848 1613 2883 fatalibus
1639 2849 1715 2891 125,
1734 2847 1779 2882 24

1776 1646 1910 1682 solibus
