2032 3248
368 249 424 291 70
769 244 959 280 Arnobii
991 245 1205 280 aduersus
1242 244 1447 279 nationes

364 363 469 405 ratio
498 373 578 404 non
608 361 772 404 tantum
793 360 1049 414 incorporeas
1070 360 1226 403 indicat
1247 372 1313 403 eas
1334 371 1414 402 non
1435 372 1535 412 esse,
1566 372 1708 402 uerum
1730 360 1853 402 etiam

364 432 499 486 priuat
538 430 853 473 immortalitate
891 429 964 472 has
1005 429 1137 471 omnis
1178 431 1218 471 et
1258 429 1309 471 ad
1347 429 1444 471 fines
1485 428 1665 482 adplicat
1704 429 1853 482 quibus

363 500 453 542 uita
482 499 672 542 consueta
702 500 764 541 est
802 498 1043 541 terminari?
1087 497 1280 552 quicquid
1325 498 1436 540 enim
1478 510 1598 541 causa
1638 498 1853 552 ingruente

363 568 558 611 nonnulla
585 568 646 610 ita
674 567 860 611 mutatur
887 567 928 609 et
947 567 1125 609 uertitur
1154 567 1201 609 ut
1234 567 1519 621 integritatem
1541 579 1658 609 suam
1677 566 1853 609 retinere

364 650 444 680 non
473 637 615 691 possit,
646 636 689 678 id
719 648 878 678 necesse
910 637 972 678 est
1002 635 1177 678 iudicari
1207 636 1354 678 natura
1375 647 1461 678 esse
1489 635 1713 690 passiuum.
1747 635 1853 689 quod
1877 654 1892 679 5

362 707 500 748 autem
540 706 601 748 est
638 706 874 759 promptum
916 705 1038 758 atque
1075 704 1304 758 expositum
1344 704 1546 758 passioni,
1589 704 1852 758 corruptibile

297 773 347 815 27
363 787 448 817 esse
487 774 577 828 ipsa
615 773 893 827 passibilitate
933 773 1231 815 interueniente
1272 773 1548 815 denuntiatur.
1599 785 1693 828 ergo
1734 774 1769 815 si
1814 777 1853 816 et

362 844 519 886 animae
563 842 742 896 perdunt
787 854 905 884 omne
950 842 1057 895 quod
1097 843 1313 893 nouerant,
1359 841 1637 896 corporalibus
1678 842 1853 885 uinculis

362 913 580 967 occupatae
609 912 817 966 patiantur
846 923 1008 953 necesse
1038 911 1100 953 est
1136 911 1293 964 aliquid
1333 911 1439 965 quod
1470 924 1535 953 eas
1568 911 1718 954 efficiat
1749 911 1852 953 obli-

361 982 494 1024 uionis
523 981 693 1023 induere
724 980 976 1023 caecitatem.
1023 992 1152 1034 neque
1183 980 1293 1022 enim
1324 980 1429 1022 nihil
1457 980 1621 1023 omnino
1641 993 1852 1034 perpessae
1866 999 1900 1025 ιο

360 1052 433 1093 aut
472 1051 756 1105 integritatem
798 1050 1081 1092 conseruantes
1117 1061 1236 1091 suam
1266 1051 1437 1103 possunt
1467 1063 1605 1092 rerum
1635 1049 1852 1092 scientiam

358 1132 506 1173 ponere
550 1119 621 1161 aut
659 1119 704 1161 in
745 1118 847 1161 alios
894 1118 1062 1160 habitus
1110 1119 1196 1161 sine
1236 1119 1300 1161 sui
1340 1119 1622 1162 mutabilitate
1662 1119 1850 1161 transire.

359 1189 503 1242 atquin
533 1200 605 1231 nos
635 1188 896 1238 arbitramur,
929 1189 1036 1242 quod
1067 1189 1128 1230 est
1159 1201 1298 1240 unum,
1331 1189 1438 1242 quod
1468 1189 1715 1240 immortale,
1748 1187 1853 1242 quod

357 1257 550 1311 simplex,
597 1269 850 1311 quacumque
894 1256 938 1298 in
983 1269 1025 1299 rc
1070 1257 1215 1309 fuerit,
1264 1258 1488 1301 necessario
1534 1270 1693 1311 semper
1737 1270 1852 1300 suam

356 1325 530 1368 retinere
576 1327 768 1369 naturam
815 1339 887 1368 nec
932 1326 1076 1368 debere
1120 1328 1192 1369 aut
1235 1338 1351 1380 posse
1396 1327 1553 1381 aliquid
1598 1328 1771 1382 perpeti,
1818 1327 1853 1369 si
1866 1342 1899 1367 15

357 1395 476 1437 modo
515 1407 600 1438 esse
644 1396 886 1449 perpetuum
932 1395 1087 1450 cogitat
1125 1397 1166 1438 et
1205 1395 1248 1437 in
1278 1395 1426 1438 finibus
1468 1397 1653 1450 propriae
1683 1397 1851 1438 immor-

355 1464 533 1507 talitatis
563 1465 740 1507 haerere.
792 1465 924 1507 omnis
956 1465 1065 1507 enim
1094 1464 1228 1518 passio
1262 1466 1335 1508 leti
1355 1466 1476 1519 atque
1506 1465 1699 1507 interitus
1729 1465 1852 1507 ianua

357 1534 432 1583 est,
463 1533 513 1575 ad
534 1535 709 1575 mortem
739 1534 887 1576 ducens
908 1533 977 1575 uia
999 1534 1040 1575 et
1060 1534 1348 1577 ineuitabilem
1374 1534 1494 1576 rebus
1516 1533 1702 1576 adferens
1733 1533 1850 1575 func-

262 1606 286 1640 f.
299 1608 342 1640 41
358 1602 514 1644 tionem
547 1617 587 1647 *t
639 1615 762 1657 quam
807 1603 842 1645 si
872 1602 1057 1644 sentiunt
1102 1604 1260 1646 animae
1295 1602 1300 1657 Ι
1336 1605 1376 1646 et
1420 1603 1552 1646 tactui
1598 1603 1684 1645 eius
1729 1603 1851 1656 atque

355 1670 658 1715 incursionibus
680 1673 839 1723 cedunt,
873 1684 949 1713 usu
971 1677 1010 1714 et
1030 1672 1114 1714 illis
1136 1673 1198 1715 est
1217 1673 1318 1724 uita,
1341 1686 1421 1715 non
1449 1672 1650 1725 mancipio
1682 1672 1848 1723 tradita,
1863 1687 1899 1714 20

355 1741 543 1794 quamuis
588 1741 709 1783 aliter
758 1741 927 1795 quidam
972 1741 1152 1783 inferant
1192 1743 1232 1784 et
1262 1742 1319 1783 rei
1360 1742 1498 1784 tantae
1538 1741 1661 1783 fidem
1692 1740 1776 1782 suis
1807 1741 1850 1782 in

289 1808 340 1848 28
355 1810 780 1865 argumentationibus
819 1810 984 1864 ponant.
1032 1823 1078 1852 ac
1107 1822 1156 1852 ne
1186 1813 1327 1853 tamen
1357 1810 1551 1852 instructi
1582 1823 1660 1852 non
1690 1810 1849 1865 plenius

355 1878 548 1921 abeamus
578 1892 656 1921 neu
689 1879 895 1921 rideamur
924 1892 948 1921 a
977 1880 1105 1931 uobis,
1140 1880 1484 1934 quemadmodum
1516 1879 1654 1921 dicitis
1679 1879 1848 1930 animas,

355 1960 449 1989 cum
494 1948 666 1990 terrenis
712 1948 866 1990 fuerint
896 1948 1128 2002 corporibus
1159 1948 1390 1999 inuolutae,
1437 1948 1619 2002 priorum
1660 1947 1848 1990 reminis-

354 2018 530 2060 centiam
560 2029 639 2059 non
670 2017 836 2069 habere,
869 2030 963 2060 cum
993 2017 1035 2060 in
1065 2018 1166 2072 ipsis
1198 2018 1431 2072 corporibus
1462 2017 1619 2072 positae
1651 2017 1691 2059 et
1726 2027 1848 2070 prope
1862 2034 1894 2060 25

353 2086 611 2128 insensibiles
643 2098 783 2129 eorum
814 2086 1103 2129 commixtione
1142 2086 1345 2140 perfectae
1383 2086 1648 2140 pertinaciter
1679 2086 1720 2127 et
1748 2085 1849 2126 fide-

352 2155 448 2197 liter
487 2156 652 2197 teneant
689 2168 735 2198 ea
775 2168 878 2209 quae
918 2156 1012 2197 ante
1051 2168 1174 2198 annos
1213 2156 1375 2210 plures,
1418 2155 1453 2196 si
1484 2155 1589 2197 uelis
1621 2154 1752 2196 dicere
1782 2153 1848 2196 uel

395 2359 417 2393 2
452 2358 572 2403 pribat
608 2360 644 2394 P
672 2369 755 2395 corr
936 2359 1207 2395 immortalitate
1240 2360 1335 2395 Sab:
1374 2359 1685 2394 immortalitatem
1721 2360 1757 2394 P

351 2416 374 2450 4
397 2417 439 2450 ut
465 2416 557 2451 Sab:
583 2418 619 2452 et
644 2417 680 2451 P
816 2417 835 2451 7
861 2417 1092 2452 denuntiatur
1110 2416 1203 2452 Sab:
1229 2417 1421 2452 denuntiat
1437 2417 1472 2451 P
1610 2417 1631 2450 9
1655 2415 1845 2450 oblibionis

351 2472 387 2507 P
407 2482 486 2507 corr
670 2474 713 2508 13
745 2474 941 2509 arbitamur
966 2475 1002 2509 P
1185 2474 1229 2509 15
1260 2475 1395 2519 aliquid
1432 2474 1517 2509 Gel:
1554 2472 1698 2517 aliquod
1723 2473 1758 2507 P

352 2529 396 2563 18
419 2529 684 2565 inaeuitabilem
710 2532 747 2566 P
918 2531 960 2566 19
985 2532 1154 2566 lacunam
1177 2532 1341 2577 siqnaui:
1366 2531 1551 2566 intercidit
1575 2530 1765 2564 necessitas
1789 2529 1848 2564 uel

350 2586 465 2621 simile
481 2588 633 2622 uerbum
748 2589 862 2623 anime
879 2589 915 2623 P
1033 2589 1077 2623 20
1093 2588 1244 2624 caedunt
1261 2589 1296 2623 P
1409 2588 1485 2623 illis
1506 2588 1592 2623 θεῖε
1609 2587 1706 2621 illius
1725 2587 1761 2622 P

350 2643 395 2678 23
417 2654 460 2678 ne
485 2646 566 2687 (neu
589 2645 732 2689 scripsi)
764 2645 942 2680 rideamur
967 2646 1175 2681 Meursius:
1212 2657 1255 2680 ne
1280 2646 1460 2680 uideamus
1486 2646 1521 2680 P
1543 2655 1586 2679 ne
1612 2647 1693 2687 (neu
1716 2643 1847 2678 Hilde-

351 2700 540 2746 brandius)
565 2702 747 2737 uideamur
772 2702 844 2738 Sab
870 2703 1058 2738 audiamus
1089 2703 1154 2738 G'el
1178 2702 1300 2738 audire
1324 2713 1468 2738 auemus
1501 2702 1569 2737 Urs
1593 2702 1681 2736 scire
1705 2711 1848 2735 auemus

351 2756 451 2792 Salm
473 2758 656 2793 uideamus
680 2770 723 2794 ne
747 2759 929 2795 audiamus
954 2760 1225 2795 Klussmannus
1361 2759 1406 2794 24
1429 2758 1726 2793 reminiscentiam
1754 2757 1849 2792 Sab:

350 2813 508 2848 reminiis
525 2807 703 2850 sententia
720 2817 756 2851 P
892 2817 936 2852 26
953 2817 1093 2852 effectae
1117 2817 1186 2852 Urs
1321 2816 1474 2851 fideliter
1496 2815 1586 2851 Sab:
1612 2815 1709 2850 fideli
1723 2815 1759 2849 P

350 2870 392 2905 27
418 2881 479 2905 aea
503 2872 539 2905 P
554 2882 633 2906 corr
