2032 3248
799 226 927 261 Liber
956 227 1015 261 vi.
1568 228 1647 270 231

164 342 242 384 toti
282 355 332 384 an
371 342 575 394 partiliter
613 344 735 394 atque
766 342 807 382 in
839 343 1023 383 membra
1063 342 1213 383 diuisi?
1260 342 1343 383 iam
1383 354 1510 394 neque
1547 354 1650 383 unus

166 412 263 452 deus
295 411 337 451 in
370 410 630 463 conpluribus
671 410 776 463 potis
815 413 876 451 est
914 423 992 451 uno
1034 411 1212 463 tempore
1254 411 1381 452 inesse
1422 410 1650 452 simulacris

163 492 291 532 neque
321 491 461 520 rursus
494 479 534 519 in
567 480 702 531 partes
734 479 910 520 sectione
938 479 1229 520 interueniente
1252 479 1420 520 diuisus.
1453 479 1650 520 constitu—

164 561 281 589 amus
313 547 420 588 enim
452 547 590 587 decem
622 547 736 587 milia
767 547 1078 587 simulacrorum
1116 549 1202 588 toto
1234 560 1318 588 esse
1350 548 1390 587 in
1422 546 1515 587 orbe
1547 546 1650 587 Vul-

136 616 273 658 scani:
321 616 519 668 numquid
553 628 637 656 esse
668 617 714 656 ut
754 616 836 656 dixi
875 615 1011 656 decem
1043 616 1229 656 omnibus
1260 617 1301 657 in
1332 616 1514 656 millibus
1546 615 1651 667 potis

166 686 227 726 est
258 698 361 725 unus
392 697 471 725 uno
503 684 543 724 in
575 686 783 735 tempore?
828 695 905 724 non
939 684 1088 736 opinor.
1137 697 1216 736 qua
1246 687 1395 725 causa?
1426 684 1521 736 quia.
1551 694 1651 735 quae

166 755 261 795 sunt
306 753 421 805 priua
467 752 770 805 singulariaque
817 754 961 793 natura
1007 753 1139 793 multa
1184 752 1268 792 fieri
1310 754 1510 804 nequeunt
1551 751 1650 792 sim-

165 821 365 875 plicitatis
397 832 492 861 suae
525 820 761 872 integritate
793 822 966 868 seruata,
1000 822 1039 860 et
1070 820 1143 860 hoc
1173 820 1350 873 amplius
1373 820 1587 872 nequeunt,
1618 819 1651 859 si

165 889 379 929 hominum
411 889 559 929 formas
591 888 647 929 dii
679 888 839 937 habent,
873 889 1052 940 opinatio
1080 891 1125 929 ut
1147 890 1281 930 uestra
1302 889 1493 930 declarat.
1526 900 1653 940 neque

123 973 153 997 ιο
168 958 276 999 6111111
307 969 450 998 manus
483 970 505 998 a
537 957 669 1008 capite
701 960 887 1008 separata
919 959 990 998 aut
1021 969 1088 1009 pes
1119 957 1274 997 diuisus
1308 970 1330 998 a
1359 969 1520 1010 corpore
1542 969 1653 997 sum-

167 1039 277 1067 mam
309 1027 479 1078 possunt
511 1026 713 1078 praestare
737 1025 875 1074 totius,
908 1026 978 1066 aut
1001 1024 1216 1066 dicendum
1238 1026 1298 1066 est
1319 1026 1524 1078 portiones
1546 1025 1653 1066 idem

166 1106 282 1148 posse
300 1094 405 1146 quod
423 1095 569 1143 totum,
593 1106 685 1134 cum
709 1096 841 1134 totum
863 1094 1083 1134 consistere
1105 1096 1288 1146 nequeat,
1315 1094 1392 1134 nisi
1417 1093 1541 1134 fuerit
1559 1106 1651 1146 par-

168 1163 274 1204 tium
292 1162 600 1215 congregatione
618 1161 848 1202 conflatum.
872 1162 905 1202 si
922 1163 1057 1202 autem
1074 1162 1115 1202 in
1133 1162 1288 1203 cunctis
1307 1162 1415 1203 idem
1437 1174 1522 1203 esse
1546 1161 1653 1202 dice—

169 1232 249 1281 tur,
280 1231 388 1284 perit
420 1230 550 1271 omnis
583 1230 683 1271 ratio
715 1231 834 1282 atque
870 1231 1084 1284 integritas
1124 1231 1327 1280 ueritatiS,
1363 1230 1396 1271 si
1426 1230 1500 1271 hoc
1531 1230 1653 1271 fuerit

127 1318 156 1341 15
169 1301 394 1351 sumptum,
426 1310 542 1351 posse
564 1312 691 1339 unum
714 1298 755 1339 in
786 1299 974 1339 omnibus
997 1311 1074 1339 uno
1097 1300 1277 1351 tempore
1299 1311 1550 1351 permanere:
1585 1301 1654 1338 aut

175 1367 180 1423 Ι
217 1368 382 1409 deorum
423 1370 485 1408 est
525 1367 800 1419 unusquisque
842 1366 1033 1407 dicendus
1072 1367 1129 1408 ita
1159 1368 1293 1419 ipsum
1325 1368 1454 1408 semet
1486 1366 1535 1408 ab
1568 1367 1768 1420 1115011131

171 1448 257 1478 sese
297 1436 500 1485 diuidere,
544 1439 588 1476 ut
621 1438 660 1476 et
690 1436 776 1488 ipse
808 1435 862 1475 sit
892 1437 932 1475 et
963 1435 1088 1484 alter,
1130 1448 1206 1476 non
1248 1435 1384 1487 aliquo
1425 1435 1657 1476 discrimine

172 1505 379 1557 separatus
421 1504 489 1545 sed
530 1504 614 1556 ipse
654 1504 762 1545 idem
801 1505 840 1544 et
878 1503 997 1544 alius.
1045 1504 1149 1556 quod
1191 1504 1379 1556 quoniam
1420 1506 1579 1544 recusat
1618 1506 1657 1544 et

173 1575 329 1626 respuit
359 1574 678 1625 aspernaturque
708 1574 866 1621 natura,
900 1574 970 1613 aut
992 1572 1223 1613 innumeros
1245 1572 1460 1613 dicendum
1483 1573 1544 1612 est
1565 1583 1658 1612 con-

127 1657 159 1682 20
173 1641 452 1694 fitendumque
483 1654 569 1682 esse
605 1641 814 1689 Vulcanos,
848 1640 882 1681 si
914 1641 956 1680 111
988 1641 1142 1681 cunctis
1176 1641 1363 1681 uolumus
1395 1653 1487 1681 eum
1518 1641 1658 1692 degere

174 1711 294 1762 atque
336 1710 466 1750 inesse
507 1709 755 1758 simulacris,
799 1710 871 1749 aut
902 1709 979 1750 erit
1010 1709 1051 1748 111
1082 1709 1216 1757 1111110,
1261 1708 1356 1760 quia
1387 1720 1473 1749 esse
1504 1707 1658 1747 diuisus

173 1780 320 1819 natura
362 1779 598 1830 prohibetur
630 1777 671 1817 111
704 1777 905 1830 plurimis.
954 1778 993 1817 et
1025 1779 1179 1825 tamen,
1223 1789 1244 1817 o
1276 1776 1365 1826 isti,
1408 1776 1442 1816 si
1474 1778 1658 1828 apertum
1676 1783 1726 1820 20

173 1847 290 1887 uobis
323 1850 361 1887 et
394 1846 596 1898 liquidum
619 1847 691 1895 est,
725 1845 765 1885 in
789 1846 997 1897 signorum
1020 1845 1243 1885 uisceribus
1266 1845 1359 1885 deos
1382 1844 1517 1884 uiuere
1540 1846 1659 1895 atque

174 1915 358 1955 habitare
380 1915 558 1966 caelites,
583 1926 654 1954 cur
675 1926 739 1954 605
762 1915 835 1954 sub
858 1913 1126 1953 ualidissimis
1143 1913 1327 1953 clauibus
1351 1912 1661 1965 ingentibusque

129 2000 160 2024 25
175 1984 249 2024 sub
282 1983 483 2032 claustris,
517 1983 591 2023 sub
624 1981 844 2035 repagulis,
878 1982 1049 2034 pessulis
1081 1981 1251 2032 aliisque
1282 1980 1513 2021 huiusmodi
1545 1979 1661 2020 rebus

176 2052 409 2101 custoditis,
454 2051 701 2092 conseruatis
734 2054 854 2101 atque
886 2050 1046 2090 habetis
1080 2050 1274 2097 inclusos,
1312 2061 1356 2089 ac
1386 2061 1434 2088 116
1466 2048 1569 2088 forte
1599 2048 1662 2088 fur

177 2120 325 2172 aliquis
358 2121 429 2160 ant
469 2121 688 2160 nocturnus
729 2119 886 2170 inrepat
928 2118 1049 2166 latre,
1095 2118 1268 2158 aedituis
1305 2116 1419 2156 mille
1450 2116 1662 2168 protegitis

177 2190 299 2240 atque
343 2187 645 2229 excubitoribus
687 2187 832 2227 mille?
878 2198 946 2226 cur
989 2198 1104 2226 canes
1143 2186 1182 2225 in
1215 2184 1426 2236 Capitoliis
1467 2184 1663 2235 pascitis?

177 2268 247 2297 cur
287 2257 498 2297 anseribus
541 2256 696 2296 uictum
738 2255 1053 2305 alimoniamque
1096 2253 1327 2305 praebetis?
1373 2252 1599 2303 quinimmo
1630 2252 1662 2292 51

134 2340 163 2364 30
178 2324 305 2365 fiditis
337 2327 428 2365 deos
462 2325 553 2364 15116
586 2336 671 2364 6556
704 2336 773 2363 1166
805 2323 853 2363 ab
886 2323 1014 2375 signis
1047 2322 1206 2374 uspiam
1244 2320 1551 2371 simulacrisque
1582 2320 1662 2361 dis-

181 2393 338 2443 cedere,
372 2393 601 2445 permittite
634 2391 716 2432 illis
750 2404 886 2431 curam
918 2390 1002 2438 sui,
1036 2391 1212 2430 reserata
1244 2389 1325 2429 sint
1357 2400 1514 2441 semper
1545 2389 1665 2440 atque

228 2542 243 2574 1
274 2540 343 2572 iam
369 2539 517 2582 scripsi.-
544 2549 625 2571 nam
652 2538 686 2570 P
840 2537 862 2570 ἴ)
887 2536 1052 2579 numquit
1082 2536 1111 2568 P
1134 2545 1213 2569 cerr
1374 2533 1517 2567 milibus
1544 2534 1577 2567 P

181 2597 199 2630 7
226 2598 324 2640 priua
347 2596 435 2630 Urs:
462 2596 600 2639 priuata
618 2595 652 2627 Ι)
776 2595 798 2626 ὃ
823 2594 852 2626 51
877 2605 952 2636 sup.
982 2603 1067 2626 Mers.
1088 2593 1120 2624 Ρ
1250 2592 1289 2624 12
1315 2591 1429 2623 totum
1449 2590 1578 2623 addidi

182 2653 224 2686 14
249 2654 408 2686 ueritatis
440 2652 527 2686 Urs:
555 2651 697 2684 ueritati
723 2651 756 2684 P
896 2651 936 2683 16
963 2649 1036 2692 ipso
1064 2660 1133 2682 sese
1159 2647 1343 2681 Mem-sius
1367 2651 1546 2690 tamquam
1570 2657 1586 2680 6
1611 2657 1666 2680 co-

183 2720 278 2755 dice:
304 2721 395 2764 ipsos
421 2711 459 2754 ee
476 2720 509 2753 P
533 2720 606 2761 ipso
631 2710 666 2752 66
686 2729 703 2751 r
728 2719 800 2762 ipso
826 2729 860 2751 56
886 2718 957 2761 ipsc
977 2717 1046 2752 Sub
1177 2717 1218 2749 27
1246 2715 1363 2749 millae
1382 2716 1416 2749 P
1535 2715 1579 2747 29
1604 2714 1666 2747 ali-

183 2778 403 2820 moniamque
432 2777 518 2817 Sab,
545 2786 581 2808 r:
616 2775 849 2818 alirnoniaque
876 2775 909 2808 P
1092 2773 1240 2816 prcbetis
1268 2773 1300 2804 P
1479 2772 1523 2805 30
1548 2770 1607 2804 isti
1634 2770 1667 2803 1³

186 2844 266 2867 corr
291 2845 308 2868 6
444 2834 487 2866 31
514 2834 644 2866 reserat
670 2832 703 2865 P
728 2841 805 2866 corr
830 2842 846 2865 6
