2032 3248
417 263 470 304 22
818 259 1010 295 Arnobii
1043 260 1255 295 aduersus
1287 260 1496 296 nationes

414 376 599 427 insitum,
632 388 716 417 esse
748 387 885 430 regem
916 388 962 417 ac
992 375 1203 417 dominum
1236 376 1472 419 cunctorum
1503 388 1777 430 quaecumque
1808 378 1902 418 sunt

413 445 740 487 moderatorem?
789 443 878 497 ipsa
915 444 1087 498 denique
1125 443 1279 486 hiscere
1317 444 1350 486 si
1382 444 1607 487 animantia
1646 446 1763 487 muta
1793 445 1900 498 potis

413 515 566 566 essent,
608 514 643 555 si
673 514 714 556 in
745 513 980 568 linguarum
1010 514 1243 556 nostrarum
1275 512 1520 555 facilitatem
1552 514 1674 565 solui,
1707 514 1834 555 immo
1866 514 1900 556 si

411 584 571 625 arbores
601 582 768 638 glaebae
799 594 893 624 saxa
922 595 1042 624 sensu
1073 582 1255 624 animata
1293 583 1413 625 uitali
1450 583 1560 626 uocis
1597 584 1777 626 sonitum
1809 583 1899 637 qui-

410 653 501 694 rent
531 653 572 694 et
602 651 817 694 uerborum
855 652 1045 694 articulos
1084 652 1304 707 integrare,
1346 652 1406 694 ita
1442 665 1519 694 non
1551 653 1652 695 duce
1682 654 1828 695 natura
1859 654 1899 694 et
1932 669 1945 693 5

411 721 620 776 magistra,
652 733 731 762 non
761 720 1016 774 incorruptae
1047 720 1324 774 simplicitatis
1346 721 1423 763 fide
1445 722 1485 763 et
1506 721 1793 777 intellegerent
1814 734 1899 764 esse

345 790 397 831 34
413 793 532 833 deum
577 791 618 832 et
664 790 901 832 cunctorum
946 789 1157 832 dominum
1207 791 1338 831 solum
1388 802 1473 832 esse
1523 791 1774 833 clamarent?
1825 792 1899 841 sed

410 859 579 911 frustra,
610 859 766 913 inquit,
803 870 875 900 nos
905 858 1008 900 falso
1040 860 1080 900 et
1111 859 1360 902 calumnioso
1398 860 1601 903 incessitis
1633 860 1673 902 et
1704 860 1898 914 adpetitis

410 929 598 980 crimine,
631 929 842 981 tamquam
874 939 1013 969 eamus
1044 927 1200 970 infitias
1233 940 1317 970 esse
1348 929 1468 970 deum
1500 929 1717 981 maiorem,
1751 941 1844 970 cum
1875 942 1898 971 a

409 997 525 1040 nobis
558 998 597 1039 et
627 997 813 1051 Iuppiter
850 997 1082 1039 nominetur
1113 998 1154 1039 et
1184 997 1362 1051 optimus
1398 998 1595 1040 habeatur
1625 1000 1666 1040 et
1696 998 1898 1041 maximus
1914 1015 1946 1040 ιο

409 1079 582 1121 cumque
619 1066 684 1109 illi
726 1066 1039 1122 augustissimas
1084 1067 1198 1109 sedes
1241 1070 1279 1110 et
1321 1067 1526 1122 Capitolia
1566 1067 1898 1110 constituerimus

407 1136 614 1178 immania.
666 1135 886 1178 dissimilia
924 1136 1112 1190 copulare
1151 1137 1273 1191 atque
1311 1137 1352 1179 in
1391 1149 1512 1179 unam
1551 1137 1727 1191 speciem
1758 1149 1899 1192 cogere

408 1206 574 1248 inducta
605 1205 836 1248 confusione
868 1206 1082 1249 conamini.
1133 1219 1229 1248 nam
1260 1206 1357 1248 deus
1379 1205 1634 1261 omnipotens
1662 1206 1800 1248 mente
1819 1219 1899 1248 una

408 1275 588 1317 omnium
621 1275 660 1317 et
691 1276 898 1318 communi
928 1275 1196 1318 mortalitatis
1228 1276 1399 1318 adsensu
1421 1288 1548 1329 neque
1576 1275 1738 1330 genitus
1772 1276 1898 1317 scitur

405 1356 533 1397 neque
564 1356 712 1387 nouam
743 1345 785 1386 in
815 1344 949 1387 lucem
981 1345 1199 1399 aliquando
1237 1357 1322 1388 esse
1361 1345 1544 1399 prolatus
1582 1357 1654 1386 nec
1686 1357 1731 1386 ex
1762 1345 1897 1397 aliquo
1911 1361 1943 1385 15

406 1413 599 1467 temporis
629 1415 779 1468 puncto
811 1413 987 1467 coepisse
1018 1426 1104 1456 esse
1134 1414 1200 1456 uel
1232 1415 1404 1457 saeculo.
1456 1414 1541 1467 ipse
1577 1414 1639 1455 est
1669 1414 1777 1455 enim
1809 1413 1897 1455 fons

404 1495 554 1534 rerum,
587 1483 696 1524 sator
727 1483 980 1524 saeculorum
1011 1495 1056 1525 ac
1091 1484 1332 1536 temporum.
1383 1495 1462 1525 non
1498 1483 1606 1525 enim
1636 1482 1725 1536 ipsa
1754 1495 1825 1535 per
1856 1494 1896 1524 se

406 1552 500 1593 sunt
531 1551 600 1593 sed
631 1564 676 1594 ex
708 1552 793 1594 eius
823 1552 1095 1605 perpetuitate
1125 1556 1318 1606 perpetua
1349 1553 1389 1594 et
1424 1551 1584 1593 infinita
1613 1563 1771 1605 semper
1802 1562 1894 1592 con-

404 1620 632 1663 tinuatione
652 1620 884 1675 procedunt.
937 1622 980 1663 at
1010 1633 1103 1663 uero
1125 1621 1309 1676 Iuppiter
1339 1622 1384 1663 ut
1420 1633 1491 1662 uos
1527 1620 1643 1663 fertis
1676 1620 1716 1661 et
1736 1619 1894 1673 patrem

403 1688 527 1731 habet
565 1690 604 1731 et
641 1691 835 1742 matrem,
877 1702 973 1733 auos
1024 1691 1137 1732 auias
1178 1690 1344 1742 fratres,
1386 1702 1492 1732 nunc
1529 1702 1657 1744 nuper
1698 1689 1741 1729 in
1780 1689 1894 1730 utero
1908 1705 1942 1730 20

402 1758 548 1800 matris
592 1771 687 1800 suae
732 1758 950 1810 formatus,
998 1759 1207 1803 absolutus
1227 1773 1230 1775 ’
1252 1759 1459 1801 mensibus
1506 1759 1547 1800 et
1592 1757 1893 1800 consummatus

403 1827 552 1869 dicitur
581 1829 717 1870 decem
748 1829 929 1883 ignotam
961 1828 1038 1870 sibi
1069 1829 1112 1869 in
1134 1828 1267 1870 lucem
1288 1840 1406 1870 sensu
1426 1827 1600 1869 inruisse
1622 1826 1753 1868 uitali.
1786 1838 1891 1880 ergo,

402 1897 436 1937 si
467 1896 564 1939 haec
603 1897 662 1938 ita
700 1897 815 1948 sunt,
863 1897 1048 1952 Iuppiter
1085 1910 1171 1939 esse
1209 1898 1306 1939 deus
1346 1896 1415 1950 qui
1449 1896 1602 1950 potest,
1650 1907 1742 1936 cum
1772 1895 1892 1936 illum

290 1969 389 2003 1:12¹>
403 1976 488 2007 esse
525 1966 767 2019 perpetuum
806 1967 963 2008 constet
993 1966 1035 2008 et
1071 1966 1333 2019 perhibeatur
1363 1965 1467 2007 alter
1497 1977 1520 2006 a
1550 1964 1664 2008 uobis
1700 1963 1704 2018 Ι
1740 1968 1778 2005 et
1808 1963 1892 2005 dies

400 2033 588 2076 habuisse
617 2034 772 2077 natales
803 2036 844 2077 et
872 2034 1111 2089 pauefactus
1141 2046 1183 2076 re
1213 2046 1317 2076 noua
1354 2033 1662 2076 lamentabilem
1700 2032 1893 2074 extulisse
1906 2045 1940 2070 25

336 2103 387 2143 35
403 2103 623 2157 uagitum?
662 2105 728 2146 sed
760 2104 854 2154 sint,
886 2103 933 2145 ut
963 2103 1109 2154 uultiS,
1141 2116 1268 2145 unum
1298 2116 1370 2145 nec
1400 2103 1442 2144 in
1474 2102 1610 2155 aliqua
1639 2102 1681 2143 ui
1713 2101 1892 2142 numinis

403 2173 444 2213 et
473 2172 689 2214 maiestate
724 2172 943 2214 distantes:
992 2172 1133 2225 ecquid
1173 2185 1266 2227 ergo
1304 2171 1468 2213 iniustis
1499 2170 1791 2225 persequimini
1821 2182 1892 2211 nos

401 2240 531 2282 odiis?
562 2241 659 2294 quid
689 2242 735 2282 ut
765 2241 911 2284 ominis
943 2241 1109 2295 pessimi
1132 2241 1261 2283 nostri
1281 2239 1457 2282 nominis
1478 2239 1755 2282 inhorrescitis
1776 2250 1889 2280 men-

398 2308 563 2361 tionem,
595 2310 629 2351 si
660 2322 780 2363 quem
810 2312 931 2352 deum
961 2310 1108 2361 colitis,
1141 2322 1233 2351 eum
1264 2311 1304 2351 et
1325 2311 1426 2351 nos?
1457 2309 1529 2350 aut
1559 2308 1655 2361 quid
1686 2308 1727 2349 in
1751 2307 1889 2348 eadem

401 2390 520 2420 causa
556 2379 671 2421 uobis
710 2391 794 2421 esse
833 2379 1079 2422 contenditis
1121 2377 1344 2421 familiares
1384 2378 1497 2428 deos,
1544 2377 1728 2419 inimicos
1768 2377 1890 2429 atque
1904 2392 1938 2416 30

445 2547 466 2581 2
489 2547 621 2582 hiscere
647 2547 740 2583 Sab:
775 2549 906 2583 inscere
931 2549 963 2580 P
1110 2550 1209 2583 muta
1234 2549 1269 2583 P
1405 2548 1497 2592 potis
1533 2549 1648 2581 essent
1675 2546 1794 2581 Salm:
1830 2556 1888 2590 po·

399 2604 552 2638 tuissent
578 2605 611 2639 P
636 2607 776 2649 possent
807 2605 876 2640 Urs
1047 2606 1068 2640 4
1094 2606 1238 2650 glaeuae
1264 2606 1299 2640 P
1322 2616 1402 2640 corr
1426 2615 1446 2639 r
1606 2605 1627 2636 5
1651 2604 1737 2645 duce
1764 2604 1799 2638 P

400 2660 444 2695 13
467 2660 607 2696 indocta
639 2661 708 2696 Urs
846 2662 888 2696 16
906 2664 1061 2707 tempore
1079 2662 1151 2697 Sab
1291 2665 1419 2707 puncto
1437 2661 1567 2696 addidi
1706 2661 1747 2695 17
1763 2670 1888 2695 saecu-

399 2717 511 2751 lorum
546 2718 581 2752 P
734 2719 775 2753 19
802 2719 952 2764 iuppiter
986 2719 1022 2753 P
1173 2720 1217 2754 22
1252 2719 1381 2754 dicitur
1416 2718 1490 2753 add
1526 2718 1798 2752 massmannus

400 2784 538 2809 sensum
556 2775 592 2810 P
607 2785 687 2810 corr
816 2776 923 2810 irruit
940 2786 975 2810 se
999 2776 1068 2810 Urs
1198 2776 1241 2810 24
1266 2778 1401 2811 constet
1425 2777 1460 2809 et
1486 2774 1577 2809 Sab:
1603 2776 1739 2809 constet
1764 2774 1798 2808 P

398 2831 442 2865 26
466 2832 519 2865 ui*
538 2831 574 2865 P
697 2832 740 2866 27
765 2832 969 2867 maiestate*
989 2833 1023 2867 P
1153 2833 1273 2877 ecquid
1299 2832 1394 2868 Sab:
1419 2834 1453 2866 et
1477 2832 1560 2876 quid
1582 2832 1616 2866 P
1742 2831 1786 2865 28
1802 2831 1887 2865 omi-

398 2888 454 2922 nis
483 2886 568 2923 Gel:
600 2888 758 2923 homines
783 2889 818 2923 P
954 2891 1129 2924 mentione
1156 2889 1227 2924 Sab
