2032 3248
347 257 430 301 328

346 374 526 418 integrare
550 371 733 415 religionis
758 370 833 405 uim
858 371 995 415 plenam
1024 371 1100 415 136,

395 431 435 465 11
477 428 586 464 uerba
621 428 802 473 integrare
839 428 896 472 (de
927 430 1100 473 psittaco)

395 488 450 531 69,
467 488 488 522 9
528 486 623 521 uocis
660 486 817 520 sonitum
842 487 877 520 et
913 486 1101 521 uerborum

394 545 566 580 articulos
589 544 644 587 22,
663 544 684 579 5

353 603 558 637 intellectus
583 603 641 645 (=
665 602 778 646 notio)
804 601 859 636 dei
876 601 931 644 91,
948 601 971 635 4
994 601 1101 636 intel·

393 661 526 695 lectum
551 658 708 694 subicere
739 659 937 694 honestatis
962 659 1039 703 210,
1057 660 1102 695 25

351 728 573 752 communem
604 716 648 752 ad
672 717 958 762 intellegentiam
983 717 1101 762 publi-

396 776 517 810 catum
540 774 620 818 206,
639 774 678 808 11
721 774 759 809 in
794 785 848 808 res
883 775 971 809 alias
996 776 1103 820 atque

393 832 658 877 intellegentias
683 842 805 867 uocare
829 832 908 874 205,
927 833 970 868 16

351 890 516 935 intellegi
558 889 752 924 subditiuis
792 890 934 924 secretis
974 890 1052 934 203,
1082 891 1103 925 5

393 947 593 991 allegoricis
614 946 775 982 sensibus
802 947 966 992 intellegi
989 948 1104 990 203,4

348 1005 506 1040 intendit
546 1006 703 1040 animum
742 1005 918 1048 inquirere
960 1005 1035 1048 195,
1059 1005 1104 1040 29

395 1064 531 1098 aculeos
553 1062 738 1097 intendere
759 1063 892 1097 irarum
917 1063 1024 1107 atque
1049 1062 1104 1097 in-

395 1120 646 1165 dignationum
664 1120 717 1163 17,
734 1121 757 1155 4
782 1119 965 1155 intendere
981 1121 1019 1154 in
1037 1131 1102 1155 nos

395 1179 468 1213 iras
507 1178 560 1220 16,
593 1178 635 1212 17
674 1177 857 1212 intendere
887 1193 930 1208 =
962 1178 1103 1213 obicere
1130 1190 1132 1192 ’

397 1235 473 1276 135,
490 1236 547 1271 22.
590 1235 666 1276 169,
686 1235 728 1270 18
767 1235 870 1270 nobis
911 1235 1103 1270 intenditis

396 1293 616 1328 auersionem
664 1303 685 1327 a
726 1288 897 1337 religione
944 1293 1104 1337 priorum

398 1350 473 1394 102,
485 1351 504 1385 7
525 1351 664 1385 ratione
678 1350 778 1385 istud
792 1350 992 1385 intenditur
1004 1351 1104 1385 nulla

397 1408 473 1452 101,
490 1408 536 1442 24

349 1465 535 1500 concedam
559 1465 597 1499 id
621 1464 715 1509 quod
739 1464 843 1500 nobis
874 1466 1025 1501 obicitur
1051 1466 1104 1500 in-

395 1523 568 1558 tentionis
595 1533 667 1557 esse
690 1533 760 1557 non
785 1522 894 1557 falsae
921 1523 995 1565 103,
1014 1523 1058 1558 20

350 1582 408 1615 uel
425 1580 544 1626 exigui
561 1581 732 1625 temporis
748 1580 1010 1625 intercapedine
1030 1581 1104 1624 181,

395 1638 439 1672 27

352 1695 518 1740 intercipi
543 1695 582 1729 in
606 1696 729 1740 magni
753 1695 904 1740 corporis
929 1696 1103 1730 uastitate

397 1753 453 1796 87,
472 1752 515 1787 10

351 1809 468 1844 minae
505 1811 612 1855 atque
646 1809 840 1845 interdicta
870 1810 1104 1845 formidinum

396 1867 451 1910 51,
468 1868 490 1902 2

351 1924 532 1959 interdum
557 1940 600 1955 =
625 1925 770 1960 interim
795 1926 850 1968 24,
867 1926 911 1960 29

351 1981 546 2016 interibilis
572 1982 626 2024 74,
643 1983 665 2017 8

353 2039 602 2074 interiectione
615 2039 858 2074 anniuersaria
871 2041 1011 2075 ieiunus
1025 2041 1103 2084 266,

399 2097 420 2131 6
461 2096 580 2141 exigui
611 2097 741 2131 limitis
766 2097 1012 2133 interiectione
1034 2099 1105 2133 dis-

399 2157 495 2189 creta.
518 2154 597 2197 262,
617 2154 658 2188 17

352 2211 581 2246 interioribus
617 2211 737 2246 uidere
773 2214 809 2246 et
839 2223 1008 2257 cognosse
1040 2213 1106 2247 ali-

398 2268 491 2314 quid'
511 2269 649 2303 artibus
677 2268 753 2312 150,
768 2269 814 2304 26
838 2269 931 2314 apud
954 2280 1017 2304 uos
1034 2270 1106 2315 ipsi

398 2325 568 2361 interiore
591 2325 723 2361 iudicio
749 2326 849 2361 scitis
866 2326 944 2370 264,
961 2327 984 2361 4
1007 2329 1107 2362 motu

399 2382 568 2416 interiore
592 2383 735 2427 priuata
759 2384 838 2427 235,
858 2384 875 2418 1
917 2384 1105 2419 interiores

400 2439 581 2484 potentiae
597 2440 652 2482 28,
673 2439 715 2474 10
738 2440 917 2475 interioris
935 2441 1106 2476 scientiae

399 2497 504 2531 laude
523 2497 598 2539 131,
610 2497 634 2531 4
657 2497 825 2532 interiore
838 2498 992 2533 ueritate
1009 2509 1107 2543 oper-

399 2555 439 2588 ta
462 2553 540 2596 204,
561 2553 603 2587 10
642 2553 771 2588 nothae
795 2556 902 2599 atque
927 2555 1107 2590 adulterae

399 2611 569 2645 lectiones
594 2611 755 2645 interiori
782 2612 1021 2656 superpositae
1046 2624 1106 2647 ue-

401 2668 505 2702 ritati
530 2667 608 2710 206,
627 2668 669 2702 18
709 2667 874 2703 abstrusa
898 2671 933 2703 et
957 2670 1107 2705 interior

400 2725 490 2758 ratio
514 2724 592 2766 252,
610 2724 655 2758 22

355 2781 577 2815 interitionis
601 2781 789 2816 dissolutio
814 2783 869 2826 42,
891 2784 931 2818 18

355 2838 524 2873 interitus
548 2838 670 2882 legum
694 2839 772 2882 273,
794 2840 835 2875 15

359 2894 599 2930 interstinctio
624 2895 766 2930 uariata
791 2897 868 2939 216,
889 2897 930 2930 19

1064 256 1199 291 Index

1166 371 1337 406 interesse
1350 371 1452 406 rebus
1470 372 1675 407 mortalium
1691 388 1734 403 =
1751 374 1917 409 humana

1212 439 1344 464 curare
1360 429 1414 472 93,
1430 430 1451 463 2
1475 429 1568 464 nihil
1582 430 1727 466 intersit
1745 430 1917 475 obsequii,

1214 487 1313 521 cuius
1337 487 1415 531 254,
1435 487 1477 522 12

1165 543 1426 579 interueniente
1458 544 1613 579 sectione
1639 544 1776 579 diuisus
1800 546 1879 589 231,
1897 546 1919 580 3

1167 601 1361 636 intestinus
1379 617 1422 632 z
1434 603 1612 647 proprius
1639 603 1691 646 14,
1711 603 1764 637 14.
1783 603 1838 639 20.
1863 603 1919 646 23,

1213 658 1267 695 20.
1292 659 1369 702 214,
1388 659 1444 696 23.
1468 660 1547 704 221,
1564 661 1618 694 29.
1644 661 1721 703 276,
1740 660 1784 694 22

1167 716 1375 751 intimatum
1400 732 1443 747 =
1468 719 1651 763 coynitum
1675 718 1752 760 204,
1769 718 1791 752 8

1167 774 1381 808 intortiones
1407 775 1618 820 capillorum
1644 775 1719 818 121,
1736 775 1780 809 22

1167 832 1344 866 inuertere
1381 847 1424 862 =
1462 833 1643 878 alleyorice
1684 832 1921 877 interpretari

1213 888 1289 930 206,
1311 889 1352 924 16

1168 946 1326 982 inualide
1350 947 1427 990 279,
1452 947 1496 982 23

1168 1004 1416 1039 inuerecundia
1440 1004 1636 1039 obduratus
1663 1004 1738 1047 168,
1756 1004 1800 1039 26

1168 1061 1369 1096 inuisibiles
1394 1062 1440 1107 (‘?)
1466 1073 1520 1096 res
1546 1061 1600 1105 20,
1617 1061 1662 1096 24

1169 1119 1261 1153 curis
1302 1119 1532 1155 sollemnibus
1573 1120 1702 1164 quibus
1745 1119 1923 1164 quondam

1216 1177 1388 1222 (caelites)
1407 1177 1566 1212 solebant
1583 1177 1737 1212 inuisere
1762 1188 1816 1212 res
1840 1187 1923 1211 nos-

1214 1236 1288 1269 tras
1306 1235 1337 1278 3,
1356 1235 1376 1269 7

1170 1292 1325 1327 inuitare
1346 1292 1452 1327 deum
1477 1292 1522 1327 ad
1545 1292 1756 1337 sanguinem
1783 1293 1861 1335 249,
1879 1293 1924 1326 24

1217 1349 1300 1384 deos
1324 1350 1419 1384 uotis
1444 1349 1600 1384 inuitare
1617 1350 1671 1392 33,
1691 1350 1710 1384 7
1735 1349 1923 1384 Herculem

1216 1407 1401 1442 sacrificiis
1432 1407 1562 1442 hostiis
1593 1410 1628 1442 et
1660 1408 1738 1441 ture
1770 1407 1924 1442 inuitare

1218 1464 1360 1499 incenso
1385 1465 1441 1507 27,
1459 1465 1500 1499 21

1171 1522 1236 1556 sub
1276 1522 1473 1556 inuolucris
1509 1521 1763 1557 intestinorum
1810 1522 1885 1564 160,
1905 1522 1922 1556 1

1216 1580 1416 1614 litterarum
1441 1579 1624 1614 inuolucra
1652 1579 1726 1622 120,
1744 1580 1765 1614 5

1171 1637 1375 1671 inuolutum
1399 1652 1442 1667 =
1469 1637 1673 1672 abstrusum
1698 1637 1752 1679 67,
1768 1637 1812 1671 26
1849 1647 1925 1671 cae-

1218 1695 1267 1729 cis
1308 1694 1589 1730 obscuritatibus
1625 1694 1831 1728 inuolutum
1867 1694 1925 1736 88,

1220 1753 1258 1786 11
1300 1763 1354 1786 res
1380 1751 1544 1786 submota
1569 1754 1604 1786 et
1629 1752 1754 1787 abdita
1779 1754 1815 1786 et
1840 1751 1925 1786 cali-

1219 1810 1301 1854 gine
1326 1810 1492 1844 inuoluta
1516 1812 1663 1844 naturae
1688 1810 1742 1852 92,
1764 1809 1805 1843 14

1172 1867 1312 1901 inurere
1337 1867 1496 1902 innoxios
1524 1868 1598 1909 167,
1617 1868 1661 1901 26

1173 1924 1423 1959 inuulneratus
1449 1924 1758 1959 maledictionibus
1782 1924 1860 1967 202,
1880 1924 1902 1958 8

1172 1981 1246 2026 ipse
1271 1997 1314 2012 =
1338 1981 1433 2016 idem
1460 1982 1534 2025 158,
1552 1982 1606 2016 24.
1631 1982 1674 2016 26
1872 2023 1883 2032 ι

1172 2039 1375 2074 iracundias
1389 2050 1459 2073 non
1473 2050 1602 2083 paruas
1617 2039 1796 2073 continere
1812 2039 1888 2080 172,
1904 2038 1925 2072 2

1172 2095 1226 2130 ita
1241 2096 1282 2130 in
1293 2097 1479 2141 principio
1492 2097 1792 2141 interroyationis
1807 2096 1923 2140 13,12.

1218 2153 1275 2195 50,
1295 2154 1347 2189 13.
1376 2154 1451 2198 159,
1472 2154 1523 2188 14.
1550 2155 1628 2195 209,
1646 2154 1688 2188 18

1172 2210 1302 2245 itiones
1330 2211 1405 2254 120,
1425 2211 1477 2248 27.
1503 2211 1581 2254 280,
1596 2211 1639 2246 24

1173 2268 1297 2302 contra
1323 2279 1463 2303 sensum
1480 2268 1721 2312 iudiciumque
1739 2278 1924 2302 commune

1221 2325 1296 2368 103,
1316 2326 1357 2360 17
1383 2326 1555 2360 iudicium
1579 2341 1622 2356 =
1647 2325 1785 2360 iudices
1808 2325 1863 2368 49,
1884 2325 1923 2359 11

1173 2383 1358 2426 perpetuas
1384 2385 1418 2416 et
1442 2383 1543 2428 iuges
1571 2384 1623 2426 11,
1640 2383 1681 2417 21

1173 2442 1407 2484 congregator
1432 2441 1537 2485 atque
1562 2440 1702 2475 iunctor
1726 2439 1803 2481 225,
1824 2440 1868 2474 23

1174 2497 1288 2531 iurare
1306 2497 1541 2532 indubitabili
1565 2497 1829 2532 adseueratione
1846 2496 1924 2538 269,

1222 2554 1266 2588 20

1174 2611 1230 2645 ius
1255 2611 1431 2646 iudicauit
1454 2612 1534 2654 267,
1553 2612 1574 2646 6
1614 2610 1754 2646 iurandi
1791 2611 1926 2645 soluere

1219 2669 1391 2714 religione
1427 2679 1462 2704 se
1494 2669 1581 2703 iuris
1616 2668 1693 2711 200,
1711 2668 1732 2702 3
1772 2667 1849 2702 iure
1874 2666 1926 2701 fa-

1220 2726 1443 2761 miliaritatis
1469 2726 1656 2760 adiunctus
1681 2725 1758 2769 200,
1780 2725 1824 2759 23
1861 2724 1926 2758 hu-

1220 2783 1408 2818 manitatis
1451 2784 1525 2817 iure
1565 2782 1725 2826 deposito
1775 2781 1852 2823 240,
1882 2781 1925 2815 29

1221 2840 1290 2874 iuri
1304 2840 1481 2884 publicare
1495 2840 1647 2874 humano
1663 2839 1738 2881 197,
1755 2839 1797 2873 15
1820 2838 1927 2872 liber-

1221 2897 1311 2931 tatis
1336 2898 1391 2931 ius
1416 2907 1535 2941 rapere
1558 2896 1636 2937 283,
1654 2897 1674 2930 9
1704 2894 1926 2930 matrimonii
