2032 3248
360 213 444 255 278
989 211 1232 256 Appendix.

361 320 422 357 bio
444 317 669 366 fragilitatis
689 319 896 365 humanae,
931 330 1027 366 quae
1047 318 1280 366 patrocinari
1316 330 1391 357 non
1413 319 1540 366 potest
1561 317 1809 359 diffidentiae.
1833 320 1866 357 si

362 387 462 424 enim
484 387 754 425 desolationem
776 386 873 425 ferre
894 387 1065 425 homines
1096 399 1171 426 non
1202 388 1388 434 ualerent,
1426 399 1629 435 numquam
1650 399 1805 434 prorsus
1842 401 1864 427 a

360 468 398 493 so
416 467 484 494 sua
499 457 658 504 pignera
677 456 923 494 dimisissent.
945 457 1148 495 destitutos
1165 468 1204 494 se
1218 469 1239 494 a
1260 456 1508 495 morientibus
1526 459 1807 504 conqueruntur
1824 460 1862 495 et

362 526 467 563 uiuos
477 525 575 563 filios
585 527 650 563 aut
662 527 816 573 propter
826 526 974 564 litteras
985 528 1050 563 aut
1059 528 1215 574 propter
1225 527 1386 565 honores
1397 528 1462 564 aut
1472 528 1624 574 propter
1633 526 1786 574 negotia
1795 538 1861 574 pe-

360 594 522 642 regrinis
538 594 754 643 regionibus
767 596 934 642 eredunt,
953 597 990 633 et
1003 595 1170 643 gaudent
1183 596 1303 634 totam
1319 595 1438 633 uitam
1450 595 1531 633 sine
1545 595 1744 634 affectibus
1761 607 1864 634 com-
1878 611 1892 635 5

360 663 511 710 morari,
530 664 728 701 dummodo
749 664 902 712 capiant
924 665 1023 712 quod
1044 665 1200 712 cupiunt
1222 666 1267 702 de
1289 665 1367 702 suis
1388 664 1611 713 pigneribus
1629 665 1802 712 adipisci.
1829 667 1866 704 et

360 735 402 770 ut
411 734 459 771 ad
469 732 611 781 palatia
622 735 783 781 pergant
792 734 1094 782 peregrinantur,
1115 734 1162 771 ad
1172 734 1299 772 studia
1309 734 1511 782 dignitatis
1527 734 1713 782 nauigant
1731 735 1863 783 acqui-

361 803 478 841 renda
513 803 575 840 uel
610 803 659 841 ad
691 814 826 841 causas
863 803 1083 851 patrimonii
1121 804 1268 851 aliquas
1301 803 1547 852 explicandas
1569 815 1635 852 per
1656 804 1806 842 labores
1827 806 1865 842 et

360 872 527 919 pericula
557 872 838 920 proficiscentes
861 873 991 910 omnes
1013 872 1229 920 impellunt,
1266 884 1334 911 nec
1356 884 1481 911 seeum
1503 884 1638 911 uacare
1660 885 1752 921 quos
1775 873 1863 911 dili·
2030 876 2032 912 i

361 943 455 988 gunt
482 941 692 989 patiuntur.
717 944 755 979 et
777 943 819 979 ut
841 942 885 979 ad
910 941 1054 988 palatia
1076 941 1183 989 caeli,
1207 943 1254 980 ad
1286 942 1412 980 studia
1435 942 1590 988 Christi,
1614 943 1661 980 ad
1682 943 1863 980 honorem
1879 954 1911 978 ιο
2029 963 2032 1003 Ι

361 1010 460 1048 uitae
482 1012 696 1058 perpetuae,
720 1011 768 1048 ad
789 1010 1060 1058 patrimonium
1076 1011 1328 1059 possessionis
1350 1013 1527 1049 aeternae
1553 1024 1637 1050 cum
1660 1011 1865 1050 securitate

359 1080 513 1118 ualeant
533 1079 744 1127 peruenire,
767 1091 875 1118 nemo
896 1080 995 1118 filios
1017 1091 1104 1118 suos
1126 1080 1291 1118 libenter
1307 1093 1328 1118 a
1345 1092 1384 1118 se
1406 1080 1624 1128 gratulatur
1646 1081 1862 1119 abscedere.

362 1150 516 1196 propter
536 1149 682 1186 incerta
702 1159 770 1197 per
791 1148 935 1187 incerta
973 1149 1093 1186 filium
1121 1149 1183 1187 uel
1214 1149 1372 1187 fratrem
1394 1149 1456 1187 uel
1478 1151 1674 1197 parentem
1694 1150 1864 1197 peregri-

360 1217 443 1255 nari
464 1218 722 1266 unusquisque
744 1218 951 1265 compellit,
975 1220 1013 1256 et
1033 1220 1189 1266 propter
1210 1220 1314 1257 certa
1329 1230 1396 1266 per
1413 1220 1516 1256 certa
1533 1230 1684 1256 suorum
1701 1218 1866 1266 aliquem

360 1286 548 1334 proficisci
570 1288 699 1325 nullus
731 1287 914 1326 admittit.
950 1288 997 1325 ad
1032 1288 1287 1335 comparanda
1321 1289 1477 1336 peecata
1507 1289 1674 1335 gaudent
1694 1290 1773 1326 tam
1794 1299 1862 1336 pa·
1880 1299 1912 1324 15

361 1358 487 1394 rentes
509 1368 531 1394 a
552 1357 643 1394 filiis
666 1369 779 1404 quam
799 1356 870 1394 filii
893 1369 915 1394 a
935 1357 1158 1405 parentibus
1179 1359 1407 1405 prouocante
1430 1357 1578 1395 diabolo
1601 1357 1784 1405 separari,
1817 1358 1866 1395 ad

362 1425 638 1474 indulgentiam
659 1426 939 1474 percipiendam
961 1426 1096 1464 nolunt
1127 1427 1174 1464 ab
1205 1426 1367 1465 inuicem
1388 1426 1464 1465 Deo
1497 1428 1654 1464 uocante
1687 1426 1866 1473 discerni,

362 1496 404 1532 ut
425 1497 607 1542 appareat
627 1506 702 1532 non
723 1506 789 1542 pro
811 1495 957 1533 ratione
979 1497 1109 1534 nostra
1139 1507 1207 1533 nos
1232 1495 1358 1534 dolere
1391 1507 1661 1543 quemeumque
1696 1496 1868 1533 uidemur

363 1563 550 1610 amittere,
569 1564 634 1602 sed
651 1563 831 1602 indicium
847 1563 971 1612 magis
987 1564 1183 1602 ostendere
1200 1564 1446 1611 diffidentiae,
1465 1564 1530 1612 qui
1547 1575 1620 1602 non
1637 1563 1867 1601 sustinemus

363 1635 579 1671 nostrorum
600 1633 852 1681 profectiones
874 1633 923 1671 ad
943 1633 1157 1680 Dominum,
1180 1645 1339 1681 quorum
1359 1632 1686 1681 peregrinationes
1716 1632 1755 1669 in
1778 1643 1863 1670 sae-
1878 1644 1912 1670 20

363 1702 445 1740 culo
474 1702 724 1750 gratulamur.
755 1702 844 1750 quia
865 1702 1053 1740 credimus
1073 1702 1205 1740 mundi
1223 1702 1353 1753 lucris,
1375 1702 1582 1739 toleramus
1604 1701 1726 1739 diuisa
1747 1701 1868 1739 nostri

362 1771 528 1819 corporis
546 1772 724 1809 membra.
747 1771 780 1809 si
797 1770 985 1809 oredimus
1002 1771 1071 1809 Dei
1087 1771 1297 1819 promissis,
1315 1773 1401 1819 post
1421 1770 1697 1810 abscessionem
1718 1771 1866 1808 nostro-

362 1853 446 1879 rum
482 1841 579 1878 nihil
621 1841 726 1879 aliud
758 1852 869 1888 quam
905 1840 1050 1888 gratias
1088 1840 1285 1879 debuerint
1320 1851 1497 1879 resonare
1546 1839 1666 1878 nostri
1706 1838 1869 1887 pectoris

458 2086 477 2119 1
504 2096 586 2119 suae
611 2096 701 2130 quae
726 2100 751 2131 μ
931 2087 952 2120 2
977 2085 1213 2120 desolationes
1237 2086 1260 2120 h
1446 2085 1607 2119 homines
1633 2084 1724 2118 ferre
1749 2085 1824 2119 Zhv

365 2133 650 2187 numquaiifi'om..
677 2143 712 2177 Z
848 2155 869 2178 a
894 2144 942 2188 se]
967 2145 1130 2188 parentes
1156 2155 1177 2177 a
1203 2155 1238 2178 se
1262 2144 1286 2178 h
1422 2144 1445 2177 4
1471 2144 1533 2177 aut
1556 2144 1701 2187 propter
1726 2142 1870 2176 litteras

365 2212 430 2234 om.
455 2201 478 2234 h
632 2201 654 2235 5
678 2202 755 2235 tota
782 2201 859 2235 uita
882 2202 955 2246 Ιιμυ
1110 2202 1331 2246 commorari]
1359 2202 1569 2235 commoneri
1593 2201 1628 2234 Z
1782 2200 1803 2234 6
1829 2199 1870 2234 de

366 2257 438 2291 suis
463 2258 611 2302 cupiunt
635 2259 690 2293 Zv
847 2259 865 2293 ‘2
891 2259 1043 2304 palatia]
1069 2250 1183 2303 {tiam
1209 2259 1245 2293 Z
1450 2259 1508 2293 uel
1532 2258 1766 2303 adquirendas
1792 2259 1826 2292 Z

364 2318 385 2347 ὅ
411 2314 454 2349 ad
479 2326 546 2349 om.
572 2316 625 2350 Zv
757 2316 895 2360 aliquas
920 2327 986 2353 om.
1013 2316 1067 2351 Zv
1197 2328 1259 2361 per
1282 2317 1307 2351 1.
1334 2328 1362 2351 e.
1387 2317 1556 2362 pericula]
1582 2327 1661 2351 cum
1686 2316 1808 2350 labore
1833 2317 1869 2350 et

366 2372 517 2416 periculo
543 2374 566 2408 h
734 2375 755 2408 9
779 2385 898 2408 omnes
923 2385 988 2409 om.
1015 2385 1084 2419 γμυ
1250 2375 1294 2409 10
1317 2374 1493 2419 palatium
1518 2375 1572 2408 Zv
1741 2374 1782 2407 11
1809 2373 1868 2417 ad]

365 2433 401 2465 et
426 2432 482 2466 Zh
636 2433 680 2467 12
705 2444 725 2466 a
749 2444 785 2467 se
809 2434 966 2468 libenter
989 2434 1012 2467 h
1167 2433 1377 2468 abscendere
1402 2434 1436 2467 Z
1584 2432 1627 2466 13
1651 2433 1862 2476 propter...

365 2489 385 2523 I.
413 2491 457 2523 15
484 2489 647 2524 admittit
671 2501 736 2525 om.
754 2491 777 2525 h
869 2491 1005 2525 incerta
1029 2502 1090 2535 per
1116 2491 1263 2536 incerta]
1290 2501 1365 2525 rem
1391 2492 1563 2525 incertam
1581 2490 1616 2523 Z
1706 2489 1750 2523 14
1773 2490 1870 2523 certa

367 2557 426 2590 per
451 2548 560 2592 certa]
586 2550 719 2583 certam
745 2549 778 2582 Z
903 2549 946 2582 1ss
971 2550 1129 2593 separari
1154 2550 1368 2593 prouocante
1392 2547 1533 2582 diabolo
1561 2548 1614 2582 Zv
1740 2547 1783 2581 18
1806 2557 1869 2590 pa-

364 2604 441 2637 reat
465 2604 507 2648 μ1
632 2615 694 2649 pro
719 2606 840 2639 nostra
866 2607 1004 2640 ratione
1029 2616 1092 2640 nos
1117 2617 1149 2647 v,
1174 2605 1419 2650 probationem
1444 2606 1602 2639 nostram
1630 2605 1662 2638 Z
1785 2614 1868 2647 que·

363 2672 511 2705 cumque
535 2672 555 2695 r
649 2663 692 2696 19
717 2663 754 2696 in
779 2663 948 2697 iudicium
973 2663 1058 2707 Zu¹‚
1084 2663 1256 2697 iudicium
1282 2663 1326 2708 {1⁴²
1427 2662 1509 2706 qui.
1526 2689 1532 2695 .
1549 2672 1604 2705 .p.
1630 2664 1711 2703 279,
1735 2664 1755 2695 1
1782 2671 1868 2705 gau-

364 2718 422 2752 ‹lia
446 2730 512 2753 om.
537 2720 560 2753 h
715 2720 760 2754 20
784 2720 1019 2764 professiones
1045 2721 1080 2754 Z
1239 2720 1427 2765 peregrina
1452 2719 1487 2752 Z
1644 2719 1689 2753 22
1715 2719 1765 2753 sic
1789 2717 1867 2752 red-

345 2776 479 2823 ⁸dimus
505 2778 559 2821 μ’,
584 2776 615 2810 si
641 2777 858 2812 crederemus
884 2779 938 2813 Zv
1071 2780 1107 2812 et
1132 2778 1187 2812 dei
1211 2778 1424 2823 promissum
1442 2778 1475 2809 Z
1589 2776 1772 2810 absesione
1798 2790 1817 2820 ,¹¹

364 2834 409 2867 23
434 2834 581 2877 gratias]
609 2834 643 2867 in
670 2825 735 2878 gr}
761 2836 794 2868 Z
932 2835 1125 2869 debuerant
1149 2847 1170 2870 v
1309 2836 1486 2879 pectorum
1516 2834 1549 2866 Z

2015 2073 2031 2728 -·1*-·a—-—-.-.-.--..-........mmffl.2,.,.
2020 1930 2032 2057 *amr-*0
2020 1780 2030 1911 ,βψ
2021 1720 2027 1752 --
2022 1693 2026 1703 -
2024 1665 2027 1672 ,
