2032 3248
600 874 893 946 LIBER
943 874 1305 946 PRIMVS

268 1044 478 1108 Quoniam
510 1067 685 1119 comperi
724 1067 961 1117 nonnullos,
1002 1068 1071 1120 qui
1104 1080 1145 1109 se
1175 1068 1400 1121 plurimum
1443 1080 1580 1122 sapere
1612 1069 1730 1110 suisl

210 1136 535 1189 persuasionibus
576 1135 757 1185 credunt,
798 1136 990 1178 insanire.
1033 1136 1221 1177 bacchari
1263 1137 1302 1177 et
1342 1137 1458 1177 uelut
1500 1136 1695 1189 quiddam

210 1206 444 1258 promptum
477 1217 521 1245 ex
553 1204 714 1245 oraculo
756 1204 908 1245 dicere:
949 1205 1161 1257 postquam
1184 1217 1267 1246 esse
1301 1205 1341 1245 in
1372 1204 1522 1245 mundo
1557 1204 1696 1246 Chris-

185 1274 321 1315 stiana
349 1286 446 1327 gens
476 1273 618 1325 coepit,
648 1274 847 1314 terrarum
870 1273 1008 1314 orbem
1030 1273 1194 1326 perisse,
1229 1272 1553 1314 multiformibus
1576 1273 1695 1315 malis

212 1343 400 1383 affectum
432 1354 515 1382 esse
548 1353 672 1395 genus
704 1342 950 1388 humanum,
993 1341 1101 1393 ipsos
1139 1342 1262 1382 etiam
1295 1341 1456 1382 caelites
1489 1341 1693 1384 derelictis

212 1411 318 1452 curis
350 1410 634 1459 sollemnibus,
676 1409 820 1462 quibus
853 1411 1057 1462 quondam
1089 1410 1273 1452 solebant
1305 1410 1478 1452 inuisere
1509 1423 1570 1452 res
1603 1424 1694 1453 nos-

214 1481 309 1522 tras
343 1481 544 1520 terrarum
567 1479 615 1519 ab
638 1478 872 1532 regionibus
902 1479 1208 1520 exterminatos:
1242 1479 1366 1520 statui
1398 1491 1467 1532 pro
1500 1482 1621 1532 captu
1653 1492 1698 1534 ac

213 1548 494 1590 mediocritate
526 1547 721 1588 sermonis
753 1547 953 1588 contraire
986 1547 1164 1588 inuidiae
1197 1549 1237 1589 et
1260 1548 1528 1589 calumniosas
1551 1548 1697 1590 dissol-

170 1630 305 1658 10uere
336 1615 660 1665 criminationes,
695 1629 743 1656 ne
776 1617 847 1656 aut
879 1615 943 1656 illi
976 1615 1055 1656 sibi
1086 1616 1324 1670 uideantur,
1356 1617 1568 1670 popularia
1600 1617 1697 1658 dum

213 1686 333 1726 uerba
375 1685 633 1738 depromunt,
676 1697 870 1738 magnum
912 1684 1071 1737 aliquid
1112 1684 1243 1726 dicere
1275 1685 1345 1726 aut
1376 1685 1410 1725 si
1442 1697 1511 1726 nos
1543 1686 1697 1727 talibus

214 1753 533 1796 continuerimus
565 1753 613 1793 ab
646 1753 808 1802 litibus,
842 1753 1067 1794 obtinuisse
1099 1766 1141 1794 se
1173 1766 1335 1794 causam
1367 1754 1513 1807 putent
1544 1754 1698 1795 uictam

214 1823 276 1863 sui
308 1822 407 1863 uitio
430 1834 506 1862 non
530 1822 781 1862 adsertorum
804 1821 964 1863 silentio
988 1822 1244 1863 destitutam.
1294 1835 1422 1874 neque
1445 1822 1554 1864 enim
1576 1835 1698 1877 nega-

214 1892 344 1932 uerim
377 1890 675 1932 ualidissimam
709 1903 791 1931 esse
825 1891 1121 1932 accusationem
1143 1890 1265 1931 istam
1287 1891 1585 1943 hostilibusque
1607 1903 1699 1932 con-

170 1977 199 2000 15
215 1960 360 2014 dignos
392 1960 495 2001 odiis
528 1972 597 2000 nos
631 1972 734 2008 esse,
769 1960 801 2000 si
833 1959 938 2011 apud
971 1972 1042 2001 nos
1076 1972 1158 2000 esse
1181 1959 1412 2000 constiterit
1445 1971 1597 2008 causaS‚
1631 1972 1701 2013 per

215 2041 312 2081 quas
353 2030 434 2069 suis
477 2028 650 2069 mundus
683 2029 886 2069 aberrauit
919 2028 966 2068 ab
999 2028 1180 2082 legibus,
1223 2028 1480 2069 exterminati
1517 2029 1612 2069 sunt
1643 2028 1700 2069 dii

215 2098 352 2151 longe,
400 2097 582 2137 examina
626 2098 741 2137 tanta
791 2109 1017 2137 maerorum
1069 2097 1307 2137 mortalium
1352 2096 1556 2149 inportata
1602 2097 1697 2137 sunt

216 2166 397 2207 saeculis.
446 2165 709 2218 inspiciamus
751 2165 878 2219 igitur
919 2165 1119 2217 opinionis
1156 2165 1274 2205 istius
1319 2173 1498 2205 mentem
1546 2166 1586 2204 et
1626 2164 1740 2208 hocz

216 2235 320 2286 quod
367 2234 516 2275 dicitur
561 2234 680 2286 quale
725 2234 780 2274 sit
825 2235 1119 2286 summotisque
1166 2233 1352 2275 omnibus
1398 2233 1701 2274 contentionum

169 2319 200 2344 21.»
216 2303 382 2346 studiis.
421 2303 564 2355 quibus
597 2302 800 2343 obscurari
833 2304 872 2343 et
903 2302 1062 2357 contegi
1103 2301 1388 2354 contemplatio
1421 2314 1555 2342 rerum
1587 2300 1700 2353 solet,

215 2384 262 2412 an
297 2372 350 2411 sit
380 2371 490 2412 istud
521 2371 626 2423 quod
657 2371 806 2412 dicitur
839 2384 997 2423 uerum,
1032 2374 1327 2411 momentorum
1359 2369 1518 2422 parium
1551 2370 1701 2410 exami-

217 2441 375 2480 natione
423 2440 656 2492 pendamus.
720 2439 915 2480 efficietur
956 2440 1063 2481 enim
1104 2439 1280 2492 profecto
1319 2438 1525 2479 rationum
1565 2450 1700 2479 conse-

216 2508 428 2561 quentium
451 2508 654 2560 copulatu,
687 2508 732 2548 ut
762 2519 838 2548 non
869 2508 984 2560 impii
1018 2519 1089 2548 nos
1121 2507 1254 2561 magis
1277 2506 1345 2547 scd
1366 2505 1429 2547 illi
1452 2505 1531 2559 ipsi
1551 2508 1700 2558 reperi-

263 2700 304 2732 12
330 2710 347 2732 a
375 2700 446 2731 Sal»
586 2700 623 2733 1-1
651 2699 781 2732 histam
804 2699 838 2732 Ι)
854 2709 933 2732 corr
1072 2698 1113 2731 15
1137 2698 1221 2732 odii⁸
1246 2699 1279 2731 P
1418 2698 1459 2731 1ss
1482 2699 1701 2732 exterminati

219 2767 348 2794 sumus,
382 2756 461 2789 dum
490 2757 593 2797 longe
621 2756 690 2789 §ab
722 2754 977 2788 exterminandi
1004 2765 1134 2795 sumus,
1161 2756 1187 2787 si
1216 2766 1274 2797 per
1300 2765 1361 2788 nos
1392 2754 1456 2787 Gel
1481 2756 1701 2789 exterminati

219 2813 326 2845 >imus
353 2813 465 2856 longe.
491 2813 573 2847 dum
599 2813 781 2846 Memmius
921 2813 960 2845 17
988 2812 1177 2845 mortalium
1203 2813 1237 2846 P
1375 2813 1415 2845 19
1441 2813 1702 2856 summotisque]

219 2880 352 2902 summo
378 2880 484 2913 usquc
511 2870 580 2903 Sub
719 2870 762 2903 213
788 2870 1027 2912 repperiantur
1052 2868 1085 2902 1³

1517 2939 1524 2969 ]
1547 2939 1564 2958 ⁴*
