2032 3248
365 226 501 256 XXXII

567 316 673 351 lectio
691 328 783 351 uera.
1351 317 1456 351 lectio
1476 317 1634 352 codicum
1652 317 1756 351 LNP.

438 403 473 437 p.
494 395 619 433 595,25
636 392 747 426 matri
1290 392 1405 426 macri

435 466 468 499 p.
486 458 587 497 579,1
631 455 912 498 eius—factioni
1285 455 1356 489 eris
1370 475 1414 480 —
1423 456 1608 499 pactionis
1636 457 1815 500 (pactioni

1286 519 1340 562 N)

434 593 467 626 p.
486 582 610 624 648‚13
627 583 669 617 ui
1281 584 1413 627 septies
1423 582 1455 627 *)

437 656 470 690 p.
492 649 614 688 733,15
634 646 841 691 respexeris
1292 646 1499 690 resipueris.

372 751 442 792 sed
463 750 507 792 hi
528 751 612 793 tres
642 751 855 806 archetypi
886 752 1172 806 integritatem
1200 765 1279 794 non
1308 752 1398 805 pari
1427 751 1506 794 fide
1528 753 1757 794 seruarunt.
1790 765 1885 806 pro-

368 824 478 867 xime
499 825 550 867 ab
572 838 617 868 eo
639 826 755 868 abest
777 827 821 877 L,
853 826 1018 882 longius
1048 826 1271 868 deflectunt
1291 826 1380 878 NP,
1410 827 1458 868 ut
1480 827 1696 869 coniuncta
1717 827 1886 869 demum

370 900 545 943 duorum
566 901 598 942 L
621 902 663 943 et
683 901 718 943 P
744 903 817 944 aut
838 902 871 943 L
894 903 935 944 et
955 901 996 944 N
1017 903 1086 944 uel
1107 903 1207 945 adeo
1228 902 1358 944 trium
1380 903 1489 944 LNP
1512 902 1760 944 auctoritate
1788 902 1887 956 quid
1927 944 1933 953 ,

369 974 412 1016 in
443 975 517 1016 illo
554 976 681 1018 fuerit
717 976 868 1018 certius
900 978 1071 1019 constet.
1113 979 1236 1031 atque
1265 978 1312 1028 L,
1350 991 1473 1032 quem
1504 989 1622 1020 nemo
1654 977 1787 1020 adhuc
1820 990 1887 1018 ex-

371 1051 563 1102 cusserat,
588 1050 804 1092 certiorem
826 1052 997 1105 reliquis
1015 1052 1172 1094 duobus
1189 1053 1340 1095 testem
1355 1052 1498 1107 habe0‚
1521 1053 1617 1107 quia
1632 1066 1709 1095 nec
1725 1053 1888 1095 addita-

372 1125 589 1179 menta**)
619 1126 687 1168 uel
717 1126 914 1168 lectiones
938 1140 985 1168 ex
1006 1127 1101 1169 aliis
1131 1127 1339 1170 codicibus
1368 1128 1522 1182 petitae
1533 1128 1623 1181 ***)
1656 1128 1817 1182 saepius
1846 1128 1888 1169 in

374 1213 419 1243 eo
437 1202 637 1254 apparent
653 1214 727 1244 nec
745 1201 970 1244 fallacioris
983 1202 1313 1256 interpolationis
1325 1203 1504 1258 uestigia
1515 1203 1635 1256 plura
1649 1202 1719 1258 (cf.
1737 1202 1886 1254 470,3;

373 1277 550 1328 601‚12;
595 1277 770 1331 717,19;
815 1275 962 1331 773,1)
998 1278 1281 1329 inueniuntur,
1323 1278 1451 1319 immo
1488 1278 1645 1320 leuiora
1679 1278 1889 1332 archetypi

372 1352 522 1394 menda
562 1352 726 1394 tentata
767 1342 1085 1406 simplicitatem
1125 1354 1263 1406 potius
1304 1366 1428 1406 quam
1470 1353 1665 1395 callidam
1702 1352 1889 1395 fraudem

378 1426 540 1468 librarii
573 1428 768 1481 arguunt,
803 1428 976 1470 lacunae
1007 1428 1182 1481 denique
1213 1428 1447 1482 frequentes
1479 1428 1628 1481 quibus
1649 1428 1724 1469 NP
1755 1428 1888 1470 rarius

375 1500 493 1542 hiant
513 1513 560 1542 ex
577 1501 683 1542 libro
705 1502 889 1543 nondum
906 1502 958 1544 ad
978 1502 1060 1544 alia
1081 1503 1329 1555 exemplaria
1351 1502 1567 1544 emendato
1584 1503 1616 1543 L
1633 1503 1886 1555 descriptum

375 1587 462 1617 esse
493 1575 650 1618 docent.
683 1576 847 1630 praeter
876 1576 1096 1619 librarium
1126 1576 1197 1629 qui
1225 1578 1363 1619 totum
1384 1576 1569 1618 exarauit
1590 1577 1886 1618 emendatrices

376 1662 522 1691 manus
554 1650 658 1692 duae
686 1651 859 1704 possunt
888 1651 1076 1702 discerni,
1107 1664 1282 1704 quarum
1311 1651 1514 1693 uetustior
1533 1651 1762 1704 permultos
1784 1664 1884 1704 quos

378 1724 600 1778 primarius
630 1725 807 1778 scriptor
836 1725 1061 1767 admiserat
1089 1737 1242 1767 errores
1265 1726 1451 1777 correxit,
1490 1726 1702 1778 conplures
1723 1726 1890 1767 lacunas

378 1800 604 1854 suppleuit,
628 1800 850 1854 utrumque
867 1801 915 1842 ut
931 1801 1099 1842 uidetur
1119 1801 1171 1843 ad
1191 1801 1349 1842 librum
1364 1813 1411 1842 ex
1427 1814 1506 1854 quo
1529 1800 1757 1854 descriptus
1780 1802 1887 1850 erat3

379 1874 515 1916 nescio
537 1887 589 1917 an
611 1874 745 1917 eidem
776 1876 995 1917 correctori
1024 1875 1262 1927 debeantur,
1295 1876 1444 1929 quibus
1475 1875 1587 1916 totus
1616 1875 1738 1917 codex
1759 1875 1888 1916 inter-

377 1949 555 2001 punctus
592 1951 667 2001 est,
711 1950 829 2005 signa
937 1989 944 1997 .
970 1990 977 1998 .
1007 1949 1173 2005 Δ****)
1210 1950 1418 1992 rubricata
1453 1950 1643 1992 omnibus
1676 1949 1760 1991 fere
1790 1949 1891 1991 locis

379 2023 545 2078 adpicta
566 2024 637 2078 qui
658 2024 709 2066 ab
731 2025 823 2066 aliis
847 2024 1056 2067 codicibus
1085 2024 1199 2066 uarie
1220 2024 1476 2067 exhibentur.
1507 2025 1638 2067 altera
1659 2037 1782 2066 manu
1804 2037 1892 2066 cor-

378 2098 579 2140 rectiones
600 2098 782 2152 reliquas
804 2099 1029 2141 recentiore
1050 2099 1234 2152 tempore
1255 2099 1383 2141 factas
1405 2099 1676 2152 conprehendi
1699 2099 1824 2140 uolui.

436 2172 584 2215 Paullo
630 2174 796 2228 longius
837 2174 887 2216 ab
930 2174 1141 2228 archetypi
1188 2174 1429 2229 integritate
1478 2174 1633 2216 recedit
1672 2174 1724 2224 N,
1776 2173 1892 2215 cuius

381 2259 578 2302 magnam
606 2248 780 2302 partem,
814 2248 1015 2302 epistulas
1044 2248 1224 2302 exceptis
1253 2248 1282 2289 4
1309 2249 1350 2290 et
1370 2248 1426 2290 49
1455 2260 1594 2290 omnes
1625 2260 1727 2302 quae
1752 2247 1795 2288 in
1816 2246 1891 2288 LN

426 2416 459 2460 *)
485 2415 584 2459 Quod
609 2414 780 2459 quomodo
806 2416 923 2449 ortum
951 2415 1011 2455 sit,
1044 2414 1173 2449 codicis
1198 2414 1473 2459 Bambergensis
1497 2414 1674 2458 scriptura
1700 2403 1754 2443 uli
1779 2412 1890 2453 docet,

381 2473 513 2517 gradus
543 2472 658 2517 igitur
685 2472 970 2517 degenerationis
1000 2473 1085 2506 sunt
1112 2473 1153 2506 ui
1177 2492 1219 2498 —-
1244 2473 1301 2506 αὴ
1324 2492 1366 2497 -
1384 2475 1519 2516 septem
1536 2491 1579 2496 —
1596 2471 1736 2514 septies.
1758 2489 1795 2494 —
1815 2470 1892 2503 loca

382 2530 517 2563 similia
543 2541 650 2575 supra
676 2530 809 2564 adlatis
836 2532 939 2564 sunt:
972 2541 1005 2575 p.
1033 2533 1146 2571 470,9.
1168 2533 1225 2571 123
1252 2533 1365 2572 471‚9.
1392 2533 1453 2570 243
1478 2532 1598 2571 505,2;
1625 2532 1745 2570 506,1;
1770 2529 1891 2569 507,8;

381 2590 522 2629 585,14;
565 2591 707 2630 586‚15;
749 2591 894 2630 592‚12;
931 2590 1051 2630 595‚9;
1088 2590 1200 2630 596‚6.
1228 2591 1288 2628 20;
1325 2589 1458 2629 597‚10.
1488 2589 1529 2620 18
1567 2586 1713 2630 (608‚3);
1750 2587 1892 2626 599,14;

382 2647 596 2687 602,12.20;
622 2649 764 2688 603,13;
793 2649 912 2688 604,5;
940 2648 1081 2687 606,17;
1109 2648 1226 2688 607,5;
1253 2646 1603 2687 616,11;618‚1.22;
1630 2646 1743 2685 619,7.
1766 2645 1805 2676 18
1824 2643 1890 2676 etc.

466 2703 523 2746 Η)
543 2703 615 2737 Cf:
653 2714 687 2747 p.
719 2706 834 2745 472‚5;
862 2706 1004 2745 596,24;
1031 2705 1150 2744 604,9;
1177 2705 1318 2745 647,13;
1344 2705 1462 2744 65o‚2;
1487 2704 1605 2744 670,3;
1633 2704 1751 2745 697,9;
1780 2703 1890 2741 730,4.

447 2760 527 2804 *³⁶25
545 2759 616 2795 Cf.:
641 2771 674 2805 p.
693 2763 837 2803 501‚17;
862 2763 1003 2801 577‚15;
1030 2763 1173 2802 592,12;
1200 2762 1318 2802 625‚5;
1345 2761 1489 2803 636‚19;
1517 2761 1652 2801 690,20.

428 2818 530 2861 ****)
549 2817 649 2852 Idem
679 2818 822 2862 signum
850 2818 887 2851 in
913 2817 1075 2851 Parisino
1101 2817 1200 2851 Sorb.
1227 2820 1294 2850 500
1319 2827 1499 2851 occurrens
1530 2817 1756 2862 διορθωτέον
1784 2814 1892 2848 inter-

383 2875 596 2920 pretandum
616 2886 691 2910 esse
709 2877 827 2910 censet
843 2876 890 2910 M.
910 2875 1035 2919 Haupt
1053 2875 1222 2917 (Hermes
1238 2875 1257 2908 1
1275 2875 1368 2918 231).
