2032 3248
308 247 391 288 460

355 348 444 382 lium
479 350 601 382 tenens
636 349 674 382 ut
698 349 835 384 Christi
869 350 1055 394 praecepta

354 394 554 429 custodiens
593 394 705 428 occidi
744 396 862 439 potest
899 395 977 437 687,
1015 395 1054 436 3;

354 440 431 482 694,
458 441 497 474 11
511 454 519 482 ;
557 442 598 474 ut
622 441 756 475 ethnici
780 441 954 475 habentur
979 440 1074 482 750‚¹

357 486 398 519 16
407 499 416 527 ;
471 488 594 530 utpote
649 489 822 521 amatores
869 488 945 529 506,

354 532 431 573 515,
457 532 519 574 10;
546 532 622 575 796,
648 533 667 567 1

310 578 517 623 utcumque:
554 578 591 612 in
615 579 815 613 latronibus
840 581 895 613 est
918 580 1055 613 utcum-

356 634 423 667 que
470 624 591 668 aliqua
631 625 799 659 scelerum
847 625 1056 659 uerecundia

311 715 365 749 uti
391 727 480 751 cum.
506 727 621 751 aceus.
646 717 725 759 776,
751 717 770 751 7

312 761 439 796 utilius
477 764 531 796 est
571 762 751 797 infirmum
784 773 819 797 se
862 763 966 798 homo
1005 773 1059 797 eo-

357 810 503 852 gnoscat
526 808 558 842 A
583 809 659 850 175,
683 809 739 852 26,
765 809 828 852 (cf.
848 809 942 843 Tert.
961 809 1058 843 Adu.

356 854 476 889 Marc.
512 855 574 889 IV
602 857 667 889 26:
703 855 801 899 prius
833 856 888 888 est
919 854 1059 898 probet)

312 899 434 943 utique
462 902 521 944 (z
546 901 697 945 scilicet)
720 901 798 944 485,
815 901 878 943 20;
903 900 981 942 639,
999 902 1060 942 11;

358 945 440 1026 ἵθθε.
462 947 505 1027 {³st
542 948 577 980 et
601 947 724 991 utique
749 948 809 991 (z
834 948 870 981 et
903 946 1060 991 quidem)

993 487 1039 521 24
1047 498 1055 528 ;

680 245 815 279 Index
839 245 1076 279 uerborum
1100 247 1144 279 et
1168 245 1462 280 locutionum.

1091 348 1276 392 utrobique
1307 347 1387 389 573,
1419 347 1482 389 213
1515 347 1591 390 574,
1617 348 1676 388 15;
1702 347 1839 382 utrubi-

1137 405 1203 438 que
1231 394 1283 436 12,
1307 394 1346 435 6;
1372 394 1448 435 695,
1472 393 1495 427 4

1091 440 1291 484 uulgaritas
1315 439 1346 473 A
1371 440 1448 481 215,
1475 439 1494 472 1

1092 486 1292 530 uulgariter
1315 485 1346 519 A
1373 486 1448 528 173,
1474 485 1494 519 9

1074 532 1282 571 {uulnifieus
1307 531 1339 565 A
1364 532 1440 574 195,
1468 531 1512 565 13

1098 751 1218 795 Zelare
1242 762 1320 803 419,
1347 762 1365 796 1
1392 765 1425 796 et
1450 772 1554 806 saepe

1097 807 1278 852 zelotypus
1303 807 1511 852 disciplinae
1535 809 1613 851 533,
1639 808 1683 843 13

1097 853 1191 887 zelus
1215 854 1292 896 420,
1318 854 1379 896 22;
1393 874 1432 878 —
1449 853 1505 888 dei
1522 855 1600 896 488,
1619 854 1679 897 143
1693 874 1735 879 —
1753 853 1845 888 diui-

1142 910 1209 934 nae
1232 899 1313 934 fidei
1338 900 1415 936 785.
1441 900 1483 935 12
1508 904 1541 935 et
1564 900 1709 944 saepius

1099 955 1184 979 zona
1207 945 1238 979 A
1262 946 1339 987 315,
1367 946 1432 980 169
