2032 3248
804 232 931 267 Liber
963 233 1020 268 VI.
1567 239 1648 280 225

168 346 254 387 siue
294 357 364 398 per
404 346 522 387 urbes
555 344 698 386 Graias
735 346 821 386 siue
852 347 927 386 iste
959 358 1035 398 quo
1067 347 1183 388 fluxit
1213 360 1323 389 amor
1356 350 1501 390 talium
1533 352 1646 404 cupi-

168 414 352 466 ditasque
384 414 604 468 signorum.
650 414 788 466 itaque
818 415 990 455 artifices
1022 427 1158 456 omnes
1182 416 1279 468 ipsis
1303 417 1429 458 isdem
1452 418 1519 470 qui
1543 420 1648 459 tem-

166 482 331 536 poribus
352 482 573 523 extiterunt
595 482 818 534 quibusque
840 483 990 535 primas
1020 484 1139 524 dabat
1161 486 1511 537 exprimendarum
1534 487 1648 527 simi—

166 551 389 591 litudinum
421 550 571 591 ueritas
602 551 711 591 omni
744 563 838 591 cura
869 552 1083 604 studioque
1115 554 1319 594 certabant
1351 554 1464 594 filum
1500 555 1645 607 capitis

138 618 377 672 sprostituti
409 618 622 671 Cythereia
654 619 693 659 in
725 618 945 660 simulacra
976 620 1198 670 traducere,
1231 621 1424 662 ardebant
1446 622 1647 663 artificum

165 690 192 740 ἢ·
223 687 324 729 scita
355 687 536 739 alterque
568 687 743 728 alterum
782 687 941 728 uincere
963 689 1213 729 contentiosa
1235 690 1507 731 aemulatione
1529 703 1648 743 quae—

165 756 320 804 rebant,
348 768 427 796 non
451 755 588 796 Venus
612 758 656 796 ut
679 756 894 808 augustior
916 756 1029 796 tieret
1057 758 1125 797 sed
1149 759 1193 797 ut
1216 758 1375 811 l'hryna
1404 770 1473 810 pro
1496 759 1647 799 Venere

165 826 301 865 staret.
350 825 469 876 atque
501 824 559 864 ita
588 824 783 876 perducta
814 826 875 865 est
906 837 968 865 res
1000 837 1042 865 eo
1075 827 1120 865 ut
1150 838 1219 877 pro
1250 826 1327 867 diis
1350 826 1648 867 immortalibus

166 906 279 934 sacra
320 892 601 934 meretricibus
638 892 779 933 fierent
811 894 850 933 et
883 893 1024 933 infelix
1062 894 1204 947 religio
1236 894 1443 946 signorum
1476 894 1647 935 fabrica·

121 978 152 1002 10
165 961 346 1002 tionibus
388 961 610 1001 falleretur.
658 961 763 1001 inter
799 961 1003 1014 significes
1035 962 1103 1002 ille
1134 966 1382 1004 memoratus
1414 962 1579 1003 Phidias
1610 964 1650 1003 et

166 1030 333 1084 primus,
365 1042 457 1070 cum
479 1028 659 1083 Olympii
693 1029 865 1070 formam
899 1029 1002 1070 Iouis
1034 1030 1244 1070 molimine
1276 1030 1405 1082 operis
1436 1030 1649 1071 extulisset

166 1098 358 1143 inmensi.
403 1110 521 1150 super
561 1098 625 1138 dei
667 1098 796 1151 digito
833 1109 1090 1138 PANTARCES
1123 1098 1328 1151 inscripsit
1360 1110 1566 1139 PULCHER
1596 1123 1652 1128 —

166 1180 310 1209 nornen
342 1168 478 1208 autem
511 1167 643 1207 fuerat
674 1167 801 1207 amati
823 1166 873 1207 ab
898 1180 938 1207 se
962 1168 1072 1219 puori
1096 1168 1216 1219 atque
1237 1167 1405 1208 obscena
1425 1167 1649 1220 cupiditate

171 1235 174 1290 Ι
211 1235 351 1276 dilecti
376 1261 422 1266 —
449 1247 574 1287 neque
606 1235 689 1275 ullo
721 1236 832 1275 metu
864 1238 923 1275 est
955 1238 1026 1276 aut
1058 1236 1250 1289 religione
1283 1239 1507 1277 commotus
1529 1236 1648 1277 deum
1662 1247 1683 1278 f.
1703 1246 1783 1278 127¹>

123 1322 151 1345 15
165 1305 326 1345 nomine
367 1304 586 1356 prostibuli
624 1316 874 1356 nuncupare,
918 1304 1144 1356 quinimmo
1176 1305 1330 1345 exoleto
1363 1304 1471 1344 Iouis
1502 1318 1649 1345 numen

166 1373 510 1424 simulacrumque
552 1384 721 1413 sacrare.
770 1385 895 1424 usque
937 1372 1034 1414 adeo
1066 1372 1186 1413 ludus
1220 1374 1281 1414 est
1312 1374 1351 1413 et
1380 1373 1547 1425 puerilis
1579 1374 1650 1414 ad—

168 1442 286 1482 fectio
317 1440 518 1494 sigillaria
549 1442 626 1481 ista
658 1440 843 1489 formare,
884 1441 1048 1482 adorare
1080 1453 1150 1494 pro
1182 1441 1243 1482 dis
1275 1454 1332 1493 ea,
1364 1441 1646 1482 sanctitatibus

165 1510 422 1551 accumulare
454 1509 617 1559 diuinis,
652 1522 744 1550 cum
777 1509 884 1562 ipsos
913 1509 1124 1550 uideamus
1145 1510 1321 1551 artifices
1346 1510 1385 1550 in
1409 1509 1647 1561 effingendis

164 1578 227 1619 his
258 1578 396 1619 ludere
429 1579 469 1619 et
500 1578 721 1618 libidinum
752 1579 1006 1630 propriarum
1048 1579 1308 1619 monumenta
1340 1579 1505 1619 sancire.
1552 1577 1649 1629 quid

120 1662 152 1685 20
165 1648 227 1687 est
258 1646 379 1696 enim,
413 1646 447 1687 si
479 1659 661 1698 quaeras,
696 1659 766 1687 cur
798 1646 965 1687 Phidias
997 1646 1135 1687 ludere
1156 1659 1201 1687 ac
1223 1646 1410 1687 lasciuire
1433 1645 1649 1695 dubitaret,

165 1728 258 1756 cum
289 1716 383 1757 ante
413 1715 628 1766 paululum
660 1714 853 1767 temporis
887 1715 1024 1755 Iouem
1058 1714 1192 1766 ipsum
1220 1728 1339 1767 quem
1362 1715 1508 1755 fecerat
1529 1714 1650 1754 sciret

163 1796 306 1825 aurum
354 1783 499 1832 fuisse,
548 1783 704 1835 lapides
745 1784 880 1834 atque,
905 1795 995 1824 ossa
1027 1783 1216 1823 informia
1254 1783 1458 1834 disparata
1488 1782 1651 1822 confusa

165 1864 286 1904 seque
317 1852 461 1892 horum
493 1852 675 1891 omnium
708 1854 1039 1903 congregatorem
1074 1855 1194 1903 atque
1216 1852 1452 1899 uinctorem‚
1484 1850 1647 1891 habitus

164 1920 221 1961 eis
252 1933 322 1973 per
354 1933 394 1960 se
428 1920 543 1960 datos
585 1919 859 1960 membrorum
890 1919 1161 1959 similitudine
1205 1919 1403 1960 fabricata
1442 1920 1499 1967 et,
1540 1918 1645 1970 quod

121 1989 270 2029 zusinter
301 1988 437 2029 omnia
474 1988 653 2040 primum
686 1991 765 2030 est,
814 1987 876 2027 sui
908 2000 993 2028 esse
1026 1988 1263 2027 beneficium
1300 1986 1498 2037 muneris,
1544 1986 1649 2038 quod

165 2059 286 2098 natus
320 2055 404 2112 [per
435 2055 490 2111 se}
516 2082 532 2099 *
556 2057 661 2097 esset
697 2057 819 2107 atque
840 2056 883 2096 in
908 2056 1025 2096 rebus
1048 2055 1282 2096 adoraretur
1303 2055 1520 2095 humanis?
1552 2054 1650 2094 libet
1670 2061 1715 2099 14

164 2124 205 2165 in
237 2125 311 2166 1100
342 2125 448 2173 loco,
493 2128 703 2176 tamquam
736 2124 768 2165 si
801 2136 938 2164 omnes
981 2123 1118 2164 adsint
1150 2125 1344 2164 terrarum
1380 2136 1424 2163 ex
1456 2123 1548 2162 orbe
1579 2135 1650 2163 na-

164 2193 314 2244 tiones,
354 2206 475 2234 unam
514 2192 643 2234 facere
675 2192 903 2233 contionem
954 2193 1074 2244 atque
1106 2192 1147 2232 in
1179 2204 1294 2232 aures
1334 2191 1430 2232 haec
1467 2190 1648 2231 omnium

210 2385 227 2417 1
256 2384 336 2418 istic
363 2384 549 2417 Mem-sius
685 2383 707 2416 4
733 2382 830 2416 filum
857 2383 947 2416 Sub:
973 2382 1087 2415 filium
1115 2382 1147 2415 Ρ
1285 2382 1306 2414 ἴ)
1331 2380 1503 2424 chytcreia
1529 2381 1563 2413 P

164 2442 184 2475 ⁴3
210 2441 310 2484 scita]
337 2441 429 2474 caela.
461 2440 478 2474 [3
625 2439 642 2472 ἶ
669 2439 805 2482 I'hryuc
837 2439 920 2472 Gel:
953 2439 1052 2481 sryna
1080 2439 1113 2471 P
1138 2438 1273 2481 Phyrne
1300 2438 1370 2471 Sub
1510 2438 1550 2470 ll)
1574 2437 1653 2470 fidi-

165 2508 202 2532 as
228 2499 263 2532 P
437 2500 471 2530 et
501 2497 581 2530 (iel.-
607 2499 659 2529 cst
684 2497 713 2529 la
891 2497 932 2528 12
960 2495 1147 2528 l'antarces
1179 2495 1266 2527 I'rs:
1299 2494 1504 2537 pantarches
1531 2494 1565 2527 P

166 2555 208 2588 15
225 2554 357 2588 exoleto
376 2555 464 2588 Sub:
482 2554 607 2587 exileto
628 2554 662 2587 Ι)
766 2554 806 2586 16
826 2553 967 2595 puerilis
985 2553 1072 2585 Sub:
1092 2563 1173 2594 puer
1192 2552 1246 2584 his
1266 2552 1298 2585 Ι)
1404 2551 1443 2583 1Ῑ
1463 2550 1528 2583 diis
1546 2561 1564 2584 c

165 2614 214 2657 ca]
234 2615 268 2646 ct
292 2612 360 2646 Urs
497 2611 609 2645 sancti
630 2609 761 2644 talibus
782 2610 852 2643 Sub
991 2611 1035 2642 20
1053 2609 1150 2642 iidias
1173 2610 1204 2642 P
1339 2608 1383 2641 22
1400 2608 1467 2641 diis
1485 2611 1606 2651 param
1624 2619 1651 2645 c.

167 2670 238 2703 Sao
264 2681 345 2704 corr
371 2670 409 2702 in
433 2679 491 2702 err
646 2668 687 2700 23
712 2678 759 2710 sq.
786 2667 912 2700 habitu
938 2666 985 2699 cis
1012 2677 1070 2709 por
1095 2677 1130 2699 sc
1156 2665 1239 2698 dato
1265 2666 1332 2698 lfrs
1479 2666 1521 2698 24
1547 2676 1651 2698 mom-

168 2727 306 2760 brorum
336 2727 481 2770 scripsi.-
522 2725 555 2758 in
594 2724 886 2757 111‹·111br0run1P
1043 2723 1077 2755 in
1114 2722 1346 2755 membrorum
1382 2721 1650 2755 similitu-linem

166 2784 318 2817 Zenlcius
453 2783 496 2816 ‘26
522 2793 580 2826 pcr
597 2793 630 2815 se
648 2781 775 2815 seclusi
911 2779 1078 2813 lacunam
1096 2780 1262 2822 sissnaici:
1290 2778 1509 2812 intercidisse
1526 2778 1649 2812 uiden-

168 2844 228 2875 tur
251 2841 338 2874 haec
362 2839 545 2883 Olympius
570 2838 727 2882 Iuppiter
867 2835 1094 2869 adnotaretur
1125 2835 1190 2869 Urs

308 2907 368 2943 iv.
1480 2905 1518 2937 15
