2032 3248
316 190 376 232 44
725 189 914 223 Arnobii
946 189 1157 224 aduersus
1190 191 1403 225 nationes

319 305 472 348 herent.
525 318 619 347 cum
657 305 766 346 enim
805 305 853 346 de
898 305 1129 347 animarum
1174 305 1366 359 periculis
1403 306 1537 348 multa
1568 307 1594 358 ἢ
1625 307 1736 348 mala
1766 307 1814 349 de

317 375 486 417 illarum
517 374 657 416 contra
687 374 928 425 insinuator,
960 374 1157 428 magister
1187 377 1309 427 atque
1341 375 1481 416 auctor
1511 375 1561 416 ad
1587 375 1814 417 officiorum

317 443 649 487 conuenientium
679 442 781 485 fines
812 455 905 485 suas
942 443 1053 498 leges
1085 444 1127 485 et
1158 444 1383 485 constituta
1420 444 1587 486 direxit:
1632 456 1713 486 non
1744 457 1813 486 su-

317 513 481 568 perbiae
511 511 667 554 fastum
705 512 969 566 comminuit,
1012 525 1092 554 non
1129 512 1354 554 libidinum
1404 512 1576 554 extinxit
1612 512 1811 563 flammas,

317 594 398 624 non
428 582 590 624 hiatum
620 582 863 635 compressit
894 580 1123 633 auiditatis,
1157 592 1235 622 non
1266 582 1351 624 tela
1382 582 1554 623 extorsit
1582 594 1603 623 e
1624 582 1812 624 manibus
1843 599 1858 624 ⁵

316 653 439 704 atque
470 651 606 692 omnia
636 650 855 692 seminaria
877 650 1004 692 totius
1031 650 1274 692 uitiositatis
1296 650 1501 693 abscidit?
1532 651 1618 705 ipse
1640 651 1812 704 denique

315 732 394 762 non
424 720 539 771 lenis,
573 731 652 760 non
682 719 881 773 placidus,
913 731 992 760 non
1023 731 1186 761 accessu
1217 719 1364 771 facilis,
1397 731 1476 761 non
1497 719 1714 762 familiaris
1745 721 1812 762 ad-

314 790 416 840 fatu,
448 800 527 830 non
557 789 756 830 humanas
787 788 973 829 miserias
1003 788 1254 830 indolescens
1276 801 1416 830 omnes
1438 789 1601 830 omnino
1624 789 1811 831 crucibus

315 859 355 900 et
385 857 661 912 corporalibus
707 856 886 899 adfectos
922 857 1063 908 malis,
1111 857 1264 899 morbis
1303 858 1421 900 unica
1451 857 1526 899 illa
1556 858 1811 912 benignitate

245 929 300 970 64
316 927 534 969 miseratus
566 926 744 968 reddidit
775 927 815 967 et
845 926 1030 968 restituit
1061 927 1257 968 sanitati?
1303 927 1401 980 quid
1432 940 1526 981 ergo
1549 939 1620 968 uos
1642 927 1809 981 subigit,
1826 944 1859 969 10

314 997 412 1050 quid
450 996 637 1037 hortatur
675 995 915 1037 maledicere
954 996 1172 1037 conuiciari
1209 996 1475 1049 inexpiabiles
1514 1008 1606 1037 curn
1639 1008 1683 1038 eo
1714 1008 1807 1038 con-

313 1078 442 1108 serere
472 1064 717 1115 simultates,
751 1076 870 1117 quem
892 1066 1146 1119 redarguere,
1180 1078 1302 1118 quem
1331 1067 1466 1107 tenere
1487 1078 1605 1107 nemo
1627 1066 1809 1106 omnium

310 1134 440 1188 possit
470 1134 597 1175 ullius
629 1133 819 1175 facinoris
851 1134 894 1175 in
924 1134 1071 1175 reatu?
1106 1135 1299 1188 tyrannos
1331 1147 1377 1177 ac
1404 1147 1518 1189 reges
1541 1138 1708 1186 uestros,
1742 1137 1810 1188 qui

310 1203 534 1257 postposito
574 1202 741 1243 deorum
783 1203 896 1244 metu
928 1202 1094 1244 donaria
1137 1203 1314 1256 spoliant
1345 1204 1673 1258 populanturque
1703 1206 1808 1246 tem-

311 1273 493 1326 plorum,
536 1271 606 1324 qui
637 1271 1002 1325 proscriptionibus
1041 1271 1173 1313 exiliis
1217 1272 1406 1314 caedibus
1452 1273 1610 1315 nudant
1655 1273 1805 1315 nobili-
1824 1291 1853 1315 15

309 1342 464 1383 tatibus
508 1340 720 1390 ciuitates,
768 1340 837 1394 qui
883 1342 1165 1382 matronarum
1210 1343 1406 1394 pudorem
1448 1354 1494 1383 ac
1525 1342 1734 1396 uirginum
1766 1342 1807 1382 ui

310 1411 513 1452 subruunt
554 1411 675 1463 atque
718 1409 897 1462 eripiunt
927 1410 1162 1460 licentiosa,
1203 1410 1423 1464 appellatis
1455 1411 1655 1464 indigetes
1685 1412 1807 1463 atque

310 1480 441 1530 diuos,
473 1480 514 1521 et
544 1490 643 1532 quos
674 1478 777 1520 odiis
809 1478 1033 1520 acrioribus
1065 1479 1332 1520 conueniebat
1363 1493 1386 1520 a
1408 1479 1525 1521 uobis
1557 1480 1681 1532 carpi,
1712 1480 1806 1533 pul-

308 1547 521 1590 uinaribus
554 1548 635 1589 aris
667 1547 834 1601 templis
865 1548 987 1601 atque
1018 1547 1098 1589 alio
1130 1548 1322 1590 mactatis
1362 1548 1496 1602 cultu,
1544 1548 1736 1590 ludorum
1768 1549 1807 1589 et

309 1616 549 1659 celebritate
580 1616 794 1658 natalium.
845 1628 918 1657 nec
947 1629 1024 1658 non
1048 1617 1089 1657 et
1110 1616 1203 1657 illos
1226 1628 1378 1667 omnes,
1412 1617 1482 1669 qui
1509 1617 1806 1670 conscriptione
1821 1636 1853 1660 ρο

215 1693 240 1727 f.
253 1695 296 1726 26
309 1686 568 1727 uoluminum
588 1685 836 1727 multiformi
857 1683 1088 1726 maledictis
1110 1685 1368 1727 mordacibus
1396 1687 1567 1738 carpunt
1593 1685 1597 1740 Ι
1624 1685 1806 1739 publicos

308 1767 459 1806 moreS,
507 1755 575 1808 qui
608 1754 792 1796 luxurias
824 1766 870 1796 ac
900 1754 1004 1796 uitia
1050 1755 1187 1795 uestra
1232 1756 1371 1796 secant
1408 1756 1532 1796 urunt
1571 1755 1803 1803 dilacerant,
1833 1786 1837 1791 .

308 1824 378 1878 qui
410 1825 473 1866 sui
504 1824 702 1877 temporis
746 1824 920 1877 posteris
965 1824 1082 1865 notas
1120 1823 1364 1877 scriptorum
1404 1823 1681 1877 perpetuitate
1711 1835 1804 1876 pro-

307 1894 461 1935 latant:
508 1893 578 1946 qui
618 1892 883 1934 matrimonia
919 1892 1166 1946 persuadent
1203 1892 1393 1934 habenda
1432 1905 1517 1934 esse
1559 1895 1803 1941 communia,

309 1963 502 2016 quicum
547 1962 682 2016 pueris
728 1962 912 2003 cubitant
957 1960 1173 2004 formonsis
1204 1961 1514 2003 lasciuientibus
1547 1961 1686 2013 nudis,
1735 1962 1802 2014 qui
1818 1982 1849 2006 25

306 2031 479 2085 pecudes
510 2043 582 2073 uos
614 2043 714 2084 esse,
748 2031 817 2083 qui
848 2030 1059 2085 fugitiuos,
1092 2031 1162 2083 qui
1193 2030 1338 2081 exules,
1370 2030 1440 2083 qui
1463 2029 1690 2072 uilissimae
1716 2042 1802 2071 ser-

307 2113 377 2142 uos
399 2101 532 2152 notae,
563 2100 735 2142 furiosos
758 2099 995 2154 praedicant
1016 2101 1057 2141 et
1087 2099 1262 2150 insanos,
1292 2099 1542 2141 admirantes
1563 2098 1802 2151 plaudentes

353 2306 370 2339 1
396 2315 446 2349 sq.
469 2305 680 2339 medelarum
711 2307 834 2340 contra
864 2305 1066 2340 insinuator
1096 2305 1162 2340 Gel
1190 2305 1303 2339 multa
1327 2305 1370 2339 dc
1394 2304 1538 2339 illarum
1563 2307 1690 2339 natura
1715 2304 1802 2338 insi—

305 2364 432 2397 nuator
463 2363 530 2397 Urs
554 2363 669 2397 multa
699 2363 741 2397 de
771 2363 914 2397 illarum
946 2364 1075 2397 natura
1106 2362 1303 2396 insinuaret
1334 2362 1614 2406 Oudendorpz‘us
1643 2361 1734 2395 male
1760 2361 1802 2394 dc

305 2419 455 2454 aliorum
480 2419 643 2455 doctrina
660 2420 926 2454 insinuarentur
946 2421 964 2455 y
1079 2420 1100 2454 2
1116 2421 1237 2454 auctor
1253 2421 1374 2453 noster
1398 2419 1416 2453 12
1531 2420 1552 2453 3
1569 2419 1749 2463 superuiae
1774 2420 1804 2452 P

305 2488 386 2512 corr
403 2480 431 2512 θ’
561 2477 585 2512 4
601 2478 766 2512 extincsit
781 2478 816 2512 P
942 2478 963 2512 9
981 2477 1112 2511 morbis
1130 2478 1312 2520 expunoeit
1329 2483 1368 2519 θ’,
1385 2487 1440 2511 om
1458 2477 1531 2511 Sab
1664 2476 1706 2511 10
1724 2477 1801 2520 quit

306 2535 341 2568 P
358 2545 439 2569 corr
585 2535 625 2569 11
651 2535 730 2579 quit
754 2536 790 2570 P
935 2535 976 2569 12
1001 2534 1184 2568 hominum
1211 2534 1282 2568 Sub
1431 2534 1473 2567 14
1496 2534 1802 2578 populantur-quae

305 2591 341 2625 P
361 2602 442 2625 corr
627 2593 668 2626 15
693 2592 809 2626 exiliis
834 2591 951 2626 Salm:
988 2592 1083 2626 exuis
1112 2592 1146 2625 P
1171 2593 1205 2625 et
1230 2591 1303 2625 suis
1329 2591 1401 2625 Sab
1438 2592 1474 2624 et
1498 2590 1611 2624 saeuis
1644 2590 1711 2625 Urs

307 2648 348 2682 17
373 2648 530 2683 ubruunt
555 2650 591 2683 P
613 2660 692 2684 corr
716 2654 745 2684 c‘
894 2649 936 2683 18
962 2649 1061 2682 diuos
1090 2648 1170 2682 Gel:
1196 2648 1302 2682 duros
1327 2649 1363 2682 P
1386 2647 1465 2682 deos
1491 2647 1564 2682 Sab
1588 2648 1628 2681 in
1652 2658 1712 2681 err

305 2706 543 2741 comneniebat
569 2707 604 2741 P
746 2706 791 2741 20
815 2706 1039 2741 caelebritate
1066 2706 1101 2740 P
1244 2705 1288 2739 22
1312 2705 1403 2739 uitia
1428 2708 1548 2739 uestra
1580 2705 1666 2739 Urs:
1707 2706 1800 2739 uitas

304 2764 440 2797 uestras
458 2764 493 2798 P
631 2765 674 2798 23
692 2764 746 2798 sui
771 2764 859 2798 Urs:
885 2763 921 2798 in
940 2764 974 2798 P
1110 2763 1154 2797 25
1171 2761 1331 2796 formosis
1348 2763 1376 2796 ε’
1513 2762 1557 2796 26
1575 2773 1653 2796 suos
1673 2762 1743 2796 Sab
