2032 3248
766 212 981 246 Carmina.
1530 213 1612 256 325

263 320 342 357 395
375 320 423 356 Et
446 320 593 355 seruate
616 318 697 365 pias
720 329 881 365 ueroque
904 318 941 354 in
964 317 1111 355 nomine
1134 320 1289 355 mentes.

373 389 428 425 Ac
451 388 599 425 ueniam
621 387 751 434 primis
773 386 961 434 supplices
983 388 1112 433 rogate
1135 387 1298 424 delictis.

374 458 453 494 Iam
477 457 549 493 iam
572 468 663 503 pura
685 456 758 503 piis
780 457 1034 492 maturescant
1056 457 1167 492 corda
1188 456 1342 502 colonis,

374 527 631 572 Innocuasque
654 536 785 562 manus
807 524 981 571 precibus
1003 524 1175 563 adtollite
1198 524 1308 562 iustis

373 595 564 632 Laudibus
588 597 625 631 et
647 594 779 631 faciles
802 593 940 631 diuinis
966 594 1109 631 reddite
1133 605 1253 632 uoces.

260 666 342 702 400
372 664 634 711 Incipiantque
657 663 764 700 bonis
786 663 959 710 uerisque
983 663 1202 700 adsuescere
1224 664 1379 709 mentes,

373 733 605 780 Diuinaeque
627 732 746 779 magis
769 732 1005 769 celebrentur
1026 743 1181 769 munera
1200 731 1311 779 legis,

369 804 418 840 Et
444 803 647 839 memorate
669 801 765 838 bona
786 801 972 848 simulque
996 800 1162 838 inuadite
1184 800 1297 838 facta.

375 871 530 909 Sordida
552 870 735 907 uilescant
757 869 845 908 olim
869 869 1054 907 conmissa
1075 870 1272 916 malorum,

372 940 421 977 Et
443 939 597 976 meliora
619 938 692 985 piis
714 938 928 986 flagrabunt
951 937 1076 976 omnia
1097 938 1215 984 uobis,

262 1009 343 1046 405
374 1008 657 1055 Horrendisque
681 1007 793 1045 simul
815 1007 999 1045 liberatur
1024 1007 1100 1045 uita
1121 1007 1272 1054 periclis

372 1078 503 1125 Adque
526 1079 679 1115 aeterna
703 1077 781 1114 suis
803 1077 930 1115 ueniet
952 1077 997 1114 ad
1019 1077 1183 1124 praemia
1205 1076 1316 1116 uotis.

214 1268 281 1302 395
306 1270 341 1301 et
358 1294 364 1301 .
381 1295 387 1301 .
404 1268 456 1301 ‚in
490 1269 521 1300 T
541 1268 581 1300 in
605 1278 675 1301 ras.
780 1267 847 1301 396
873 1267 1042 1310 supplicis
1068 1267 1106 1300 D
1213 1268 1340 1311 rogata
1370 1267 1401 1302 T
1506 1265 1616 1300 delec-

123 1326 172 1360 tis
203 1325 253 1359 W
355 1326 423 1359 400
448 1325 682 1368 incipiamque
710 1325 809 1359 TW¹
924 1324 991 1358 402
1016 1326 1150 1358 morate
1176 1324 1208 1358 T
1312 1324 1404 1358 bona
1429 1334 1493 1358 om.
1523 1324 1574 1359 W

123 1383 191 1417 403
217 1383 352 1417 sordita
368 1383 406 1416 D
554 1383 725 1417 uilescant
747 1383 795 1418 W
820 1383 832 1416 l
857 1393 902 1417 ea:
919 1384 946 1422 t,
972 1383 1150 1416 nitescant
1175 1382 1270 1416 DTv
1419 1392 1498 1416 eum
1523 1392 1616 1416 com-

123 1441 232 1474 missa
259 1441 291 1475 Τ
423 1440 490 1474 404
516 1442 550 1474 et
576 1451 640 1474 om.
672 1441 704 1475 T
845 1440 1045 1484 flagrabant
1076 1441 1123 1474 W
1259 1440 1326 1474 405
1350 1439 1515 1484 periculis
1544 1440 1576 1472 Τ

122 1498 190 1532 406
214 1498 358 1532 uenient
390 1499 445 1532 W.
471 1518 515 1522 —-
541 1498 694 1541 Explicit
716 1498 764 1539 I),
791 1497 916 1532 Cecilii
942 1497 1109 1542 Cypriani
1135 1497 1179 1531 ad
1205 1497 1370 1531 Flauium
1396 1497 1549 1532 Felicem
1573 1497 1615 1532 de

122 1556 372 1589 resurrectione
397 1557 612 1589 mortuorum
638 1555 781 1599 explicit
808 1556 848 1596 Τ,
880 1555 1034 1599 Explicit
1060 1555 1100 1589 de
1125 1556 1373 1591 resurrectione
1397 1557 1614 1590 mortuorum

122 1613 246 1648 Cecilii
271 1613 436 1657 Cypriani
462 1612 505 1646 ad
532 1612 684 1649 Felicem
717 1613 771 1647 W.
800 1632 841 1637 ——
