2032 3248
391 233 471 275 178
802 228 990 263 Arnobii
1016 228 1238 262 aduersus
1264 227 1481 261 nationes

388 358 510 399 huius
533 356 716 398 muneris
740 368 879 396 curam
911 354 1036 396 Liber
1067 354 1109 395 in
1141 366 1182 395 se
1214 352 1402 405 suscipit.
1436 351 1686 394 familiarem
1718 352 1782 393 illi
1815 351 1904 393 fon-

389 428 495 476 tem,
537 437 616 478 quo
648 426 836 466 ardorem
868 423 1003 465 fuerat
1034 424 1175 464 suetus
1207 424 1248 464 et
1270 421 1440 463 sitiendi
1472 420 1602 462 lenire
1633 419 1900 474 flagrantiam

389 495 486 537 ludo
511 498 550 536 et
583 492 872 535 uenationibus
904 493 1148 542 excitatam,
1180 491 1441 534 ualidissima
1471 490 1684 532 succendit
1713 490 1757 532 ui
1789 489 1903 531 meri.

390 564 650 607 necessitatis
666 564 710 604 in
728 564 912 616 tempore
929 562 1127 604 haustum
1161 560 1338 603 accurrit
1357 560 1562 615 Agdestis‚
1588 559 1905 601 immoderatius

390 633 598 686 potionem
629 632 845 673 hiantibus
868 630 986 672 uenis
1017 630 1149 684 rapit:
1181 629 1229 671 fit
1260 630 1307 671 ut
1337 630 1509 671 insolita
1540 642 1583 671 re
1613 629 1750 671 uictus
1783 640 1902 682 sopo-
1941 643 1958 669 5

391 714 477 743 rem
516 702 558 742 in
600 700 859 742 altissimum
898 700 1169 753 deprimatur.
1214 699 1331 740 adest
1370 699 1423 740 ad
1464 698 1639 740 insidias
1678 697 1822 748 Liber,
1862 710 1909 738 ex

391 770 491 812 setis
507 769 784 812 scientissime
806 768 1050 822 conplicatis
1073 768 1207 810 imum
1229 768 1399 822 plantae
1420 767 1541 809 inicit
1561 767 1771 821 laqueum,
1794 767 1909 820 parte

391 840 523 882 altera
558 839 693 892 proles
731 850 826 879 cum
866 837 969 892 ipsis
1007 837 1258 891 genitalibus
1299 838 1483 891 occupat.
1517 837 1716 879 exhalata
1754 836 1826 878 ille
1866 836 1910 878 ui

397 908 500 950 meri
540 908 712 960 corripit
751 920 794 948 se
825 907 985 960 impetu
1027 908 1067 948 et
1098 907 1326 949 adducente
1364 920 1493 948 nexus
1525 907 1670 960 planta
1701 906 1788 948 31113
1821 906 1908 960 ipse

393 990 436 1020 se
464 976 624 1019 uiribus
656 989 700 1018 eo
733 987 812 1029 quo
844 978 910 1017 uir
940 976 1028 1017 erat
1058 976 1200 1030 priuat
1236 988 1346 1017 sexu.
1387 988 1481 1017 cum
1520 975 1692 1017 discidio
1724 975 1906 1029 partium
1929 992 1961 1016 ιο

393 1046 563 1099 sanguis
595 1044 690 1086 fluit
721 1045 957 1097 inmensus,
998 1045 1218 1098 rapiuntur
1249 1046 1290 1086 et
1321 1044 1618 1086 combibuntur
1647 1045 1748 1087 haec
1779 1047 1905 1096 terra,

392 1116 552 1158 malum
583 1114 750 1168 repente
782 1126 876 1155 cum
898 1113 1032 1166 pomis
1054 1126 1102 1156 ex
1122 1113 1188 1155 his
1209 1114 1407 1167 punicum
1429 1113 1629 1155 nascitur.
1654 1114 1771 1155 cuius
1791 1114 1911 1156 Nana

393 1184 571 1238 speciem
610 1183 891 1236 contemplata
929 1182 1040 1237 regis
1081 1182 1256 1238 Sangari
1303 1183 1372 1224 uel
1417 1182 1603 1224 fluminis
1650 1183 1738 1225 filia
1777 1184 1912 1238 carpit

394 1253 553 1296 mirans
595 1252 718 1305 atque
757 1251 800 1293 in
837 1252 930 1293 sinu
968 1252 1154 1306 reponit:
1195 1252 1244 1294 fit
1284 1265 1331 1294 ex
1376 1264 1420 1294 eo
1451 1264 1664 1308 praegnas.
1697 1253 1911 1307 tamquam

393 1324 590 1366 uitiatam
608 1321 767 1363 claudit
790 1322 908 1374 pater
929 1321 970 1363 et
994 1322 1112 1363 curat
1136 1321 1183 1363 ut
1212 1321 1350 1363 inedia
1379 1321 1601 1363 moriatur:
1631 1322 1764 1375 pomis
1787 1324 1910 1376 atque
1933 1335 1965 1361 15

395 1393 489 1435 aliis
529 1391 694 1445 pabulis
744 1391 868 1433 deum
908 1391 1169 1432 sustentatur
1208 1404 1232 1432 a
1271 1392 1416 1433 matre.
1459 1391 1634 1433 enititur
1677 1393 1910 1444 paruulum.

397 1461 469 1503 sed
509 1461 654 1515 exponi
694 1460 919 1515 Sangarius
960 1460 1182 1513 praecipit:
1223 1460 1432 1513 repertum
1474 1460 1609 1501 1103010
1648 1461 1741 1514 quis
1784 1462 1915 1503 sumit

398 1533 425 1585 †
457 1531 631 1579 formas,
672 1530 781 1571 lacte
824 1528 900 1570 alit
938 1528 1129 1582 hirquino
1168 1530 1209 1570 et
1252 1529 1447 1582 quonIam
1491 1529 1622 1583 Lydia
1653 1530 1825 1572 scitulos
1857 1530 1915 1572 sic

398 1600 531 1650 uocat,
564 1600 633 1642 uel
663 1599 761 1653 quia
781 1598 950 1652 hirquos
971 1598 1158 1653 Phryges
1191 1598 1276 1640 suis
1298 1599 1463 1653 attagos
1486 1598 1786 1641 elocutionibus
1809 1613 1915 1642 nun-

399 1670 572 1722 cupant,
612 1669 708 1711 inde
740 1668 857 1710 Attis
897 1680 1047 1710 nomen
1085 1669 1133 1709 ut
1171 1667 1390 1709 sortiretur
1422 1667 1594 1710 effluxit.
1639 1668 1748 1711 hunc
1789 1669 1910 1711 unice
1931 1679 1964 1705 20

400 1739 533 1780 mater
564 1738 708 1792 deum,
748 1750 816 1780 ore
847 1737 983 1779 fuerat
1015 1738 1124 1791 quod
1156 1737 1528 1788 excellentissimo,
1568 1737 1783 1793 diligebat.
1817 1738 1914 1780 dili-

401 1807 527 1862 gebat
559 1807 600 1849 et
631 1806 843 1862 Agdestis‚
878 1806 1056 1848 blandus
1089 1806 1231 1848 adulto
1265 1818 1400 1848 0011103
1424 1807 1465 1848 01
1488 1819 1568 1860 qua
1599 1807 1735 1849 solum
1756 1810 1918 1861 poterat

281 1890 306 1925 f.
322 1889 387 1924 101
403 1876 575 1918 minime
617 1876 739 1918 rectis
778 1875 1135 1918 adsentationibus
1174 1875 1366 1917 uinctum
1398 1876 1582 1918 saltuosa
1613 1876 1767 1919 ducens
1804 1877 1809 1932 Ι
1846 1891 1917 1932 per

447 2054 468 2088 2
493 2053 654 2088 ardorem
672 2053 764 2088 Sub.-
789 2052 943 2087 o¹d0rem
959 2053 995 2088 P
1134 2053 1245 2087 lenire
1264 2052 1358 2088 Sab:
1383 2053 1494 2088 leniet
1508 2053 1545 2088 P
1685 2053 1916 2098 flagrantiam

403 2110 496 2146 Sab:
523 2110 760 2155 fraglantiam
789 2110 825 2144 P
975 2109 997 2144 3
1021 2109 1240 2144 ualidissimi
1271 2110 1344 2145 Urs
1499 2110 1522 2145 4
1547 2111 1698 2145 aestatis
1731 2111 1802 2146 Urs

400 2168 555 2203 acdestis
582 2168 618 2202 P
755 2167 775 2201 7
801 2168 914 2202 imum
944 2167 1150 2202 Canterus:
1176 2178 1286 2201 unum
1305 2168 1341 2202 P
1479 2167 1646 2212 planctae
1663 2168 1699 2202 P
1717 2179 1802 2204 corr

401 2226 423 2260 8
448 2225 615 2260 exhalata
645 2225 733 2267 Urs,
768 2224 950 2270 Scaliyer:
983 2224 1101 2259 exalta
1127 2225 1163 2259 P
1187 2225 1367 2259 exaltatus
1393 2225 1467 2260 Sab
1660 2226 1704 2260 10
1729 2237 1798 2270 (1110
1825 2227 1918 2262 Sab:

403 2283 499 2329 quod
524 2284 559 2318 P
708 2283 766 2316 uir
791 2284 867 2316 erat
898 2282 978 2323 Urs,
1004 2282 1192 2327 Scaliger:
1217 2282 1334 2317 fuerat
1362 2283 1397 2317 P
1550 2283 1702 2318 dissidio
1729 2283 1803 2319 Sab

402 2353 446 2387 12
462 2354 608 2396 repente
627 2351 702 2386 Sab
715 2365 727 2385 .·
744 2342 893 2396 repente
908 2352 944 2385 te
961 2351 998 2386 P
1143 2352 1183 2385 in
1200 2362 1258 2397 mg]
1275 2352 1306 2385 R
1447 2352 1618 2396 punicum
1637 2352 1709 2386 Sab
1720 2366 1731 2386 .·
1757 2353 1919 2397 pinicum

403 2410 440 2445 P
463 2420 618 2454 puneum
643 2409 696 2444 sic
720 2419 740 2443 r
904 2408 1009 2443 Nana
1038 2408 1124 2443 Gel:
1151 2411 1238 2444 nata
1263 2410 1299 2444 P
1321 2420 1415 2443 nana
1442 2410 1515 2445 Sab
1541 2421 1655 2454 grana
1680 2411 1721 2444 in
1746 2421 1805 2445 err

403 2468 447 2502 13
473 2466 623 2511 Sangari
649 2466 722 2511 uel]
749 2465 917 2510 sangarii
935 2466 1008 2501 Sab
1147 2467 1191 2501 14
1215 2477 1389 2512 praegnas
1406 2478 1445 2501 r:
1470 2468 1697 2512 praegnatP
1716 2478 1919 2513 praegnans

404 2523 479 2559 sab
619 2524 664 2558 15
689 2523 827 2558 oriatur
846 2524 881 2558 P
898 2534 980 2559 corr
1122 2524 1164 2559 16
1190 2524 1334 2568 pabulis
1353 2525 1534 2570 190οῖ19ον.-
1551 2524 1687 2559 tabulis
1707 2526 1742 2559 P
1759 2525 1916 2560 bacculis

404 2582 477 2617 Sab
595 2581 637 2615 17
664 2580 862 2625 Sangarius
890 2580 982 2615 Sab:
1012 2581 1269 2625 sanguinarius
1289 2581 1325 2616 P
1439 2581 1519 2634 quis
1538 2581 1630 2615 Sab:
1657 2581 1744 2625 quid
1769 2583 1806 2617 P

404 2639 449 2674 18
474 2638 633 2672 formans
659 2637 734 2673 Sab
760 2638 804 2673 in
829 2649 890 2672 err
915 2639 1048 2672 format
1077 2637 1145 2673 Gez
1170 2638 1331 2673 Phorbas
1359 2638 1459 2672 Scclm
1601 2639 1643 2672 19
1661 2638 1780 2684 frygis
1799 2639 1824 2681 (i
1842 2640 1885 2674 in
1904 2650 1920 2673 e

403 2697 500 2740 corr)
527 2696 562 2730 P
700 2695 747 2730 20
764 2695 855 2740 Atys
871 2695 943 2730 Sab
959 2696 1012 2731 sic
1029 2706 1171 2739 semper
1310 2696 1354 2730 21
1373 2695 1487 2738 deum,
1505 2705 1564 2730 ore
1583 2695 1676 2730 Sab:
1694 2696 1736 2731 de
1761 2707 1859 2731 more
1878 2697 1914 2731 P

406 2753 448 2788 de
461 2753 638 2787 humorec
777 2752 965 2797 diligebat.
995 2752 1175 2798 diligebat
1192 2753 1401 2787 Meursius:
1426 2752 1607 2797 diligebat
1622 2753 1657 2788 P
1796 2754 1839 2788 12
1864 2764 1919 2788 ac-

406 2809 517 2845 destis
542 2810 577 2844 P
728 2820 845 2844 comes
873 2810 969 2846 Sab:
1001 2810 1111 2845 comis
1138 2810 1174 2844 P
1324 2810 1369 2845 23
1394 2810 1541 2844 minime
1564 2811 1715 2855 scripsi:
1740 2811 1859 2845 minus
1886 2811 1922 2845 P

406 2877 529 2902 amans
562 2866 629 2901 Gel
772 2867 877 2901 tectis
905 2867 971 2902 Gel
1111 2867 1274 2902 uinctum
1301 2868 1504 2913 Rigaltius:
1532 2868 1677 2903 uinctus
1703 2868 1738 2903 P
