2032 3248
329 224 411 266 318

328 336 515 372 diffusione
523 338 753 383 uoluptatum
761 337 964 373 mollescere
972 337 1052 380 240,
1060 338 1083 373 8

328 394 439 439 digna
462 394 504 429 de
529 394 650 440 dignis
684 395 815 430 sentire
846 395 903 437 26,
921 395 964 430 19
1005 394 1083 441 dig-

373 462 501 486 norum
526 451 679 487 elocutio
703 451 782 495 210,
802 452 845 487 10

327 509 470 554 digredi
493 509 648 544 uinculis
671 509 827 554 corporis
851 509 907 553 26,
924 510 969 545 29

329 566 507 612 diiugatio
525 567 728 602 animarum
753 577 774 602 a
797 568 1003 613 corporibus
1028 568 1081 609 59,

377 624 421 659 18

328 681 491 726 diiugare
517 682 593 724 182,
607 682 649 716 21

326 738 519 774 dilacerare
544 739 726 774 frumenta
751 739 805 783 14,
824 739 867 774 12

328 795 479 831 dilatare
498 797 672 841 angustas
695 806 750 831 res
775 797 866 831 satis
889 795 1083 832 ambitioso

374 853 559 898 praeconio
583 853 639 896 37,
656 853 702 888 25
741 854 842 889 niues
873 854 911 889 in
943 854 1082 900 plumas

374 911 410 945 et
434 909 563 945 foliola
587 910 740 946 dilatare
764 911 810 955 (P)
834 912 889 955 95,
909 912 926 947 1

328 966 478 1002 dimissa
503 969 558 1002 est
581 978 688 1003 causa
711 969 751 1003 in
767 969 806 1004 id
829 969 944 1005 solum
968 971 1009 1004 ut
1025 970 1081 1011 38,

376 1024 419 1059 14

328 1081 508 1117 dimouere
539 1093 595 1117 res
620 1083 817 1118 contrarias
846 1084 989 1126 247,18
1028 1095 1082 1119 res

373 1150 394 1173 a
418 1141 542 1174 nostra
566 1141 689 1185 procul
708 1142 914 1186 cognitione
927 1142 1084 1177 dimotae

373 1196 428 1239 96,
446 1196 491 1231 23
515 1196 561 1231 ab
575 1199 672 1233 omni
686 1200 856 1234 scelerum
870 1199 1085 1244 contagione

373 1253 503 1288 dimoti
526 1254 605 1299 282,
626 1257 668 1291 15
705 1257 749 1292 ab
766 1256 837 1291 diis
860 1256 985 1302 procul
1009 1267 1084 1292 esse

373 1315 552 1351 dimotum
593 1315 646 1358 14,
663 1315 685 1349 9
725 1316 862 1349 mentes
902 1314 947 1349 ab
986 1315 1083 1349 omni

371 1373 642 1419 perturbatione
656 1372 812 1407 dimotae
828 1373 881 1415 16,
899 1372 941 1407 16
962 1372 1084 1417 procul

374 1433 430 1466 est
472 1431 610 1466 dimota
657 1432 693 1464 et
734 1429 915 1465 disiuncta
955 1431 1084 1464 natura

372 1489 451 1530 256,
469 1488 492 1523 5

330 1545 482 1590 diripere
506 1544 771 1580 membranulas
798 1544 875 1588 194,
891 1545 937 1579 20

326 1602 596 1647 disceptationis
632 1591 742 1637 hui'us
779 1601 980 1646 disceptare
1011 1612 1084 1636 mo—

372 1661 493 1694 menta
519 1660 572 1702 16,
589 1660 631 1694 21

327 1717 520 1762 disciplina
550 1719 586 1752 et
617 1717 777 1762 cognitio
802 1717 913 1752 animi
946 1718 1084 1760 113,22

346 1784 351 1792 ·
376 1776 458 1809 ante
483 1785 587 1809 usum
605 1774 902 1819 disciplinamque
919 1775 1083 1809 fictorum

373 1833 451 1874 222,
485 1832 525 1866 17
582 1832 785 1877 disciplinis
824 1832 1084 1868 horridioribus

372 1890 558 1925 educatum
587 1890 662 1932 180,
679 1890 724 1924 22
749 1890 902 1933 pueriles
926 1890 1084 1935 discipli-

373 1958 439 1982 nae
464 1947 539 1989 151,
559 1947 602 1982 10

328 2005 459 2039 discere
485 2015 584 2038 suam
611 2005 841 2040 solitudinem
867 2005 944 2047 277,
966 2006 981 2039 1

330 2061 556 2096 discobinata
580 2062 622 2097 de
649 2063 746 2097 limis
772 2063 912 2104 226,15

328 2130 390 2154 nec
422 2119 609 2164 quicquam
651 2121 761 2154 refert
801 2121 865 2154 aut
905 2120 1084 2165 discrepat

372 2177 428 2220 21,
446 2177 490 2211 27

328 2235 574 2269 discriminum
606 2234 791 2268 furialium
828 2234 952 2269 ardore
989 2235 1085 2270 bella

375 2293 472 2327 inter
498 2303 534 2326 se
560 2301 680 2337 gerere
707 2292 844 2335 168,18
880 2294 1000 2327 motus
1027 2294 1083 2328 su-

374 2350 520 2383 rialium
545 2349 793 2383 discriminum
811 2349 988 2384 concitare
1008 2351 1083 2392 179,

374 2407 420 2440 20
454 2406 634 2441 uariorum
660 2406 907 2441 discriminum
932 2409 1082 2442 necessi-

375 2465 469 2498 tates
493 2464 525 2500 9.
544 2464 565 2498 6

334 2521 507 2565 disiugati
540 2522 618 2562 238,
647 2522 688 2557 13
735 2522 841 2565 longe
879 2521 1083 2566 disiugatus

376 2578 450 2613 171.
469 2580 514 2613 24

329 2635 482 2678 disperit
506 2636 591 2670 thus
616 2636 847 2681 liquefactum
867 2637 1081 2671 carbonibus

375 2692 455 2736 239,
474 2693 513 2726 21

330 2748 506 2793 displosae
523 2761 625 2784 nares
652 2751 725 2789 121,
747 2752 788 2786 19
812 2750 986 2795 displosas
1003 2762 1082 2796 ges-

375 2806 483 2840 titare
506 2817 609 2840 nares
633 2808 711 2850 221,
727 2808 767 2842 17

330 2863 523 2908 disquirere
550 2863 624 2899 199.
646 2864 684 2897 11

1047 223 1181 258 Index

1148 338 1381 374 dissidentiae
1397 349 1629 384 personarum
1655 339 1731 382 134,
1744 340 1766 375 9

1147 395 1470 442 dissignationibus
1494 395 1727 431 abolitionem
1759 408 1902 443 compa-

1194 464 1274 488 rare
1298 452 1376 497 244,
1392 453 1437 488 27

1147 509 1234 555 qnid
1257 510 1403 545 illorum
1419 510 1656 556 dissignasset
1674 511 1822 548 audacia
1845 513 1902 556 43,

1193 567 1238 602 26
1262 567 1532 613 dissignauerit,
1557 568 1690 604 dixerit
1713 570 1792 614 248,
1811 570 1834 605 8

1147 624 1387 660 dissimulatio
1412 641 1457 657 =
1483 627 1631 662 cessatio
1650 626 1726 670 107,
1745 627 1763 662 1
1788 629 1903 663 reten-

1192 683 1304 717 tionis
1345 683 1585 719 dissimulatio
1623 699 1667 715 =
1701 685 1903 721 retentione

1192 741 1324 776 omissa
1347 741 1402 783 83,
1420 741 1465 776 23

1146 797 1315 842 dissipari
1339 798 1377 832 in
1401 798 1506 843 plura
1531 799 1681 834 numina
1707 800 1783 844 135,
1801 800 1823 835 3

1148 856 1271 899 gentes
1296 856 1502 900 regionibus
1527 856 1676 891 dissitac
1699 857 1755 902 37,
1775 858 1820 893 14
1858 858 1903 893 ab

1193 922 1314 947 eorum
1338 913 1469 948 dissita
1501 913 1745 960 distantiaque
1773 916 1905 950 natura

1194 970 1271 1012 166,
1288 970 1309 1005 9

1147 1026 1330 1062 dissociari
1348 1028 1556 1063 abiunctum
1573 1028 1617 1064 ab
1634 1029 1818 1064 hominum
1832 1029 1904 1065 for-

1193 1084 1261 1118 mis
1285 1083 1431 1120 tabifica
1454 1086 1565 1121 macie
1587 1085 1643 1130 80,
1661 1087 1706 1122 24

1149 1141 1339 1177 dissoluere
1365 1142 1602 1179 calumniosas
1635 1144 1904 1180 criminationes

1194 1198 1227 1241 3,
1246 1200 1268 1235 9
1301 1200 1417 1235 aliena
1440 1201 1573 1236 delicta
1597 1201 1725 1246 capitis
1749 1201 1806 1236 sui
1831 1201 1905 1236 dis-

1195 1258 1330 1293 soluere
1347 1258 1471 1303 poenis
1487 1259 1565 1302 275,
1581 1259 1623 1294 16
1647 1259 1817 1304 mysteria
1832 1258 1905 1293 dis-

1195 1316 1331 1350 soluere
1343 1316 1381 1350 in
1390 1316 1643 1361 allegoriarum
1653 1317 1777 1361 explan
1784 1316 1905 1351 atione

1195 1373 1272 1415 211,
1295 1374 1314 1408 7
1340 1384 1491 1408 annosas
1508 1374 1703 1409 dissoluere
1720 1374 1904 1419 passiones

1194 1430 1249 1472 56,
1267 1432 1289 1466 3
1328 1430 1522 1466 dissoluere
1547 1432 1691 1466 theatra
1717 1431 1794 1474 171,
1811 1431 1833 1466 8
1868 1441 1906 1466 se

1194 1489 1232 1522 in
1249 1488 1415 1523 obscenas
1430 1488 1623 1523 dissoluere
1638 1488 1815 1533 copulatis
1829 1499 1904 1523 cor-

1195 1546 1342 1590 poribus
1359 1546 1567 1591 uoluptates
1586 1546 1663 1590 157,
1681 1547 1726 1581 26
1751 1545 1904 1580 mundus

1193 1604 1358 1637 incensus
1383 1604 1421 1637 in
1446 1603 1592 1637 favillas
1619 1605 1654 1637 et
1674 1603 1808 1638 cineres
1831 1603 1905 1638 dis-

1194 1660 1331 1695 solutus
1357 1662 1410 1695 est
1427 1660 1459 1703 7,
1476 1660 1498 1694 3
1522 1661 1559 1694 in
1576 1660 1764 1695 lasciuiam
1776 1660 1905 1695 dissol-

1194 1717 1233 1751 ui
1265 1716 1517 1752 cachinnorum
1541 1717 1596 1760 36,
1630 1718 1672 1752 14
1716 1719 1903 1762 uoluptate

1194 1774 1343 1809 dissolui
1368 1774 1446 1818 240,
1466 1775 1509 1810 10
1539 1775 1754 1810 dissolutum
1779 1777 1904 1820 pectus

1193 1831 1249 1874 40,
1276 1832 1319 1867 15
1358 1833 1501 1867 curuati
1532 1834 1567 1867 et
1600 1832 1766 1867 dissoluti
1801 1832 1858 1874 35,
1881 1832 1905 1867 4

1195 1889 1377 1934 languoris
1419 1890 1563 1924 feminei
1606 1889 1903 1924 dissolutissimus

1194 1946 1342 1981 laxitate
1366 1947 1444 1989 223,
1462 1946 1503 1981 21

1149 2004 1313 2039 dissonae
1328 2005 1524 2038 sententiae
1539 2004 1597 2047 (de
1612 2004 1809 2050 alleyoriis)
1825 2004 1902 2046 206,

1193 2062 1238 2096 22

1149 2119 1304 2154 dissuere
1321 2119 1501 2154 tenacium
1515 2119 1825 2154 matrimoniorum
1843 2130 1903 2154 ne-

1193 2187 1256 2211 xus
1283 2176 1358 2219 130,
1376 2177 1398 2211 5

1148 2233 1341 2268 distantiae
1366 2234 1582 2277 qualitatum
1609 2234 1663 2272 96,
1679 2235 1695 2268 1

1148 2290 1305 2325 distendi
1329 2291 1428 2325 inani
1452 2291 1614 2325 uanitate
1640 2291 1692 2332 72,
1710 2292 1732 2325 3

1147 2348 1401 2383 disterminant
1437 2347 1604 2392 quadrini
1638 2349 1795 2383 cardines
1821 2349 1900 2391 217,

1193 2406 1238 2440 29

1149 2463 1336 2505 diuastare,
1364 2462 1564 2507 disperdere
1592 2464 1667 2504 177,
1684 2464 1728 2498 25

1149 2519 1372 2555 diuersitatis
1397 2521 1532 2564 impetu
1558 2521 1612 2556 21.
1633 2521 1673 2554 17

1148 2590 1188 2613 ex
1214 2578 1351 2613 diuerso
1383 2578 1499 2611 nescio
1525 2578 1620 2621 quis.
1637 2603 1642 2608 .
1659 2578 1795 2622 .inquit
1822 2578 1887 2612 155

1194 2635 1239 2670 24

1149 2703 1294 2736 corpora
1317 2692 1497 2726 lancinare
1522 2693 1557 2725 et
1582 2690 1744 2725 diuexarc
1771 2692 1845 2734 111,
1864 2692 1886 2726 5

1148 2750 1291 2784 diuinae
1310 2749 1545 2784 caerimoniae
1563 2748 1637 2790 189,
1654 2750 1696 2784 13
1721 2751 1901 2792 contemp-

1193 2809 1233 2840 tu
1252 2807 1364 2841 facere
1388 2808 1492 2850 atque
1509 2806 1753 2850 aspernatione
1778 2806 1901 2840 diuina

1193 2864 1271 2898 237.
1289 2864 1332 2897 23
1357 2863 1523 2897 curriculi
1541 2863 1657 2897 diuini
1684 2864 1758 2906 166,
1777 2863 1822 2897 24
1846 2863 1899 2897 di-
