2032 3248
866 280 994 316 hiber
1027 283 1104 316 VII.
1640 287 1722 329 253

242 402 399 443 quaero,
442 404 493 432 an
534 391 621 444 ipse
661 394 766 445 apud
797 406 837 435 se
870 396 1005 437 eredat
1045 397 1200 450 sibique
1231 398 1315 450 ipse
1346 399 1594 452 persuadeat,
1637 400 1721 441 dis-

240 459 416 501 tinctum
448 472 533 501 esse
565 461 730 502 deorum
761 474 911 515 genus,
944 477 1076 506 mares
1108 478 1153 507 ae
1185 466 1353 508 feminas
1385 467 1455 508 hos
1488 480 1571 509 esse
1603 468 1643 509 et
1673 469 1723 509 ad

241 528 486 582 generandos
526 528 632 570 fetus
674 531 1002 573 conuenientium
1039 534 1312 576 membrorum
1345 535 1610 588 dispositione
1642 536 1723 576 for-

240 597 405 637 matos?
450 598 518 637 sed
557 597 591 637 si
630 597 791 640 sexibus
835 612 951 640 sexus
990 614 1124 654 pares,
1171 602 1211 643 id
1250 608 1309 644 est
1342 604 1511 644 feminas
1543 603 1720 654 feminis,

214 677 373 706 amares
409 667 547 706 autem
583 665 734 709 hostias
766 668 827 709 dis
858 670 1039 711 maribus
1079 670 1283 712 immolari
1316 672 1604 713 sacrificiorum
1634 672 1724 712 iura

239 733 539 786 praescribunt:
573 747 675 787 quae
706 735 747 776 in
775 737 975 778 coloribus
1008 738 1110 779 ratio
1141 741 1215 791 est,
1247 740 1293 780 ut
1325 740 1472 781 merito
1502 740 1565 781 his
1597 740 1721 792 a-lbaS,

239 802 325 843 11113
354 802 464 843 atras
496 803 707 844 conueniat
736 804 1054 858 nigerrimasque
1084 808 1286 849 mactari?
1317 809 1411 861 quia
1442 808 1597 862 superis
1629 807 1720 857 diis,

241 870 384 923 inquit,
417 871 539 923 atque
569 872 752 913 ominum
774 873 1015 916 dexteritate
1037 875 1284 928 pollentibus
1306 877 1414 917 color
1434 876 1562 917 laetus
1584 888 1721 928 aceep-

240 940 307 981 tus
338 942 399 980 est
429 952 474 980 ae
505 940 607 981 felix
638 940 848 983 hilaritate
871 943 1068 993 eandoriS,
1102 947 1144 984 at
1165 956 1258 985 uero
1281 944 1359 985 diis
1380 944 1508 985 laeuis
1530 944 1722 996 sedesque

195 1019 228 1043 10
240 1008 519 1049 habitantibus
540 1008 690 1050 inferas
711 1010 818 1051 color
839 1009 982 1051 furnus
1006 1013 1066 1052 est
1088 1012 1243 1065 gratior
1265 1013 1305 1053 et
1323 1013 1510 1054 tristibus
1529 1012 1722 1052 suffectus

240 1089 260 1118 6
281 1076 399 1117 fucis.
430 1076 499 1118 sed
531 1077 563 1117 si
594 1089 733 1118 rursus
764 1078 985 1131 optinuerit
1011 1078 1016 1134 Ι
1042 1080 1160 1130 ratio,
1193 1080 1412 1121 inferorum
1445 1081 1606 1133 penitus
1629 1091 1715 1120 eas-
1730 1088 1750 1119 f.
1772 1090 1834 1120 144

240 1157 332 1186 sum
363 1157 446 1186 esse
488 1157 635 1186 nomen
668 1146 708 1186 et
739 1159 912 1188 uacuum
944 1160 1071 1200 neque
1102 1148 1188 1189 ulla
1219 1149 1292 1189 sub
1325 1149 1441 1189 terris
1483 1160 1604 1201 regna
1635 1159 1720 1189 esse

240 1214 528 1266 domiciliaque
558 1214 766 1265 Plutonia,
810 1216 1037 1267 opinionem
1077 1229 1237 1258 11666336
1267 1218 1328 1258 est
1359 1217 1399 1257 id
1431 1229 1586 1269 quoque
1618 1216 1720 1257 frus—

239 1282 340 1323 trari
371 1294 491 1334 quam
523 1295 643 1335 super
682 1283 781 1323 atris
821 1283 1042 1336 pecudibus
1078 1285 1234 1326 habetis
1266 1285 1451 1338 diuisque
1483 1284 1718 1326 subterreis.

195 1363 224 1387 1⁵
240 1351 382 1404 quodsi
412 1351 533 1392 inferi
565 1352 668 1392 nulli
700 1354 814 1402 sunt,
858 1352 950 1393 deos
983 1353 1108 1394 etiam
1139 1354 1325 1395 Manium
1358 1366 1515 1395 11666336
1546 1357 1607 1394 est
1637 1364 1721 1393 esse

241 1419 386 1461 nullos.
433 1418 518 1460 fieri
550 1420 658 1461 enim
690 1420 759 1473 qui
791 1422 942 1473 potest,
982 1423 1028 1462 ut
1059 1435 1150 1463 eum
1182 1423 1269 1463 loea
1300 1422 1383 1463 sint
1412 1422 1544 1471 nulla,
1585 1434 1721 1462 eorum

240 1500 341 1540 quae
370 1501 450 1530 non
472 1490 566 1529 sunt
587 1488 663 1529 ulli
685 1489 974 1541 perhibeantur
996 1502 1080 1531 esse
1103 1490 1305 1531 cultores?
1337 1491 1405 1531 sed
1428 1490 1717 1538 adsentiamur,
1736 1497 1787 1535 20

239 1557 286 1597 ut
316 1557 458 1607 uultis,
490 1558 531 1598 et
563 1570 648 1599 esse
678 1558 826 1599 inferos
855 1560 895 1599 et
925 1572 1011 1600 esse
1033 1560 1173 1601 Manes
1196 1560 1235 1599 et
1255 1559 1438 1600 habitare
1470 1559 1601 1599 1163616
1623 1569 1720 1610 quos

239 1625 278 1666 in
311 1625 375 1665 1113
407 1625 500 1666 (1663
532 1625 735 1667 ominibus
767 1626 901 1667 minus
933 1628 1084 1668 faustos
1122 1631 1161 1668 et
1198 1628 1448 1668 tristioribus
1471 1626 1719 1680 praepositos

194 1693 370 1734 2orebus.
419 1695 460 1734 et
491 1707 593 1746 quae
634 1706 772 1746 eausa,
816 1707 917 1747 quae
958 1696 1061 1736 ratio
1103 1698 1182 1743 est,
1225 1697 1270 1736 ut
1309 1699 1420 1737 atrae
1460 1696 1522 1736 his
1566 1695 1720 1735 hostiae

240 1761 533 1815 nigerrimique
563 1763 856 1804 admoneantur
887 1764 1062 1805 eoloris?
1102 1764 1195 1816 quia
1226 1765 1344 1818 nigra
1377 1765 1502 1817 nigris
1534 1763 1720 1804 conueni-

239 1831 313 1870 unt
344 1831 384 1870 et
413 1830 549 1871 tristia
580 1832 863 1873 consimilibus
895 1834 1012 1885 grata
1043 1834 1149 1873 sunt,
1182 1833 1278 1885 quid
1302 1836 1426 1885 ergo?
1459 1844 1535 1872 non
1557 1831 1719 1879 uidetis,

240 1899 286 1939 ut
317 1899 526 1940 uobiscum
558 1901 597 1941 et
628 1912 699 1941 nos
740 1901 886 1942 stolide
928 1901 1196 1953 similiterque
1237 1902 1445 1949 ludamus,
1488 1900 1600 1940 albas
1637 1909 1720 1939 esse

240 1966 464 2008 hostiarum
511 1982 652 2009 earnes
691 1981 780 2010 ossa
817 1969 955 2009 dentes
999 1969 1221 2022 pinguitias
1267 1972 1429 2009 omenta
1475 1981 1567 2009 611111
1613 1978 1720 2007 cere-

195 2036 324 2077 25bris
364 2037 584 2089 mollesque
616 2037 657 2077 in
695 2037 853 2078 ossibus
894 2037 1124 2078 medullas?
1170 2037 1239 2077 sed
1282 2038 1433 2077 uellera
1471 2036 1587 2088 nigra
1627 2034 1721 2074 ¹sunt

240 2104 456 2157 nigraeque
494 2105 764 2145 animantium
798 2106 942 2145 saetae.
991 2105 1095 2145 solas
1127 2116 1221 2158 ergo
1254 2105 1464 2145 immolate
1496 2103 1574 2144 diis
1605 2103 1719 2143 lanas

240 2175 456 2225 uulsasqne
489 2186 533 2214 ex
564 2173 708 2213 hostiis
740 2172 928 2222 saetulas,
963 2172 1181 2225 relinquito
1216 2172 1518 2212 infelicissimas
1547 2170 1719 2224 pecudes

239 2242 434 2294 spoliatas
466 2242 562 2282 lieet
593 2253 638 2281 ae
669 2243 803 2281 tonsas
835 2241 933 2281 caeli
965 2241 1143 2281 animam
1175 2241 1316 2281 ducere
1339 2242 1378 2281 et
1400 2240 1582 2292 pastibus
1605 2240 1719 2279 inno-

240 2310 495 2351 centissimas
527 2309 732 2350 ineubare.
780 2309 922 2361 quodsi
956 2310 1070 2362 grata
1102 2308 1334 2349 numinibus
1368 2308 1508 2349 inferis
1540 2320 1584 2348 ea
1616 2320 1717 2359 quae

194 2388 227 2413 ³0
240 2380 333 2418 sunt
365 2378 480 2431 nigra
511 2378 699 2430 furuique
732 2378 976 2419 existimatis
1010 2376 1165 2425 eoloris,
1199 2390 1268 2417 6111·
1300 2390 1374 2417 non
1408 2376 1540 2416 omnia
1573 2378 1716 2424 6616111,

240 2458 339 2498 quae
371 2446 538 2486 illorum
571 2446 718 2486 inferre
750 2446 955 2486 sacrificiis
991 2445 1113 2484 moris
1146 2446 1225 2492 ost,
1267 2445 1346 2484 sint
1379 2444 1495 2497 nigra
1526 2449 1565 2483 et
1597 2442 1718 2482 sumi-

285 2605 306 2637 ἴ)
322 2604 390 2638 (1113
408 2616 451 2637 esc
477 2603 529 2636 1113
548 2614 628 2637 corr
646 2603 681 2636 P
807 2603 827 2634 Γ)
846 2602 1062 2645 persei-ibunt
1082 2602 1152 2635 Sal,
1283 2601 1300 2633 Ῑ
1320 2601 1482 2634 comis-nit
1505 2601 1536 2633 P
1551 2609 1629 2633 corr

239 2662 260 2696 ὅ
285 2662 437 2695 011111111111
466 2662 670 2695 Mem-sius.-
697 2659 874 2693 11611111111111
905 2661 935 2692 1’
1082 2662 1101 2691 9
1126 2660 1173 2702 ut]
1201 2658 1242 2691 :111
1272 2659 1301 2691 Ρ
1325 2669 1403 2692 corr
1541 2657 1582 2689 123
1607 2654 1717 2699 opini-

241 2729 339 2752 onem
367 2720 459 2753 Sub:
485 2718 643 2761 opinione
671 2718 704 2751 P
846 2718 886 2749 15*
912 2716 1085 2749 ominibus
1113 2716 1344 2749 Stmeecliins:
1370 2713 1569 2747 hominibus
1597 2713 1631 2745 1²

239 2776 283 2809 ‘20
321 2778 396 2809 true
421 2776 454 2809 P
478 2786 558 2809 corr
739 2774 780 2807 ‘21
818 2774 943 2807 colores
975 2784 1008 2810 6,
1043 2772 1113 2804 Sub
1296 2774 1338 2805 22
1369 2770 1488 2804 tristia
1520 2769 1612 2803 Sub.-
1637 2767 1718 2800 tris-

239 2833 321 2866 titia
348 2834 379 2865 P
514 2833 556 2865 23
583 2831 838 2874 scurriliter-que
868 2830 1038 2864 ()el2lerus
1070 2829 1290 2872 seniliterque
1315 2827 1463 2861 Zinlcius
1599 2825 1641 2857 ‘20
1666 2833 1717 2855 SO-

238 2891 294 2923 tae
328 2890 361 2922 P
448 2890 491 2923 ‘28
517 2900 554 2922 ae
573 2888 662 2922 Sub:
688 2890 724 2920 at
743 2887 777 2920 P
