2032 3248
590 207 820 241 uerborum
847 211 888 241 et
916 208 1191 241 locutionum

120 333 283 368 spargere
301 333 360 367 per
378 322 496 356 omnia
515 320 707 355 libidinum
731 332 858 365 genera

166 381 370 414 effrenatum
386 379 563 413 inmensae
580 377 787 422 cupiditatis
805 389 857 411 ar-

165 438 283 471 dorem
311 437 364 478 73,
384 437 426 470 10

119 494 270 538 spatiola
295 493 462 527 defanata
490 492 563 534 171,
581 492 624 525 28

124 551 324 595 specialiter
350 550 516 584 definitus
543 549 619 589 138,
636 549 657 582 2

124 610 234 654 specie
259 619 328 642 una
353 617 490 640 manere
515 606 631 646 94,15
668 606 703 639 111
733 606 860 650 allego-

164 666 254 700 ricas
280 664 408 709 species
433 663 614 697 traducere
639 663 772 703 209,14

120 725 275 767 spectare
300 737 342 752 =
366 721 538 765 respicere
562 721 616 762 55,
638 721 677 754 18

125 780 321 824 speculator
357 779 417 812 ille
453 778 538 812 bene
579 776 784 811 meritorum
824 787 862 810 ac

172 837 318 880 pessime
346 836 420 877 159,
438 835 481 869 23

120 893 264 938 spemin
279 893 396 937 aliquo
406 891 554 936 defigere
568 891 642 931 102,
654 891 674 923 6
688 900 782 933 spem
798 889 866 923 sibi

165 950 447 986 immortalitatis
458 948 647 982 adsciscere
658 947 710 989 75,
724 947 762 980 19
773 957 866 990 proe-

167 1008 207 1042 lii
226 1017 359 1042 sumere
386 1006 463 1047 102,
481 1006 523 1039 21
565 1004 690 1038 salutis
715 1003 867 1047 adfigere

166 1065 240 1106 107,
262 1065 303 1098 13
335 1062 515 1106 concipere
540 1072 616 1105 spes
643 1060 749 1094 bonas
775 1060 828 1101 74,
850 1062 864 1093 1

168 1132 245 1165 spes
270 1131 349 1154 suas
376 1120 496 1154 dedere
522 1121 556 1152 et
581 1118 784 1162 permittere
802 1117 867 1151 ali-

166 1179 223 1213 cui
247 1178 300 1219 58,
317 1177 339 1211 4

121 1235 368 1280 spiraminibus
379 1233 579 1268 interclusis
589 1232 730 1266 interire
738 1231 815 1272 261,
824 1232 868 1265 :30

898 968 903 1063 1

123 1305 260 1348 spirans
285 1303 399 1338 omnis
433 1301 711 1344 intellegensque
740 1304 868 1334 natura
902 1315 903 1319 ยน

166 1362 221 1405 20,
239 1362 282 1395 26
308 1359 483 1405 spirantia
501 1359 584 1393 haec
602 1359 704 1402 signa
729 1358 806 1398 228,
826 1357 866 1391 17

127 1418 282 1463 spiritali
307 1417 503 1462 agitatione
528 1417 663 1449 moueri
688 1415 765 1456 227,
786 1415 827 1447 16

127 1476 292 1519 spiritum
305 1474 553 1518 perpetuitatis
567 1473 740 1516 adponere
755 1471 834 1513 101,
845 1470 867 1503 4

170 1532 335 1576 spiritum
374 1530 515 1565 haurire
552 1529 704 1563 uitalem
729 1529 867 1569 104,15

171 1589 275 1623 uitali
294 1589 424 1633 agitari
440 1588 573 1632 spiritu
588 1586 665 1626 250,
681 1585 722 1619 18
747 1595 781 1618 se
796 1584 865 1628 spi-

171 1646 245 1680 ritu
286 1645 450 1679 interiore
491 1643 698 1688 suspendere
740 1642 794 1682 94,
825 1642 869 1674 10

170 1702 327 1737 materiis
368 1713 407 1736 ex
448 1700 677 1736 crassioribus
720 1699 867 1743 spiritus

172 1760 250 1802 150,
270 1760 310 1793 14
336 1759 483 1802 spiritus
509 1758 602 1791 noxii
626 1758 679 1797 31,
700 1757 720 1789 6

129 1819 339 1862 spontaneas
388 1816 570 1849 numinum
627 1813 867 1857 benignitates

172 1875 247 1915 128,
266 1875 309 1908 13
335 1874 526 1917 spontanea
542 1870 774 1915 opitulatione
788 1867 867 1902 sub-

174 1931 316 1965 ueniens
342 1931 419 1971 284,
438 1929 480 1963 15

130 1989 280 2023 statione
306 1987 391 2021 caeli
417 1986 582 2020 derelicta
608 1985 682 2021 163,
698 1985 719 2017 9

129 2048 282 2080 statuere
307 2046 461 2078 errantes
487 2053 596 2086 aquas
623 2042 654 2084 1,
667 2041 711 2075 50
751 2039 869 2073 omnia

172 2113 259 2146 quae
285 2102 374 2135 fiunt
399 2100 529 2134 nostris
555 2096 869 2133 commoditatibus

173 2161 370 2194 statuentes
387 2161 443 2201 (=
454 2156 663 2201 pendentes)
682 2155 712 2195 9,
733 2154 774 2186 15
799 2155 869 2186 sta-

173 2217 226 2250 tui
251 2227 311 2261 per
338 2217 499 2250 senatum
528 2214 602 2254 116,
622 2212 663 2245 12

134 2275 267 2307 statum
304 2273 389 2307 caeli
423 2272 548 2305 uitiare
585 2271 621 2304 et
656 2276 872 2310 corrumpere

177 2330 254 2371 251,
272 2329 316 2363 20
340 2329 375 2362 111
401 2327 562 2361 habitum
590 2326 776 2360 laetiorem
801 2326 871 2356 sta-

175 2389 250 2421 tum
277 2386 361 2420 caeli
388 2386 707 2429 tempestatumque
736 2382 872 2414 mutare

177 2444 312 2485 271,10
335 2445 450 2476 status
476 2441 602 2484 eapitis
629 2439 703 2479 164,
725 2439 764 2472 16

132 2500 236 2534 statis
262 2499 477 2544 temporibus
502 2499 532 2539 9,
554 2498 571 2531 7

132 2557 310 2591 stillatum
336 2557 388 2590 lae
414 2556 488 2596 106,
505 2555 549 2588 22

133 2614 296 2648 stimulos
345 2611 633 2656 indignationum

179 2671 311 2714 superis
347 2678 562 2704 commouere
597 2666 710 2706 166,1
752 2662 872 2708 prohi-

177 2727 322 2761 bitionis
348 2726 483 2760 stimuli
510 2725 564 2760 51,
581 2724 602 2757 4

133 2784 241 2827 stipes
267 2785 422 2817 excutere
448 2783 501 2822 16,
521 2782 541 2815 5

133 2840 244 2873 stabit
269 2842 326 2883 (z
353 2841 435 2882 erit)
463 2839 498 2872 in
523 2836 631 2871 dubio
657 2835 794 2874 234113

689 2607 871 2641 furialium

1579 210 1659 251 345

922 324 1053 355 stratae
1079 322 1315 366 desperatione
1335 325 1492 357 fortunae
1518 323 1596 357 283.
1615 323 1657 355 29

924 378 1160 422 stribiligines
1184 380 1272 416 41,:3

925 435 1092 468 stridulae
1117 446 1251 470 muscae
1276 438 1353 479 229,
1371 439 1392 470 3

926 493 1011 536 ipsis
1026 492 1127 526 rebus
1140 503 1223 536 quas
1239 494 1375 527 struitis
1391 494 1489 527 fidem
1500 494 1661 538 derogare

972 550 1046 586 141.
1060 549 1080 583 2
1098 560 1195 583 aures
1213 550 1337 583 habere
1355 553 1506 584 structas
1527 551 1599 591 1โด10,
1618 551 1661 584 24

972 618 1172 640 numerosus
1190 610 1224 640 et
1244 610 1396 640 structus
1416 618 1524 640 sermo
1543 609 1596 641 51.
1614 608 1657 640 23

927 664 1120 698 structibus
1147 664 1322 707 lignorum
1351 664 1498 697 incensis
1523 665 1600 697 249.
1616 664 1659 697 26

930 724 1068 764 stupere
1094 721 1307 763 eloquentiae
1335 721 1467 754 uiribus
1496 722 1568 756 168,
1590 722 1630 754 15

930 778 1113 811 suadenter
1140 777 1173 810 in
1201 777 1325 811 litibus
1350 778 1445 821 loqui
1471 779 1523 811 63.
1545 778 1583 810 17

934 835 1026 868 suasi
1053 834 1374 868 adseuerationibus
1399 835 1452 874 45,
1475 835 1515 867 12

931 893 995 926 sub
1021 891 1203 925 ardoribus
1234 893 1310 933 2:32,
1330 892 1368 925 17
1412 901 1470 924 suo
1501 891 1575 933 geri
1600 890 1663 923 sub

976 949 1106 983 lumine
1131 950 1183 983 28.
1207 949 1244 982 17
1276 948 1365 992 quod
1391 949 1496 981 situm
1525 947 1587 980 sub
1613 948 1663 980 lu-

978 1007 1069 1040 mine
1095 1008 1146 1039 est
1174 1006 1226 1048 16,
1248 1008 1288 1039 12
1314 1005 1376 1038 sub
1403 1006 1476 1048 ipso
1502 1004 1666 1038 furtiuo-

978 1064 1070 1097 mine
1096 1063 1171 1101 232,
1189 1064 1209 1096 2
1249 1062 1311 1096 sub
1337 1062 1445 1096 oeulis
1471 1062 1527 1105 agi
1553 1063 1606 1103 36,
1624 1061 1667 1095 29

978 1120 1041 1154 sub
1061 1121 1170 1154 oculis
1187 1120 1279 1153 cerni
1297 1120 1349 1160 59,
1368 1119 1405 1153 17
1433 1119 1585 1152 uitulum
1604 1117 1667 1151 sub

978 1178 1075 1211 illius
1108 1177 1215 1211 oculis
1247 1179 1351 1220 atque
1387 1175 1557 1209 altaribus
1590 1186 1668 1209 con-

978 1246 1126 1269 cremare
1156 1234 1231 1274 242,
1251 1234 1292 1267 27
1341 1232 1404 1266 sub
1435 1232 1667 1266 ostentatione

979 1292 1198 1334 ingeniorum
1217 1292 1319 1333 atque
1335 1289 1512 1323 doctrinae
1534 1290 1608 1330 1:ยณ5,
1627 1289 1667 1321 21

979 1349 1042 1382 sub
1069 1348 1181 1381 inflati
1201 1347 1349 1391 pectoris
1375 1349 1509 1379 tumore
1533 1347 1586 1386 52,
1606 1346 1647 1379 13

934 1405 1152 1439 subactiones
1178 1404 1332 1438 ciborum
1360 1405 1434 1442 120,
1448 1404 1491 1436 23

935 1463 1133 1506 subaperire
1162 1463 1276 1495 niuem
1314 1461 1347 1493 in
1389 1461 1542 1503 plumeas
1573 1470 1666 1492 crus-

979 1520 1072 1553 tulas
1097 1520 1150 1559 94,
1170 1519 1208 1551 11

934 1577 1079 1611 subdere
1106 1576 1266 1609 humanis
1284 1573 1538 1617 cupiditatibus
1557 1572 1632 1613 234,
1649 1572 1670 1605 4

979 1634 1178 1667 mortiferas
1212 1631 1357 1665 subdere
1390 1630 1562 1674 portiones
1594 1629 1671 1670 244,

981 1691 1020 1724 17
1049 1690 1197 1724 salutem
1225 1690 1300 1729 2:39,
1319 1689 1363 1722 30

934 1747 1125 1781 subditiuis
1151 1747 1288 1780 secretis
1314 1746 1390 1783 203,
1408 1747 1428 1777 5

933 1806 1170 1850 subexplicare
1197 1815 1275 1838 suas
1302 1803 1428 1836 itiones
1455 1804 1530 1835 280,
1549 1801 1591 1833 24

934 1863 1087 1897 subicere
1126 1861 1264 1906 parendi
1303 1860 1519 1893 uoluntatem
1555 1857 1669 1893 276,6

934 1921 1095 1963 subigere
1129 1917 1290 1952 dentibus
1315 1916 1431 1952 81,15
1471 1913 1560 1947 illud
1593 1923 1669 1946 nos-

979 1980 1071 2011 tram
1113 1975 1246 2017 subigit
1284 1972 1521 2007 curiositatem
1558 1969 1670 2012 requi-

980 2045 1051 2067 rere
1079 2034 1151 2073 183,
1173 2033 1213 2065 13

936 2090 1150 2125 subintroire
1175 2088 1319 2132 speeiem
1347 2085 1439 2118 Iouis
1466 2081 1671 2116 Hammonis

980 2147 1056 2183 224,
1080 2147 1119 2180 123

936 2205 1123 2247 subiugare
1143 2201 1284 2246 populos
1303 2198 1508 2242 captiuitate
1536 2207 1573 2229 ac
1600 2206 1669 2228 ser-

982 2262 1071 2294 uitio
1098 2260 1128 2295 7,
1145 2259 1185 2292 24

936 2318 1118 2352 subleuare
1137 2316 1254 2348 clunes
1280 2316 1314 2347 et
1339 2311 1539 2346 coxendices
1556 2311 1609 2348 82,
1630 2308 1671 2340 16

981 2375 1088 2419 typho
1103 2376 1136 2407 et
1152 2371 1361 2415 adrogantia
1376 2368 1577 2402 subleuatus
1591 2365 1674 2404 โด5:335

938 2431 1157 2466 sublimitate
1194 2429 1356 2472 perpetua
1392 2423 1569 2468 praeditus
1602 2431 1673 2454 caeฮ

982 2489 1059 2522 lesti
1085 2488 1161 2521 278.
1179 2486 1222 2518 26

937 2546 1118 2579 subluteus
1136 2541 1297 2586 purpurei
1314 2538 1454 2572 luminis
1470 2534 1672 2568 suffectione

983 2602 1076 2636 color
1104 2601 1176 2639 185,
1195 2601 1215 2630 5

938 2659 1158 2699 submergere
1193 2654 1280 2686 uelle
1306 2650 1519 2695 publicat-un
1555 2646 1672 2679 lectioฮ

983 2725 1060 2748 nom
1081 2714 1153 2746 116,
1175 2711 1210 2743 17
1238 2716 1468 2750 summergere
1494 2706 1595 2746 atque
1614 2701 1673 2734 ob-

982 2782 1078 2805 ruere
1104 2769 1160 2811 (de
1178 2768 1349 2806 torrente)
1375 2764 1404 2803 7,
1423 2764 1466 2795 26

938 2828 1144 2862 submouere
1170 2821 1370 2857 mortalium
1398 2819 1439 2852 de
1456 2815 1600 2850 saeculis
1626 2813 1675 2848 16.
