2032 3248
421 240 504 282 212
828 236 1017 272 Arnobii
1049 236 1269 271 aduersus
1302 236 1510 271 nationes

422 367 587 397 sensum
629 354 752 407 atque
791 352 1123 407 intellegentiam
1162 352 1342 406 depulit,
1389 353 1559 394 confusa
1599 353 1720 406 atque
1759 353 1919 395 incerta

421 423 586 466 iactatis
617 423 658 464 et
686 422 874 464 inanium
914 434 985 475 per
1025 434 1161 464 rerum
1191 421 1387 475 figmenta
1418 421 1687 464 bacchamini.
1736 423 1842 464 esto:
1875 421 1919 463 in

421 492 533 535 Iouis
564 494 605 534 et
627 491 782 533 Cereris
804 491 921 532 coetu
941 490 1139 545 inrigatio
1162 490 1217 532 sit
1238 489 1472 545 significata
1492 490 1666 542 telluris,
1698 491 1919 533 occultatio

422 561 591 604 seminis
621 560 752 614 patris
783 560 827 601 in
849 559 960 601 Ditis
991 560 1124 613 raptu,
1156 559 1256 602 uina
1286 571 1358 613 per
1387 559 1516 601 terras
1548 571 1689 613 sparsa
1712 560 1920 603 distractis

421 631 465 672 in
497 628 724 671 uisceribus
745 628 905 679 Liberi,
939 628 1179 682 cupiditatis
1212 629 1253 670 et
1281 627 1529 670 temeritatis
1551 629 1782 682 conpressio
1804 629 1920 671 colli·
1951 643 1965 668 5

355 702 407 742 44
421 699 532 754 gatio
564 698 675 740 dicta
705 697 762 739 sit
792 698 1074 739 adulterorum
1096 697 1269 739 Veneris
1300 698 1422 750 atque
1441 696 1603 739 Martis.
1648 698 1718 739 sed
1746 698 1781 739 si
1803 697 1921 739 fabu-

420 769 480 811 las
510 768 583 810 has
614 767 745 808 uultis
776 779 888 809 more
920 779 1006 809 esse
1037 767 1255 821 allegorico
1287 767 1481 820 scriptas,
1524 766 1623 820 quid
1661 767 1806 810 ceteris
1837 766 1919 820 fiet,

423 850 522 892 quas
564 850 646 880 non
686 837 876 879 uidemus
916 848 1033 890 posse
1073 848 1262 878 uersuras
1302 836 1346 877 in
1377 837 1615 878 huiusmodi
1658 836 1777 891 cogi?
1823 836 1922 890 quid

423 907 533 949 enim
564 906 813 949 subiciemus
844 916 915 959 pro
937 904 1023 947 illis
1044 904 1252 956 fluctibus,
1285 916 1385 958 quos
1415 918 1535 958 super
1557 917 1747 960 aggerem
1769 905 1922 947 tumuli

422 974 645 1018 Semeleiae
667 974 823 1017 subolis
843 973 962 1029 urigo
985 974 1213 1016 contorsit?
1234 976 1275 1016 et
1297 974 1394 1027 quid
1415 986 1486 1028 pro
1510 974 1595 1016 illis
1619 974 1922 1029 Ganymedibus
1939 989 1969 1014 10

422 1045 550 1099 raptis
598 1044 719 1098 atque
770 1043 812 1085 in
852 1043 1075 1085 libidinum
1120 1043 1351 1085 ministeria
1396 1043 1662 1086 substitutis?
1712 1042 1810 1097 quid
1851 1055 1922 1097 pro

422 1112 498 1154 illa
530 1112 793 1155 conuersione
825 1112 1080 1164 formiculae,
1112 1111 1155 1153 in
1186 1124 1309 1166 quam
1339 1112 1526 1166 Iuppiter
1557 1112 1761 1154 maximus
1791 1111 1921 1154 uasti-

422 1181 524 1224 tatis
566 1193 662 1224 suae
702 1180 948 1223 liniamenta
988 1180 1224 1224 contraxit?
1268 1180 1367 1235 quid
1398 1192 1469 1234 pro
1502 1181 1639 1235 cycnis
1671 1181 1713 1222 et
1743 1181 1923 1235 satyris?

424 1251 523 1304 quid
553 1263 626 1305 pro
657 1250 791 1292 aureis
822 1249 1039 1299 imbribus,
1072 1250 1115 1291 in
1147 1262 1247 1303 quos
1274 1249 1385 1292 idem
1406 1261 1448 1292 se
1467 1249 1602 1303 pellax
1623 1249 1764 1291 fraude
1785 1249 1923 1291 induit

423 1319 577 1373 perfida
606 1319 830 1361 formarum
861 1318 1133 1361 uarietatibus
1164 1318 1337 1360 ludens?
1368 1331 1415 1361 ac
1436 1331 1486 1360 ne
1507 1317 1556 1360 de
1577 1319 1674 1360 Ioue
1703 1318 1787 1359 3010
1808 1317 1921 1372 loqui
1937 1333 1967 1358 1⁵

424 1389 638 1431 uideamur
668 1389 861 1441 uoluisse,
894 1389 937 1431 in
969 1389 1178 1431 amoribus
1198 1389 1416 1430 numinum
1438 1388 1690 1442 reliquorum
1711 1400 1797 1430 0330
1818 1389 1921 1431 0110-

426 1458 565 1513 goriae
608 1470 709 1511 quae
748 1458 938 1511 possunt,
981 1469 1082 1511 quae
1123 1457 1166 1499 in
1206 1458 1497 1500 mercennariis
1539 1457 1847 1500 condicionibus
1878 1470 1924 1500 ac

427 1526 721 1577 seruitutibus‚
754 1539 857 1580 quae
886 1526 929 1568 ln
963 1526 1139 1569 uinculis
1170 1526 1419 1569 orbitatibus
1449 1527 1706 1581 planctibus,
1749 1538 1851 1580 quae
1882 1526 1924 1568 in

429 1595 682 1638 cruciatibus
712 1594 954 1636 uulneribus
985 1595 1213 1649 sepulcris?
1243 1595 1286 1637 in
1316 1607 1394 1649 quo
1425 1608 1518 1637 cum
1541 1609 1665 1637 unam
1688 1594 1923 1637 contrahere

291 1678 315 1712 f.
332 1675 414 1710 120¹»
430 1663 605 1718 possetis
648 1665 831 1717 culpam,
862 1663 1157 1718 conscriptione
1189 1664 1236 1706 de
1268 1665 1424 1719 superis
1455 1665 1531 1706 tali
1562 1664 1800 1715 addidistis,
1837 1662 1842 1719 Ι
1878 1664 1924 1705 ut
1939 1678 1972 1704 20

429 1733 600 1783 dicitur,
633 1744 729 1788 garo
760 1745 918 1787 gerem,
952 1745 1048 1775 cum
1082 1733 1250 1775 deorum
1280 1733 1515 1776 nominibus
1547 1732 1833 1788 appellauistis
1864 1745 1926 1774 res

428 1802 566 1855 turpes
598 1803 638 1843 et
659 1801 870 1844 uocabulis
891 1814 1031 1843 rursus
1055 1802 1150 1844 deos
1172 1815 1307 1844 rerum
1330 1802 1669 1856 coinquinauistis
1691 1800 1922 1843 infamium.

429 1871 538 1924 quod
569 1871 603 1913 si
635 1870 774 1913 adesse
814 1870 881 1913 hic
912 1882 977 1913 eos
1009 1871 1081 1913 aut
1112 1883 1195 1913 esse
1225 1871 1321 1914 illos
1353 1871 1515 1924 uspiam
1547 1870 1776 1926 cognitione
1805 1870 1925 1911 indu-

429 1939 597 1982 bitabili
630 1940 861 1991 crederetis,
894 1940 937 1981 in
968 1940 1176 1982 mentione
1207 1940 1375 1982 illorum
1406 1940 1590 1982 facienda
1609 1938 1927 1994 praestringeret

429 2020 501 2051 uos
542 2010 679 2050 metus
727 2009 768 2051 et
813 2010 1028 2062 tamquam
1076 2021 1148 2051 uos
1189 2009 1381 2051 audirent
1420 2009 1660 2062 uestrasque
1701 2007 1927 2062 acciperent
1941 2023 1972 2049 25

476 2226 497 2260 2
522 2225 718 2260 baccamini
743 2227 780 2261 P
915 2226 937 2261 3
962 2226 1058 2261 coitu
1076 2225 1147 2261 sab
1286 2225 1475 2260 occultatio
1500 2224 1582 2260 Gel:
1608 2225 1789 2269 occupatio
1806 2224 1841 2259 P

431 2283 453 2318 4
477 2283 562 2318 uina
587 2283 680 2318 Sab:
705 2284 789 2318 uiua
813 2284 850 2318 P
981 2284 1003 2318 5
1027 2283 1148 2318 Liberi
1171 2283 1261 2319 Sab:
1286 2283 1407 2318 liberis
1433 2283 1469 2317 P
1605 2282 1813 2327 compressio
1839 2281 1930 2317 Sao.-

432 2339 624 2385 inpraessio
648 2341 684 2375 P
836 2341 857 2375 6
881 2341 1136 2376 adulteriorum
1163 2341 1233 2376 Sab
1385 2340 1406 2374 9
1434 2339 1591 2374 fustibus
1617 2339 1690 2375 Sab
1845 2349 1930 2383 quos

431 2397 522 2432 Sab:
553 2397 647 2442 quod
670 2399 705 2431 P
854 2398 896 2432 10
920 2398 1104 2432 semeleiae
1130 2398 1217 2433 Sab:
1246 2397 1447 2432 semelectae
1472 2398 1503 2441 (c
1528 2399 1623 2441 eras)
1648 2397 1683 2430 P
1829 2397 1930 2441 urigo

430 2455 642 2490 Meursius:
676 2456 774 2501 origo
799 2455 835 2490 P
868 2454 1014 2500 prurigo
1054 2455 1121 2490 Urs
1306 2456 1347 2489 11
1378 2455 1489 2499 raptis
1522 2454 1565 2489 L.
1598 2453 1810 2496 FruterWs,
1843 2454 1928 2489 Urs:

431 2512 544 2556 partis
568 2512 606 2547 P
738 2512 936 2547 ministeria
959 2512 1000 2547 P.
1026 2512 1183 2547 Iunius.-
1214 2512 1418 2556 magisteria
1443 2512 1478 2546 P
1615 2512 1658 2546 13
1683 2511 1812 2556 satyris
1838 2512 1930 2546 Sab:

431 2569 562 2604 saturis
579 2569 614 2604 P
738 2570 782 2604 18
807 2569 1040 2604 seruitutibus
1066 2569 1138 2604 Sab
1155 2570 1196 2604 in
1213 2580 1290 2604 err:
1315 2569 1501 2604 seruitutis
1520 2570 1556 2604 P
1679 2569 1721 2603 19
1738 2569 1930 2614 sepulchris

433 2627 526 2661 Sab:
560 2626 707 2672 sepultis
733 2627 770 2662 P
920 2627 965 2661 20
990 2627 1242 2672 conscriptioni
1274 2626 1342 2661 Urs
1490 2626 1555 2660 tali
1580 2625 1675 2660 Sab:
1699 2625 1789 2660 talia
1807 2625 1843 2659 P

433 2683 477 2717 21
504 2694 588 2728 garo
614 2684 743 2729 gerem]
770 2694 987 2729 gangrenam
1006 2684 1079 2719 Sab
1204 2694 1341 2728 gerrem
1355 2681 1460 2718 'Salm
1582 2683 1627 2717 22
1651 2681 1930 2727 conquinauistis

438 2753 510 2787 Sab
657 2754 701 2788 23
725 2753 883 2798 us*pium
908 2753 945 2788 P
968 2763 1049 2789 corr
1074 2756 1101 2788 ε’
1251 2752 1296 2787 24
1321 2751 1507 2787 crederetis
1535 2750 1625 2787 sab.-
1657 2745 1786 2787 dei-etis
1804 2752 1858 2795 (in
1873 2761 1929 2795 my

436 2809 485 2852 ·.·)
510 2809 546 2843 P
682 2809 728 2844 25
751 2809 909 2845 audirent
934 2810 970 2844 P
