2032 3248
149 472 300 499 Editiones

132 517 318 553 Krabingeri.

140 1525 233 1552 Huius
253 1526 314 1553 edi—

119 1570 210 1597 tionis
239 1572 324 1599 ratio.

339 211 559 243 LXXXVIII

340 305 525 358 questuS,
554 305 762 346 editorum
783 305 1042 358 supellectile
1063 306 1208 349 critica
1230 307 1452 360 prudenter
1472 310 1671 362 usurpata
1692 310 1854 352 textum

341 379 562 433 permultis
584 380 686 422 locis
708 393 830 434 quam
854 381 980 423 ceteri
1002 381 1155 424 rectius
1178 382 1411 425 constituit.
1450 383 1637 439 singulos
1660 383 1854 439 Cypriani

340 454 505 497 libellos
540 454 626 512 (De
656 455 884 498 catholicae
914 456 1106 498 ecclesiae
1137 456 1316 508 unitate,
1351 457 1417 499 De
1439 457 1587 511 lapsis,
1619 458 1685 500 De
1706 458 1853 501 habitu

340 530 563 584 uiryinum
585 531 798 586 Tubingae
824 531 956 582 18533
979 532 1053 574 Ad
1074 530 1307 583 Domatum,
1331 532 1396 574 De
1417 532 1630 575 dominica
1652 534 1854 585 oratione,

343 605 408 647 De
427 606 698 657 morta-litate,
730 606 802 648 Ad
823 605 1162 657 Demetriamcm„
1195 606 1262 649 Dc
1286 620 1404 660 opere
1423 611 1459 649 ct
1480 608 1757 662 eleemosynis,
1789 607 1855 651 De

341 681 443 722 bono
464 680 705 733 patientiae
725 683 762 722 et
783 680 849 722 De
869 681 953 723 ‚zelo
973 684 1010 723 et
1030 681 1164 724 liuore
1186 682 1403 738 Tubingae
1428 683 1557 739 1859)
1590 684 1722 726 edidit
1744 685 1852 727 Kra-

344 756 494 811 binger
522 756 765 810 primusque
788 755 1031 799 Germaniae
1060 757 1219 800 codices
1240 758 1505 801 Monacenses
1526 758 1854 814 Bambergenses

340 830 708 886 Wirceburgenses
745 832 936 883 excussit,
974 832 1100 874 etiarn
1123 832 1380 888 Seguieriani
1417 833 1515 875 libri
1545 835 1586 875 et
1608 833 1854 876 Veronensis

339 906 508 948 collatio
530 907 692 961 praesto
710 906 803 948 fuit.
826 919 1049 960 eorumque
1065 908 1218 949 auxilio
1235 907 1370 950 multa
1386 908 1619 951 rectissime
1636 910 1856 952 emendata

339 981 449 1023 sunt,
484 982 554 1024 sed
587 982 630 1023 in
660 982 782 1024 tanta
813 982 1037 1024 lectionum
1067 995 1114 1025 ex
1143 983 1263 1025 libris
1296 983 1595 1026 recentissimis
1626 984 1854 1038 petitarum

339 1056 558 1111 farragine,
596 1069 677 1110 qua
712 1058 1020 1100 adnotationem
1057 1058 1266 1113 operosius
1302 1060 1555 1110 onerauerat,
1594 1072 1690 1101 cum
1725 1059 1854 1101 libros

338 1143 555 1174 numerare
578 1141 717 1186 'quam
753 1133 976 1186 ponderare
1013 1131 1173 1183 mallet,
1210 1133 1332 1187 plura
1367 1132 1633 1175 inemendata
1667 1133 1852 1187 reliquit.

338 1207 501 1250 acutius
538 1220 623 1250 rem
660 1207 849 1250 criticam
880 1207 1093 1250 factitauit
1124 1208 1264 1251 Routh
1294 1208 1338 1251 in
1371 1208 1637 1251 emendandis
1674 1208 1855 1262 quinque

339 1282 533 1337 Cypriani
565 1283 774 1336 opusculis
799 1282 975 1339 (Script.
1005 1283 1139 1326 eccles.
1171 1283 1372 1336 opuscula
1387 1284 1625 1337 praecipua
1646 1284 1854 1337 quaedam

339 1356 464 1398 Oxon.
499 1358 610 1400 1859
639 1358 660 1398 I
688 1370 727 1411 p.
759 1358 842 1400 229
872 1357 969 1414 sq.).
1007 1359 1186 1401 alterum
1222 1360 1409 1402 eiusdem
1446 1359 1601 1401 librum
1629 1359 1855 1412 Reliquiae

339 1442 486 1474 sacrae
507 1432 757 1487 inscriptum
777 1433 921 1475 uidere
942 1445 1022 1475 non
1043 1434 1232 1489 contigit.

397 1508 498 1550 Post
515 1508 589 1550 hos
606 1508 824 1561 praesidiis
846 1508 1016 1562 optimis
1038 1508 1267 1551 instructus
1280 1509 1330 1551 de
1343 1509 1493 1562 quibus
1516 1521 1640 1563 supra
1655 1508 1782 1550 retuli
1800 1509 1852 1550 ad

341 1583 622 1625 adornandam
644 1582 868 1625 editionem
889 1596 1041 1625 nouam
1062 1583 1226 1626 accessi.
1250 1597 1316 1626 ars
1339 1584 1484 1625 critica
1504 1584 1546 1625 in
1566 1584 1632 1626 his
1654 1583 1847 1637 operibus

343 1658 575 1700 factitanda
594 1658 821 1700 lectionum
844 1659 1044 1701 electione
1066 1659 1300 1701 continetur
1321 1658 1577 1701 coniectandi
1594 1658 1746 1700 finibus
1763 1659 1853 1700 tam

341 1734 516 1788 anguste
547 1734 887 1788 circumscriptis,
919 1735 967 1776 ut
995 1735 1107 1777 idem
1136 1735 1241 1777 mihi
1263 1735 1320 1776 sit
1341 1734 1581 1784 uerendum,
1613 1733 1722 1787 quod
1743 1733 1787 1774 in
1807 1744 1851 1775 re

340 1808 470 1850 simili
499 1809 564 1850 uir
593 1809 859 1851 doctissimus
889 1810 931 1852 et
959 1805 1266 1867 κριτικώτατος
1294 1822 1425 1863 nuper
1453 1808 1661 1863 professus
1687 1808 1762 1859 est,
1800 1820 1851 1850 ne

340 1883 392 1925 iis
413 1884 512 1926 haec
534 1895 626 1926 mea
647 1884 783 1938 opella
803 1897 951 1939 parum
972 1885 1180 1938 probetur,
1214 1884 1286 1938 qui
1308 1885 1521 1926 auctorum
1546 1882 1851 1937 recognitiones

339 1958 559 2001 aestimare
576 1959 707 2001 solent
720 1959 771 2001 ad
783 1973 1003 2002 numerum
1022 1960 1205 2002 locorum
1223 1959 1535 2001 emendatorum
1553 1958 1641 1999 sine
1654 1957 1851 2011 exemplo.

339 2046 591 2087 quamquam
621 2034 809 2076 omnium
831 2045 1002 2088 operum
1024 2034 1208 2076 condicio
1229 2045 1308 2075 non
1334 2034 1397 2075 est
1419 2033 1562 2075 eadem
1586 2034 1627 2074 et
1649 2031 1852 2086 epistulae

339 2109 574 2159 nonnullae,
606 2109 761 2162 scripta
782 2122 879 2151 uero
901 2109 1170 2163 suppositicia
1191 2121 1238 2150 ex
1259 2121 1340 2151 uno
1361 2109 1581 2162 archetypo
1603 2119 1682 2149 non
1704 2119 1852 2160 parum

339 2183 565 2236 deprauato
595 2184 885 2226 descendentia
912 2184 1107 2238 pleraque
1138 2196 1330 2238 campum
1359 2183 1555 2238 praebent
1584 2182 1751 2237 ingenia
1780 2194 1849 2223 ex-

339 2258 520 2311 perturis
550 2259 765 2311 aptiorem.
795 2259 840 2300 in
868 2259 1018 2312 quibus
1047 2259 1082 2300 si
1103 2259 1290 2301 nonnihil
1319 2270 1410 2300 mea
1438 2270 1535 2300 cura
1564 2258 1607 2299 in
1636 2270 1724 2299 rem
1755 2268 1850 2298 con-

339 2333 486 2375 tulisse
518 2333 741 2387 uidebitur,
776 2344 842 2375 ero
875 2334 1103 2375 contentus.
1138 2334 1330 2387 equidem
1364 2333 1491 2375 etiam
1520 2333 1563 2374 in
1590 2332 1656 2374 his
1691 2332 1853 2374 cautius

340 2419 468 2460 quam
496 2406 693 2449 audacius
714 2408 794 2463 egi,
824 2418 998 2461 quorum
1021 2408 1260 2450 auctoribus
1281 2408 1447 2462 propter
1466 2407 1674 2462 insignem
1696 2406 1853 2449 medio-

340 2481 534 2523 critatem
560 2483 817 2536 permultum
846 2483 902 2524 sit
930 2483 1254 2525 condonandum.
1286 2483 1358 2524 ubi
1387 2495 1484 2525 uero
1515 2483 1567 2524 ad
1598 2483 1854 2524 coniecturas

341 2557 431 2598 erat
459 2556 793 2613 confugiendum,
824 2558 867 2599 in
889 2559 1051 2599 textum
1081 2570 1148 2600 eas
1176 2569 1254 2599 non
1284 2557 1432 2611 recepi,
1462 2556 1543 2599 nisi
1573 2556 1645 2598 ubi
1675 2556 1855 2599 maxime

341 2631 575 2684 probabiles
615 2642 703 2673 esse
741 2630 998 2682 confiderem,
1046 2632 1248 2686 plurimas
1290 2632 1332 2673 in
1373 2631 1620 2685 apparatum
1661 2631 1854 2673 criticum

341 2705 539 2760 relegaui.
581 2707 624 2747 in
666 2706 858 2760 Cypriani
898 2707 1089 2761 operibus
1130 2707 1321 2761 genuinis
1361 2706 1663 2759 scripturarum
1705 2705 1853 2747 electio

341 2779 526 2832 primum
556 2781 619 2822 est
647 2781 905 2823 emendantis
933 2782 1147 2836 negotium
1177 2780 1299 2835 idque
1321 2789 1344 2822 a
1365 2782 1477 2822 recta
1508 2780 1697 2822 codicum
1727 2779 1854 2821 aesti-

342 2854 523 2895 matione
544 2855 677 2896 totum
701 2855 861 2908 pendet.
887 2854 936 2896 de
958 2868 1038 2908 qua
1060 2868 1155 2898 cum
1178 2856 1383 2897 editorum
1405 2855 1546 2896 nullus
1568 2855 1851 2909 quaestionem
