2032 3248
358 217 440 261 164
767 216 957 250 Arnobii
990 216 1205 250 aduersus
1237 215 1440 249 nationes

355 344 492 374 nerem
521 331 763 374 Aeneadum
791 332 967 373 matrem
998 331 1039 373 et
1059 331 1265 373 Romanae
1300 330 1590 373 dominationis
1615 332 1856 374 auctorem?

354 414 449 444 cum
479 401 582 444 talia
610 401 738 455 igitur
767 412 840 442 uos
869 400 1018 454 probra
1047 402 1087 442 et
1107 400 1316 453 flagitiosa
1344 400 1532 454 prodigia
1561 411 1639 442 non
1662 401 1705 442 in
1725 413 1856 442 unum

355 470 535 523 aliquem
572 469 820 512 nominatim
859 469 929 511 sed
967 469 1011 510 in
1040 480 1203 511 omnem
1233 468 1393 522 pariter
1423 481 1662 522 superorum
1692 470 1857 523 gentem

354 551 477 592 quam
508 550 593 580 esse
623 550 694 580 uos
724 538 872 579 remini
904 537 990 579 sine
1028 537 1156 579 ullius
1192 538 1429 592 exceptione
1467 537 1649 589 iaciatis,
1697 538 1856 581 audetis

354 608 471 650 salua
501 606 746 649 uerecundia
777 606 920 657 dicere,
953 608 1025 648 aut
1055 619 1140 648 esse
1170 618 1244 648 nos
1266 606 1416 660 impios
1439 607 1512 648 aut
1533 618 1606 648 uos
1628 607 1730 661 pios,
1762 620 1857 650 cum
1887 626 1902 650 ε,

353 677 486 719 multo
516 676 692 718 maiores
723 675 857 718 ferant
889 688 913 717 a
933 675 1051 717 uobis
1072 675 1242 718 offensas
1272 688 1319 717 ex
1348 676 1536 718 omnibus
1562 675 1724 729 probris
1755 689 1857 730 quae

352 747 396 788 in
425 746 592 788 illorum
621 745 843 787 maledicta
874 744 1103 787 conducitis
1134 757 1259 798 quam
1288 744 1585 798 amplitudines
1615 745 1656 786 et
1684 745 1855 787 honores

353 828 401 857 ex
430 815 515 856 ritu
545 814 668 868 atque
697 812 831 856 officio
862 813 1088 856 cultionis?
1128 815 1200 855 aut
1232 814 1343 856 enim
1363 812 1470 855 falsa
1490 813 1565 855 illa
1586 813 1685 855 sunt
1707 814 1856 856 cuncta

353 895 454 938 quae
495 884 592 925 sunt
627 886 818 936 prompta
859 882 908 924 de
948 883 1123 938 singulis
1169 882 1518 925 existimationem
1556 882 1727 925 illorum
1765 895 1856 924 ma-

352 953 624 1006 iestatemque
655 952 875 1003 laedentia,
907 952 949 994 et
978 965 1042 994 res
1073 952 1201 1007 digna
1231 952 1398 994 omnino
1431 952 1505 1002 est,
1536 952 1701 1006 propter
1732 964 1856 1005 quam
1869 969 1901 994 10

239 1028 262 1062 f.
276 1029 337 1061 92¹³
353 1022 410 1064 dii
440 1021 627 1063 funditus
662 1020 668 1077 Ι
703 1033 829 1076 genus
861 1034 984 1064 omne
1014 1021 1189 1064 debeant
1219 1021 1382 1064 abolere
1413 1020 1674 1072 mortalium,
1717 1021 1790 1062 aut
1820 1020 1855 1062 si

353 1091 562 1145 explorata
591 1090 632 1132 et
661 1103 759 1132 uera
788 1091 887 1132 sunt
917 1091 959 1132 et
987 1090 1075 1132 sine
1095 1090 1193 1132 ullis
1215 1090 1546 1133 dubitationibus
1568 1089 1854 1143 conprehensa,

351 1161 404 1202 ad
435 1172 526 1202 eam
555 1159 796 1214 perducitur
824 1172 889 1201 res
920 1171 1140 1211 summam,
1172 1160 1221 1201 ut
1249 1160 1514 1202 inuitissimis
1535 1159 1651 1202 uobis
1671 1170 1753 1200 non
1783 1170 1855 1213 ge-

285 1232 337 1272 28
351 1230 460 1272 neris
497 1228 635 1283 superi
665 1229 736 1270 sed
765 1228 940 1271 humani
969 1240 1036 1271 eos
1074 1228 1200 1271 fuisse
1231 1229 1459 1272 credamus.
1505 1228 1577 1270 ubi
1607 1228 1718 1270 enim
1749 1239 1854 1280 nup-

350 1299 433 1341 tiae
477 1297 741 1340 matrimonia
776 1297 992 1352 puerperia
1036 1297 1218 1340 nutrices
1264 1297 1440 1340 artificia
1485 1297 1734 1348 debilitates,
1782 1295 1853 1337 ubi
1867 1313 1897 1337 15

349 1367 481 1409 status
512 1366 660 1419 capitis
691 1367 733 1407 et
764 1365 947 1408 condicio
978 1366 1206 1417 seruitutis,
1240 1366 1311 1408 ubi
1333 1366 1508 1409 uulnera
1543 1366 1683 1408 caedes
1720 1376 1852 1415 cruor,

348 1436 420 1477 ubi
451 1447 608 1477 amores
643 1435 846 1477 desideria
880 1435 1130 1489 uoluptates,
1162 1435 1234 1477 ubi
1264 1435 1398 1478 omnis
1420 1435 1651 1477 animorum
1674 1433 1851 1476 adfectio

347 1505 398 1547 ab
428 1504 625 1558 inquietis
645 1503 1026 1557 perturbationibus
1047 1508 1229 1555 ueniens,
1263 1516 1427 1547 necesse
1449 1505 1512 1546 est
1532 1504 1723 1545 diuinum
1745 1502 1852 1544 nihil

346 1574 442 1617 istic
481 1586 587 1624 esse,
627 1586 701 1615 nec
738 1574 846 1627 quod
885 1574 1098 1627 proprium
1136 1573 1278 1615 caduci
1309 1576 1371 1616 est
1401 1573 1561 1628 generis
1592 1575 1634 1615 et
1665 1574 1852 1615 terrenae

347 1642 594 1697 fragilitatis
623 1642 912 1695 praestantiori
932 1654 1051 1696 posse
1072 1642 1291 1685 adhaerere
1311 1643 1495 1684 naturae.
1544 1642 1636 1696 quis
1658 1642 1720 1684 est
1742 1641 1852 1684 enim
1866 1659 1898 1684 20

347 1712 418 1766 qui
455 1711 615 1762 credat,
654 1711 689 1753 si
719 1711 839 1753 modo
879 1711 1066 1766 agnoscit
1095 1724 1142 1753 ac
1171 1711 1358 1766 percipit,
1390 1711 1456 1753 uis
1486 1711 1608 1753 istius
1641 1710 1850 1764 potentiae

347 1793 449 1834 quae
479 1780 555 1831 sit,
596 1780 668 1822 aut
698 1780 945 1835 genitabiles
985 1780 1177 1823 habuisse
1218 1781 1358 1834 partes
1397 1780 1522 1823 deum
1553 1780 1595 1822 et
1625 1780 1851 1822 abscisione

345 1849 584 1891 foedissima
621 1848 835 1901 priuatum
873 1847 940 1890 his
981 1861 1087 1899 esse,
1134 1849 1208 1891 aut
1245 1862 1292 1891 ex
1322 1861 1364 1891 se
1403 1849 1587 1902 proditas
1629 1848 1849 1902 aliquando

346 1918 610 1972 intercepisse
646 1918 780 1971 proles
811 1919 852 1959 et
882 1918 1143 1960 uinculorum
1181 1918 1405 1961 coercitum
1441 1918 1601 1973 poeniS,
1647 1919 1719 1959 aut
1756 1929 1850 1959 cum

346 1987 462 2041 patre
499 1986 799 2040 quodammodo
840 1987 1090 2029 conseruisse
1120 1987 1232 2029 bella
1270 1988 1412 2029 ciuilia
1441 1988 1482 2029 et
1512 2000 1606 2029 eum
1635 1987 1724 2028 iure
1755 1987 1850 2029 abs·
1862 2002 1894 2027 25

345 2056 522 2098 tinuisse
551 2055 695 2110 regali,
727 2055 800 2097 aut
830 2055 1072 2098 exterritum
1102 2056 1274 2099 minoris
1301 2058 1418 2098 metu
1447 2056 1622 2098 uertisse
1658 2067 1850 2109 exupera-

347 2124 438 2166 tum
469 2125 586 2179 terga
616 2123 658 2165 et
687 2125 901 2177 tamquam
931 2124 1159 2178 fugitiuum
1190 2126 1230 2166 et
1261 2125 1422 2167 exulem
1451 2125 1496 2166 in
1528 2124 1746 2167 summotis
1778 2124 1848 2165 de-

346 2192 508 2235 lituisse
549 2193 746 2235 secretis?
792 2193 884 2246 quis
923 2194 1005 2243 est,
1044 2193 1236 2247 inquam,
1278 2194 1348 2247 qui
1390 2195 1528 2236 credat
1566 2194 1617 2235 ad
1646 2194 1848 2235 humanas

347 2261 590 2303 adcubuisse
612 2261 735 2303 deum
755 2274 931 2312 mensas,
953 2262 1247 2315 interemptum
1269 2262 1468 2305 auaritiae
1490 2275 1626 2313 causa,
1650 2262 1847 2305 fefellisse

347 2329 550 2383 supplices
588 2330 858 2384 ambiguitate
897 2331 1100 2383 responsi,
1139 2332 1382 2384 praecellere
1412 2332 1456 2373 in
1495 2331 1700 2373 furtorum
1731 2331 1846 2381 dolis,
1860 2344 1893 2369 30

391 2557 413 2591 5
444 2567 508 2591 1103
543 2557 634 2592 Sab:
673 2568 738 2592 uos
769 2558 805 2592 P
950 2559 973 2594 7
1005 2558 1259 2604 amplitudines
1290 2560 1603 2595 Hildebrandius:
1635 2560 1843 2604 amplitudi-

345 2613 402 2648 nis
420 2614 456 2648 P
591 2615 740 2650 honores
763 2616 1076 2652 Hildebrandius:
1100 2617 1243 2651 honoris
1261 2618 1297 2652 P
1435 2618 1480 2652 13
1504 2617 1733 2652 inuitissimis
1750 2618 1845 2653 Sab:

345 2671 590 2706 inuictissimis
614 2673 649 2706 P
830 2674 876 2708 20
898 2674 1168 2718 praes*tantiori
1191 2675 1227 2709 P
1407 2676 1450 2709 21
1476 2675 1591 2719 perpit
1614 2675 1649 2707 P
1670 2685 1753 2710 corr

345 2728 391 2763 22
415 2728 588 2772 genitales
606 2729 679 2765 Sab
817 2730 1030 2766 abscissione
1048 2731 1119 2766 Sab
1257 2732 1303 2767 24
1325 2732 1534 2777 intecepisse
1550 2733 1586 2766 P
1724 2732 1770 2767 25
1793 2733 1842 2777 et]

345 2786 407 2820 aut
426 2785 499 2820 Sab
634 2798 712 2821 eum
735 2787 819 2823 Gel:
846 2799 926 2823 cum
942 2789 978 2822 P
1116 2789 1161 2823 26
1184 2790 1299 2834 reguli
1319 2790 1393 2825 Sab
1530 2789 1576 2825 30
1592 2789 1681 2824 (10113
1700 2801 1729 2832 r,
1753 2790 1840 2825 Urs.-

345 2842 440 2877 dotis
466 2843 501 2875 P
522 2843 625 2878 donis
651 2843 724 2879 Sab
