2032 3248
382 228 460 270 182
1010 221 1253 266 Appendix.

375 331 567 370 tientes
612 327 969 367 conscientiam
999 328 1215 376 ipsorum
1266 327 1514 365 infirmam
1555 327 1602 365 in
1634 326 1883 366 Christum

377 398 612 448 peccatis.
646 400 685 437 et
705 397 857 446 quidem
877 408 954 436 non
974 397 1045 435 1100
1066 396 1268 435 iuuenibus
1289 397 1438 434 tantum
1470 396 1536 434 sed
1558 397 1596 434 et
1620 396 1773 434 senibus
1796 408 1885 435 con-

375 468 480 517 gruit
501 467 663 505 fratrum
685 465 929 505 inbecillitati
950 466 1167 513 consulere,
1198 476 1244 503 ne
1279 467 1453 504 senectus
1475 466 1600 517 perire
1621 466 1801 514 prouocet
1821 465 1882 504 iu-

375 538 584 583 uentutem,
608 548 653 575 ex
674 547 748 584 qua
770 535 910 573 debent
931 534 1056 574 omnia
1078 534 1263 572 salutaria
1285 535 1508 573 documenta
1537 535 1759 582 procedere:
1783 534 1885 573 sicut

374 606 533 644 Eleazar
549 605 589 642 in
608 604 705 643 libro
726 604 1044 642 Machabaeorum
1064 603 1265 651 profitetur
1287 604 1323 641 et
1345 603 1457 641 dicit:
1476 603 1737 651 praemitti
1758 603 1883 642 malo
1898 619 1916 643 5

373 676 421 714 in
452 674 702 714 infernum
735 674 887 724 [quam
924 673 1120 722 patrias
1159 673 1298 721 leges
1337 673 1592 722 deserereJ.
1638 685 1730 711 non
1761 673 1885 711 enim

374 745 584 784 aetatem
617 745 835 782 nostram
866 743 1065 791 dignum
1096 743 1172 780 est
1205 741 1422 791 fingere,
1463 743 1513 779 ut
1543 742 1687 780 multi
1718 742 1883 780 adule-

373 812 615 852 scentium
673 811 914 850 arbitrati
972 811 1259 850 Eleazarum
1317 811 1590 859 nonaginta
1650 821 1883 849 annorum

371 882 615 921 transisse
665 881 720 919 ad
769 879 922 919 uitam
971 879 1367 928 alienigenarum
1424 881 1470 918 et
1523 879 1621 928 ipsi
1678 880 1883 927 propter

372 962 518 990 meam
546 949 913 989 simulationem
935 950 981 987 et
1001 950 1203 997 propter
1223 948 1458 987 modicum
1479 949 1526 987 et
1547 948 1931 995 corruptibilem

371 1021 564 1067 tempus
594 1018 730 1057 uitae
761 1029 844 1066 per
864 1029 930 1056 me
959 1019 1268 1065 seducantur,
1302 1019 1348 1056 et
1378 1018 1536 1056 odium
1565 1029 1617 1056 ac
1646 1017 1880 1055 maculam

372 1087 623 1126 senectuti
653 1098 782 1125 meae
813 1087 1081 1135 adquiram.
1126 1086 1191 1125 ille
1224 1086 1359 1124 maluit
1395 1086 1515 1124 uitam
1545 1098 1651 1125 suam
1680 1087 1880 1125 tormentis

373 1155 520 1196 obicere
542 1167 654 1204 quam
675 1156 850 1203 cuiquam
870 1155 1055 1204 magister
1075 1155 1301 1204 perditionis
1323 1155 1508 1194 existere:
1540 1157 1578 1194 et
1598 1166 1666 1194 nos
1688 1156 1754 1193 ubi
1774 1156 1881 1194 nulla

372 1226 563 1263 tormenta
584 1225 692 1273 sunt,
728 1225 893 1263 fluxibus
915 1224 1007 1263 solis
1037 1224 1240 1263 saluandos
1271 1224 1409 1262 fratres
1441 1224 1616 1262 nolumus
1638 1226 1876 1277 anteponere,

372 1304 442 1332 nec
463 1293 631 1332 contenti
652 1305 781 1332 sumus
818 1293 898 1332 sine
934 1292 1027 1331 ullis
1064 1293 1296 1332 cruciatibus
1328 1295 1407 1331 tam
1437 1293 1546 1332 nobis
1567 1294 1745 1341 prodesse
1767 1306 1879 1342 quam
1897 1306 1932 1331 15

375 1362 524 1410 ceteris,
548 1373 631 1401 cum
652 1361 718 1400 ille
740 1361 864 1401 noluit
884 1361 1015 1400 uiuere
1036 1362 1257 1410 moriturus,
1280 1362 1382 1401 sicut
1402 1362 1564 1401 inferius
1580 1364 1802 1411 prosecutus
1823 1365 1883 1402 est

372 1430 520 1470 dicens:
552 1431 862 1478 quamobrem
891 1430 1100 1470 fortiter
1146 1431 1299 1469 uitam
1335 1432 1574 1470 excedens
1623 1433 1882 1470 senectute

371 1499 564 1548 quidem
584 1499 764 1548 dignus
786 1500 1055 1548 adparebo,
1080 1499 1495 1539 adulescentibus
1516 1499 1707 1548 quidem
1728 1512 1876 1539 exem-

369 1568 499 1617 plum
529 1568 659 1607 forte
697 1567 996 1617 relinquam,
1044 1570 1095 1607 ut
1134 1570 1356 1618 prompto
1396 1569 1548 1608 animo
1586 1581 1638 1607 ac
1675 1569 1881 1608 fortiter

371 1648 455 1686 pro
502 1637 746 1686 grauibus
776 1639 823 1676 et
855 1637 1043 1676 sanctis
1081 1637 1278 1686 legibus
1315 1639 1525 1677 honesta
1561 1640 1711 1677 morte
1750 1649 1878 1677 sece-
1893 1651 1930 1678 20

372 1706 500 1744 dant.
536 1718 621 1746 cum
652 1706 724 1745 hoc
745 1705 860 1745 etiam
891 1706 1008 1745 laicos
1030 1706 1182 1754 deceat,
1214 1717 1261 1744 ne
1290 1708 1356 1745 aut
1377 1706 1565 1746 extraneis
1586 1707 1874 1755 blasphemandi

372 1775 586 1814 occasiones
609 1777 676 1814 aut
696 1774 932 1814 fraternitati
954 1774 1277 1823 opportunitatem
1297 1775 1559 1814 fornicationis
1575 1777 1778 1824 opponant,
1797 1778 1878 1814 tum

373 1844 534 1883 maxime
556 1844 713 1883 clericos
734 1844 983 1883 uehementer
1011 1844 1221 1882 necessitas
1243 1844 1319 1883 ista
1352 1845 1602 1893 constringit,
1644 1845 1781 1894 quibus
1813 1847 1880 1883 aut

371 1911 506 1961 religio
527 1911 794 1961 blasphemata
815 1913 880 1951 aut
900 1912 1124 1951 fraternitas
1145 1913 1296 1960 perdita
1316 1924 1457 1961 poenas
1479 1913 1648 1962 duplices
1670 1914 1876 1962 inrogabit.

372 1991 443 2020 1100
462 1980 658 2020 inuenient
678 1981 718 2019 in
738 1980 876 2021 iudicio
893 1981 1045 2020 Domini
1062 1982 1182 2020 ullum
1203 1982 1352 2022 omnino
1375 1982 1556 2021 solacium
1572 1982 1636 2031 qui
1653 1982 1879 2031 alienigenis
1893 1993 1928 2019 25

371 2052 409 2089 et
430 2050 615 2089 fratribus
636 2051 817 2100 peccandi
838 2051 1008 2091 fomitem
1037 2050 1315 2091 ministrarunt.
1339 2053 1494 2100 propter
1523 2053 1623 2101 quod
1651 2052 1706 2091 sic
1734 2052 1879 2090 Paulus

369 2119 563 2168 apostolus
593 2119 721 2158 Titum
750 2119 907 2158 instruit
928 2120 1077 2159 dicens:
1110 2122 1156 2159 te
1187 2120 1345 2169 ipsum
1375 2121 1603 2160 bonorum
1634 2120 1879 2159 factorum

370 2188 616 2237 praebens
659 2189 926 2237 exemplum
970 2189 1018 2227 in
1050 2189 1301 2238 doctrina,
1353 2189 1400 2228 in
1445 2189 1782 2238 integritate,
1828 2189 1879 2227 in

461 2356 483 2390 5
507 2355 546 2390 ΙΙ
572 2356 661 2391 Mac.
688 2356 719 2399 6,
748 2357 895 2392 23-25.
1014 2358 1056 2392 17
1082 2357 1120 2392 II
1144 2357 1234 2393 Mac.
1262 2358 1292 2400 6,
1319 2358 1373 2392 27.
1401 2358 1454 2393 28.
1561 2358 1604 2392 27
1631 2357 1701 2391 Τ11.
1729 2357 1760 2399 2,
1788 2357 1818 2391 7,
1845 2357 1877 2391 8.

462 2500 481 2533 1
507 2499 664 2542 ipsorum
695 2499 732 2542 Ο,
759 2510 879 2534 eorum
905 2511 925 2535 v
1074 2501 1209 2536 christo
1235 2512 1281 2540 ex
1306 2501 1481 2536 christum
1512 2500 1541 2536 0
1563 2511 1607 2535 m.
1633 2502 1656 2534 2
1795 2501 1817 2534 2
1843 2501 1878 2534 et

369 2555 415 2600 q.]
443 2556 604 2600 equidem
631 2556 660 2591 C
813 2558 835 2592 5
860 2558 1038 2593 eleazarus
1063 2570 1084 2594 υ
1240 2560 1260 2594 6
1287 2569 1394 2603 quam
1419 2569 1451 2603 p.
1479 2558 1502 2592 1.
1529 2557 1685 2592 deserere
1710 2568 1776 2592 om.
1804 2557 1833 2592 0

368 2613 388 2647 7
407 2614 526 2647 aetate
541 2616 663 2648 nostra
679 2625 700 2650 v
794 2615 841 2650 11
855 2616 995 2651 macula
1018 2615 1061 2651 0¹
1143 2616 1186 2650 14
1204 2616 1367 2660 fluxibus]
1385 2615 1528 2650 luxibus
1544 2615 1631 2657 fort.
1710 2614 1875 2648 nolumus

368 2680 394 2705 s.
421 2669 445 2703 f.
470 2681 491 2705 v
611 2670 652 2704 17
678 2670 756 2705 uita
780 2682 800 2706 v
921 2673 964 2708 18
983 2673 1094 2717 prius
1119 2673 1261 2717 quidem
1287 2683 1351 2707 om.
1378 2683 1398 2707 v
1519 2671 1659 2716 quidem
1690 2672 1726 2713 C,
1754 2673 1874 2705 autem

367 2729 390 2762 4
415 2726 515 2762 codd.
550 2727 699 2762 Baluzz'i
799 2729 843 2764 19
868 2732 1032 2774 prumpto
1064 2730 1108 2766 0¹
1202 2730 1247 2765 20
1272 2731 1439 2765 honestae
1462 2729 1570 2764 morti
1597 2729 1784 2763 succedant
1808 2740 1849 2763 vr

367 2783 413 2818 22
437 2784 471 2818 b.
497 2784 693 2819 occasiones
717 2785 755 2827 Ο,
781 2787 999 2822 occasionem
1016 2787 1051 2823 b.
1071 2798 1092 2822 v
1186 2788 1466 2832 oportunitatem
1485 2787 1514 2822 O
1607 2788 1761 2831 opponat
1785 2786 1828 2821 0¹

365 2841 413 2876 24
438 2842 621 2886 inrogauit
650 2844 691 2876 0¹
