2032 3248
0 1328 2 1391 l

0 1393 1 1440 l

523 262 581 294 Dc
607 261 939 305 singularitate
965 261 1368 295 clericorunic.19.
1612 264 1693 305 195

196 368 302 405 cellis
324 371 388 406 aut
412 368 590 406 fluctibus
614 367 800 415 inquietat
821 369 858 405 et
880 367 984 405 uelut
1015 367 1053 404 in
1075 367 1197 405 medio
1220 366 1313 405 mari
1335 367 1458 404 minus
1481 369 1610 405 cautos
1634 367 1693 404 in-

194 437 295 474 ducit
318 437 443 475 laxare
466 437 548 475 uela
571 448 636 474 nec
660 447 838 484 quaerere
859 436 1127 483 gubernacula,
1151 437 1192 473 ut
1214 436 1337 473 subita
1361 438 1585 482 tempestate
1605 446 1696 472 con-

194 505 328 543 citatos
350 506 553 554 naufragos
575 516 619 543 ex
642 505 834 553 insperata
855 504 1100 543 commotione
1122 505 1353 551 submergat.
1378 505 1474 542 hanc
1496 505 1614 552 primo
1633 515 1695 541 ex-

194 573 298 611 hibet
320 574 536 621 lenitatem,
578 576 620 611 ut
643 575 735 611 duas
757 585 872 611 naues
896 573 1059 611 oblectet
1090 572 1137 610 ad
1159 572 1320 610 inuicem
1343 573 1559 619 conlunire,
1603 583 1696 620 quas

166 654 179 675 ι’»
194 654 276 680 cum
299 642 430 680 fecerit
451 643 611 690 iunctas,
635 642 842 690 repentinis
862 642 1077 679 turbinibus
1095 642 1132 679 in
1150 644 1270 679 semet
1287 642 1389 689 ipsas
1411 642 1552 680 elidere
1575 641 1697 688 possit

193 713 230 748 et
252 711 445 758 frangere:
490 712 607 750 ethis
630 711 750 749 utitur
771 710 1064 757 blandimentis,
1108 711 1314 748 subtractis
1352 711 1525 748 omnibus
1563 710 1696 748 iaculis

193 790 418 826 conpescens
435 781 605 828 aduersa,
630 791 837 828 suggerens
855 790 1045 827 prospera,
1070 781 1107 817 et
1124 779 1268 817 tamdiu
1286 779 1449 827 sopitum
1467 779 1592 827 ignem
1615 779 1695 816 sine

193 846 281 884 ullis
305 848 463 887 flammis
501 849 686 894 occultat,
723 849 839 886 donec
863 849 955 886 duas
979 848 1126 886 faculas
1149 848 1308 896 iungens
1330 848 1446 886 semel
1480 848 1610 885 ambas
1631 859 1695 885 ac-

193 916 347 954 cendat:
387 919 423 955 et
445 918 589 955 tamdiu
611 920 735 956 cessat
757 917 939 955 saeuitiae
965 929 1053 955 suae
1075 917 1153 955 tela
1176 928 1407 965 supponere,
1446 918 1562 954 donec
1598 916 1696 954 sicut

150 999 179 1023 10
193 985 337 1032 peritus
360 989 516 1024 uenator
538 987 636 1035 quod
659 987 848 1025 occisurus
872 988 929 1024 est
951 986 1076 1034 laquei
1100 987 1158 1024 sui
1180 986 1340 1024 uinculis
1371 985 1515 1033 alliget.
1557 987 1596 1022 at
1631 984 1697 1022 ubi

192 1054 387 1092 insolubili
425 1057 557 1094 catena
594 1055 789 1094 deuinctos
827 1054 1074 1093 adstrinxerit
1109 1055 1215 1092 uelut
1236 1054 1376 1093 lanista
1407 1054 1579 1101 protinus
1602 1055 1696 1092 duos

192 1123 422 1170 gladiatores
445 1124 627 1162 aduersus
650 1124 810 1162 inuicem
843 1124 1034 1171 compellit
1066 1123 1204 1161 armari
1236 1125 1273 1161 et
1305 1124 1463 1161 subinde
1495 1123 1697 1160 stimulans

192 1194 358 1230 membra
381 1194 509 1231 statim
532 1193 679 1241 gladios
701 1195 820 1241 aptat,
859 1193 988 1230 statim
1026 1192 1219 1231 succendit
1242 1192 1426 1230 insaniam
1448 1194 1484 1230 et
1507 1192 1545 1229 in
1567 1191 1692 1229 uulni-

192 1261 280 1300 ficos
303 1262 498 1309 amplexus
522 1262 722 1310 inpingens
746 1264 945 1309 utrumque
969 1262 1085 1299 semel
1107 1273 1179 1299 uno
1202 1261 1275 1300 icto
1298 1261 1512 1301 mortificat.
1556 1261 1609 1299 sic
1631 1272 1694 1298 ex-

148 1344 177 1368 15
193 1330 308 1377 plicat
332 1332 430 1378 quod
452 1333 538 1369 ante
561 1333 755 1379 praestare
779 1331 941 1377 uidetur,
980 1331 1033 1369 sic
1070 1332 1114 1369 de
1152 1331 1316 1378 simplici
1354 1331 1509 1369 caritate
1532 1342 1696 1369 amorem

192 1400 326 1437 conflat
362 1400 563 1446 inlicitum,
587 1401 641 1437 sic
663 1411 729 1447 per
752 1400 993 1438 sanctitatem
1016 1399 1234 1438 subinducit
1256 1400 1463 1446 interitum,
1498 1401 1586 1438 dum
1609 1411 1696 1438 con-

191 1470 320 1506 tentus
342 1470 399 1505 est
421 1469 563 1515 cedere,
588 1468 641 1506 sic
664 1469 767 1507 ualet
789 1469 924 1506 fortius
947 1480 1127 1517 occupare
1151 1471 1188 1507 et
1205 1470 1294 1506 dum
1317 1469 1527 1506 submissus
1549 1468 1695 1516 patitur

192 1539 309 1574 semet
332 1537 453 1584 ipsum
475 1538 654 1585 praebere
677 1538 879 1579 deuictum.
904 1538 957 1575 sic
979 1538 1130 1585 plenius
1153 1538 1349 1576 deuincere
1371 1538 1566 1586 gloriatur.
1590 1537 1697 1575 cuius

191 1605 375 1642 uersutias
426 1606 567 1643 Paulus
629 1606 821 1653 apostolus
877 1606 930 1643 sic
973 1606 1164 1654 intellegit
1214 1607 1361 1644 dicens:
1423 1619 1513 1644 non
1572 1605 1697 1644 enim

146 1673 492 1722 2‹›ignoran1uS,
525 1675 667 1723 inquit,
692 1675 909 1713 astutias
941 1676 1057 1714 eius.
1091 1677 1189 1714 male
1226 1676 1352 1723 itaque
1385 1676 1422 1712 in
1444 1676 1515 1714 hac
1537 1675 1695 1723 partici-

190 1742 339 1788 patione
357 1744 481 1791 pacati
500 1747 587 1781 sunt
605 1745 667 1792 qui
685 1746 732 1782 ad
749 1740 848 1782 bella
870 1745 1090 1792 pacificante
1114 1745 1262 1783 diabolo
1283 1745 1540 1793 perducuntur
1562 1747 1601 1782 et
1621 1755 1695 1782 non

191 1810 284 1848 bene
307 1812 569 1862 insssanctitate
592 1813 815 1861 proficiunt,
848 1815 986 1862 quibus
1019 1814 1066 1852 ad
1089 1814 1357 1852 detrimentum
1389 1814 1582 1862 profectus
1614 1814 1694 1861 ipse

192 1879 332 1918 inimici
355 1881 514 1920 artificio
539 1883 784 1929 subornatur,
825 1894 893 1920 nec
931 1884 1030 1921 recto
1069 1895 1181 1920 cursu
1213 1882 1419 1921 moliuntur
1441 1883 1694 1921 continentiae

191 1946 313 1986 scalas
337 1951 550 1997 ascendere,
584 1963 675 1999 quos
698 1953 739 1989 ut
774 1952 817 1989 de
849 1952 926 1990 alto
949 1952 1173 2000 praecipitet
1195 1951 1363 1990 elaborat
1386 1953 1431 1989 ad
1455 1951 1602 1991 culmen
1624 1954 1693 1991 ad-

148 2018 605 2065 25110rsariusprotelare.
637 2021 703 2058 sed
738 2032 889 2059 necesse
927 2023 983 2058 est
1021 2021 1171 2059 caducis
1211 2020 1382 2068 lapsibus
1415 2021 1606 2059 elidantur
1628 2023 1693 2070 qui

192 2087 290 2123 uiam
311 2087 493 2125 lubricam
517 2089 729 2135 tenuerunt,
770 2090 812 2127 de
837 2102 909 2137 qua
943 2090 1117 2128 Salomon
1142 2090 1193 2127 sic
1217 2090 1410 2137 praedicat
1433 2090 1580 2128 dicens:
1614 2102 1633 2129 e
1648 2094 1694 2129 st

285 2256 325 2289 19
351 2256 387 2290 II
413 2258 489 2291 Cor.
517 2258 548 2297 2,
578 2258 629 2291 11.
771 2259 814 2292 26
841 2259 943 2292 Prou.
973 2260 1023 2300 14,
1054 2260 1103 2294 12.

283 2419 304 2452 2
322 2419 476 2452 relaxaro
494 2430 512 2452 z·
729 2421 923 2455 concitatos
942 2433 987 2456 ea·
1005 2423 1094 2456 citos
1118 2423 1146 2458 C
1159 2434 1202 2457 m.
1222 2425 1246 2457 2
1455 2424 1476 2457 ἵ)
1494 2424 1580 2467 ipsis
1604 2423 1648 2459 0¹

193 2476 213 2507 6
239 2478 278 2509 ut
304 2476 494 2510 subtractis
520 2489 539 2512 v
787 2479 805 2512 7
832 2481 867 2512 et
898 2481 926 2513 (f
949 2491 978 2512 s.
1003 2480 1023 2514 l.
1050 2492 1092 2515 m.
1119 2482 1154 2521 2,
1182 2492 1246 2514 om.
1275 2493 1292 2515 z·
1535 2482 1556 2515 S
1581 2482 1694 2516 occul-

195 2535 245 2566 tet
273 2545 289 2567 ι·
407 2535 513 2568 semel
545 2536 581 2576 C,
610 2535 717 2569 simul
745 2548 782 2574 νὴ,
810 2537 892 2571 item
917 2538 938 2570 l.
958 2540 999 2571 14
1119 2538 1161 2571 10
1186 2538 1322 2582 peritus
1350 2550 1394 2572 cat
1421 2539 1598 2581 periturus
1622 2539 1651 2573 C

195 2590 367 2633 laqueisui
401 2591 428 2625 G
453 2593 487 2625 ui
513 2603 537 2625 s.
566 2593 586 2625 I.
615 2604 656 2626 m.
684 2596 705 2626 2
868 2594 996 2637 alligat
1030 2594 1070 2628 0¹
1239 2595 1279 2628 11
1306 2594 1489 2628 insolubili
1521 2595 1558 2635 C,
1585 2594 1694 2629 indis-

196 2647 339 2681 solubili
365 2659 382 2683 v
522 2649 679 2684 deuictos
710 2651 738 2685 C
876 2651 943 2685 duo
976 2653 1019 2687 C¹
1161 2653 1203 2686 13
1230 2653 1421 2686 succendit.
1448 2653 1591 2686 Insania
1622 2653 1651 2688 G

194 2704 228 2737 in
254 2716 317 2738 0721.
344 2716 363 2738 z·
549 2707 591 2741 15
618 2708 651 2740 in
679 2718 830 2742 amorem
864 2709 892 2743 G
914 2710 948 2742 in
976 2721 1057 2753 esp.
1084 2721 1126 2743 m.
1154 2712 1176 2743 2
1353 2711 1395 2744 1ss
1421 2710 1624 2744 subinducit
1656 2710 1691 2750 C,

195 2761 263 2794 sibi
289 2762 425 2797 inducit
452 2775 469 2798 z·
632 2766 674 2798 21
701 2768 783 2799 sunt
810 2777 852 2800 cx
878 2777 997 2800 suiuus
1029 2767 1058 2801 C
1083 2779 1123 2800 m.
1151 2770 1172 2800 2
1334 2767 1378 2801 212
1403 2770 1590 2811 prouectus
1621 2768 1650 2803 C

193 2818 236 2850 ‘23
261 2821 352 2853 recto
378 2831 422 2854 ec
448 2823 539 2854 retro
571 2822 599 2855 C
624 2834 665 2856 m.
692 2825 716 2856 2
835 2835 971 2857 cursum
1000 2824 1209 2858 molliuntur
1241 2824 1283 2859 (¹¹
1410 2825 1453 2858 ‘24
1479 2825 1573 2858 scala
1605 2825 1645 2859 0¹

193 2875 346 2910 elaboret
378 2878 418 2912 0¹

1326 2944 1375 2980 13
1401 2945 1419 2965 *
