2032 3248
864 237 988 270 Liber
1023 237 1045 270 l.
1635 239 1688 280 29

211 352 387 394 sollicita
434 364 633 392 sacrorum
682 352 922 392 libaminum
955 356 1212 404 temporum?
1253 366 1328 393 non
1361 353 1466 393 enim
1500 365 1688 405 urgemus

213 423 253 462 et
284 420 513 473 quaerimus
544 432 643 472 quae
674 433 759 461 sese
790 419 1009 473 spondeant
1041 419 1172 461 facere
1204 420 1268 461 uel
1302 421 1339 461 in
1384 421 1529 473 quibus
1569 434 1688 474 gene-

214 489 324 531 ribus
355 491 518 530 actuum
551 489 676 530 soleat
707 488 835 529 omnis
867 488 1031 528 illorum
1063 489 1243 529 doctrina
1274 491 1313 530 et
1335 489 1579 542 experientia
1600 502 1687 530 con-

213 558 346 599 tineri.
397 558 486 610 quis
534 558 642 598 enim
678 557 748 597 hos
795 557 946 598 nesciat
984 559 1053 598 aut
1099 557 1340 598 inminentia
1386 558 1546 599 studere
1577 571 1688 610 prae-

185 638 388 669 snoscere.
423 639 523 677 quae
547 626 766 667 necessario
800 626 926 666 uelint
962 625 1091 666 nolint
1127 626 1210 666 suis
1232 626 1552 667 ordinationibus
1576 627 1689 668 ueni-

214 696 305 736 unt.
357 698 426 735 aut
472 695 719 735 mortiferam
771 694 975 735 inmittere
1026 694 1170 746 quibus
1221 695 1387 736 libuerit
1435 695 1567 736 tabem
1620 700 1690 736 aut

213 763 460 804 familiarum
494 763 719 815 dirumpere
751 763 938 804 caritates
970 764 1039 803 aut
1068 763 1151 804 sine
1187 763 1369 804 clauibus
1391 777 1567 805 reserare
1590 776 1689 815 quae

214 833 347 873 clausa
379 833 472 872 sunt
522 835 592 872 aut
635 843 703 871 ora
734 831 893 872 silentio
944 831 1094 872 uincire
1146 832 1287 872 autin
1319 832 1531 873 curriculis
1571 845 1689 884 equos

213 901 424 941 debilitare
471 901 637 941 incitare
682 901 840 941 tardare
888 902 958 941 aut
1004 901 1191 941 uxoribus
1238 902 1276 941 et
1322 901 1459 941 liberis
1496 900 1500 955 Ι
1536 901 1803 943 311011131116·

171 970 298 1010 10siue
329 969 390 1009 illi
432 981 561 1010 mares
602 971 695 1010 sunt
736 970 819 1010 siue
861 968 1023 1010 feminei
1063 969 1242 1023 generis.
1290 969 1509 1010 inconcessi
1542 969 1690 1011 amoris

213 1038 395 1079 flammas
427 1040 465 1078 et
497 1038 662 1079 furiales
700 1038 922 1079 immittere
965 1037 1207 1091 cupiditates
1239 1039 1309 1079 aut
1339 1038 1373 1078 si
1405 1038 1506 1079 utile
1537 1038 1690 1090 aliquid

214 1106 429 1148 uideantur
461 1107 623 1151 audere.
666 1120 742 1148 non
774 1107 931 1160 propria
962 1106 1002 1146 ui
1035 1118 1147 1158 posse
1178 1107 1246 1147 sed
1278 1118 1417 1147 eorum
1449 1118 1546 1160 quos
1577 1107 1690 1147 inuo-

215 1178 308 1217 cant
347 1177 574 1228 potestate?
625 1176 765 1228 atquin
803 1175 986 1216 constitit
1018 1174 1225 1216 Christum
1266 1175 1349 1216 sine
1388 1175 1483 1216 ullis
1515 1175 1688 1216 admini-
1705 1177 1755 1215 44

215 1245 315 1286 culis
346 1257 493 1291 reruni,
527 1244 610 1285 sine
642 1244 766 1284 ullius
797 1244 898 1284 ritus
930 1244 1207 1285 obseruatione
1240 1243 1301 1285 uel
1334 1244 1422 1297 lege
1453 1244 1587 1285 omnia
1617 1243 1693 1286 illa

174 1326 200 1349 15
215 1325 314 1365 quae
349 1313 441 1354 fecit
473 1312 642 1353 nominis
675 1313 735 1353 sui
768 1312 1035 1364 possibilitate
1082 1312 1221 1353 fecisse
1253 1313 1292 1353 et
1336 1313 1440 1364 quod
1485 1312 1692 1366 proprium

216 1383 525 1422 consentaneum
563 1381 729 1434 dignum
766 1381 838 1421 deo
862 1380 993 1421 fuerat
1016 1393 1121 1429 uero,
1146 1380 1246 1421 nihil
1270 1392 1413 1421 nocens
1435 1382 1505 1421 aut
1528 1380 1691 1422 noxium

216 1449 282 1489 sed
313 1449 530 1502 opiferum.
574 1449 642 1489 sed
674 1449 866 1493 salutare,
900 1448 968 1490 sed
1000 1449 1205 1490 auxiliaris
1238 1449 1400 1501 plenum
1434 1449 1547 1489 nobis
1578 1450 1691 1502 pote-

216 1518 332 1559 statis
378 1518 565 1559 munifica
614 1517 857 1558 liberalitate
903 1519 1079 1558 donasse.
1131 1518 1227 1569 quid
1275 1518 1409 1559 dicitis
1455 1531 1476 1555 o
1516 1518 1758 1559 iterumP45

217 1599 310 1640 ergo
342 1586 411 1628 ille
442 1587 624 1628 mortalis
655 1589 726 1628 aut
755 1599 857 1627 unus
881 1586 998 1627 suite
1020 1585 1146 1634 nobis,
1181 1586 1294 1628 cuius
1316 1586 1545 1638 imperium,
1579 1586 1692 1627 cuius

171 1667 202 1692 20
217 1667 355 1696 uocem
401 1655 662 1708 popularibus
709 1658 749 1696 et
794 1654 1005 1696 cotidianis
1050 1654 1181 1695 uerbis
1227 1654 1394 1696 missam
1440 1655 1694 1696 ualetudines

217 1724 347 1765 morbi
379 1723 507 1765 febres
538 1725 657 1776 atque
692 1723 771 1764 alia
793 1736 1002 1775 corporum
1024 1722 1299 1764 cruciamenta
1320 1722 1560 1777 fugiebant?
1591 1736 1693 1764 unus

218 1792 296 1834 fuit
327 1806 347 1834 e
378 1792 504 1841 nobis,
539 1792 652 1833 cuius
684 1792 964 1844 praesentiam,
998 1792 1110 1833 cuius
1134 1792 1268 1832 uisum
1289 1804 1385 1845 gens
1408 1792 1481 1833 1113
1502 1792 1694 1844 nequibat

219 1861 321 1902 ferre
351 1873 573 1902 mersorum
605 1861 645 1901 in
678 1860 899 1902 uisceribus
936 1860 1176 1901 daemonum
1209 1860 1505 1912 conterritaque
1528 1861 1567 1901 ui
1590 1872 1694 1902 noua

218 1930 493 1971 membrorum
543 1929 790 1981 possessione
832 1929 1026 1969 cedebat?
1076 1941 1177 1970 unus
1225 1929 1303 1969 fuit
1340 1942 1359 1970 e
1400 1929 1534 1975 nobis,
1581 1929 1694 1969 cuius

173 2013 203 2037 25
219 1997 355 2039 foedae
388 1997 614 2051 uitiligines
647 1996 814 2038 iussioni
836 1997 1170 2050 obtemperabant
1193 1998 1332 2049 pulsae
1367 1997 1508 2038 statim
1540 2001 1579 2038 et
1601 2009 1694 2038 con-

219 2066 394 2107 cordiam
426 2066 602 2107 colorum
636 2065 941 2107 commaculatis
970 2066 1129 2106 cutibus
1152 2065 1462 2118 relinquebant?
1493 2078 1594 2106 unus
1617 2065 1696 2106 fuit

219 2148 238 2176 e
270 2135 394 2183 1101113,
428 2135 540 2176 cuius
572 2148 616 2175 ex
648 2135 729 2176 leui
760 2136 871 2176 tactu
904 2134 1065 2176 stabant
1096 2133 1293 2186 profluuia
1323 2135 1531 2187 sanguinis
1563 2135 1602 2175 et
1632 2135 1695 2175 in-

220 2204 444 2245 moderatos
478 2203 717 2244 cohibebant
748 2203 921 2244 fluores?
952 2215 1054 2244 unus
1087 2203 1163 2243 fuit
1194 2217 1213 2243 e
1245 2203 1376 2247 nobis.
1409 2203 1522 2243 cuius
1554 2215 1695 2243 manus

222 2273 437 2313 intercutes
469 2273 508 2313 et
540 2273 773 2313 ueternosae
805 2271 1014 2325 fugiebant
1036 2271 1180 2321 undae,
1214 2271 1475 2324 penetrabilis
1498 2270 1567 2311 ille
1589 2271 1695 2311 uita-

174 2341 291 2381 sobat
329 2340 461 2392 liquor
503 2342 542 2381 et
572 2341 777 2394 turgentia
824 2340 978 2381 uiscera
1022 2339 1190 2381 salutari
1238 2339 1429 2380 ariditate
1467 2337 1696 2380 deflabant?

268 2568 282 2599 1
311 2567 462 2601 sollitita
480 2567 511 2598 P
534 2577 612 2601 corr
750 2576 910 2609 urgemus
939 2565 1027 2600 Sab:
1053 2575 1215 2609 urgemur
1235 2566 1267 2597 P
1401 2564 1422 2597 3
1447 2567 1586 2599 actuum
1607 2566 1696 2600 Sal).-

224 2629 339 2659 actum
357 2626 389 2657 P
525 2624 542 2656 7
569 2623 798 2656 familiarium
822 2625 887 2657 Urs
1025 2624 1044 2653 t<
1069 2633 1195 2666 aequos
1214 2624 1245 2654 P
1382 2621 1424 2655 10
1447 2622 1519 2655 31111
1538 2622 1607 2657 Sab

224 2682 382 2715 seminavi
410 2683 439 2713 P
577 2681 616 2713 12
642 2679 801 2713 uideatur
827 2679 896 2713 Sao
1049 2680 1090 2713 15
1115 2679 1268 2712 numinis
1300 2679 1367 2712 Urs
1509 2679 1545 2713 17
1571 2679 1695 2712 auxili-

223 2740 291 2772 aris
310 2740 518 2773 Memmius:
537 2736 765 2772 auxiliaribus
786 2738 815 2768 I’
919 2736 1030 2780 nobis]
1052 2736 1148 2770 bonis
1174 2737 1237 2769 Urs
1345 2737 1385 2769 18
1403 2736 1566 2769 munifica
1583 2736 1695 2769 Mem-

224 2798 332 2830 mius:
373 2797 555 2830 munificae
581 2797 613 2828 P
761 2795 804 2827 26
829 2794 967 2827 cutibus
991 2795 1137 2837 scripsi:
1164 2793 1353 2827 uisceribus
1380 2794 1411 2826 P
1556 2793 1600 2827 30
1624 2797 1697 2826 tur-

226 2854 343 2895 gentia
371 2853 458 2886 Sal).-
484 2853 640 2896 turgonti
668 2853 697 2883 P
832 2850 1029 2884 defluebant
1062 2851 1127 2885 Urs
