2032 3248
355 232 437 275 154
615 233 617 235 ’
756 229 947 264 Arnobii
979 229 1194 264 aduersus
1226 229 1438 264 nationes

353 358 500 400 ergone
531 344 782 387 Mineruium
825 355 972 386 nomen
1011 343 1058 385 tu
1097 343 1201 386 feres
1239 344 1442 397 parricida
1486 344 1677 398 petulans
1716 346 1757 387 61
1797 358 1844 387 ex

351 414 500 457 amoris
532 414 678 455 incesti
708 412 1055 455 contaminatione
1085 412 1258 466 polluta,
1292 424 1394 465 quae
1415 412 1513 454 dum
1534 414 1576 454 te
1597 412 1701 454 fucis
1723 413 1844 467 atque

351 484 510 526 artibus
541 482 689 524 excolis
710 482 966 532 meretriciis,
999 482 1124 524 etiam
1146 482 1276 535 patris
1297 482 1403 524 inte
1424 482 1605 524 mentem
1626 482 1844 525 furialibus

351 554 471 607 plane
503 552 799 606 cupiditatibus
831 551 1050 593 excitasti?
1090 563 1212 606 perge
1242 551 1390 605 igitur,
1437 551 1550 593 aliud
1580 551 1658 593 tibi
1698 565 1844 606 quaere

350 623 535 677 signum;
567 634 662 664 nam
692 633 784 662 mea
813 633 876 662 163
903 620 986 662 1313
1007 620 1082 671 est,
1114 632 1236 673 quam
1257 619 1378 661 Nilus
1399 620 1602 662 maximus
1625 619 1845 663 fluminum
1874 636 1888 661 5

349 691 465 745 aquis
506 690 717 746 generauit
748 702 794 731 ex
824 689 994 742 liquidis
1027 690 1067 730 et
1097 689 1139 730 in
1170 688 1377 743 uirgineos
1416 689 1584 731 habitus
1615 689 1717 731 roris
1749 702 1843 732 con-

349 760 529 803 cretione
560 758 762 801 conduxit.
805 758 949 810 quodsi
977 757 1100 799 fidem
1119 758 1293 811 inquiris
1315 758 1427 808 facti,
1461 758 1688 813 Aegyptios
1709 759 1749 801 61
1770 770 1843 813 ego

348 830 474 871 testes
517 828 644 878 dabo,
686 838 859 880 quorum
898 839 990 868 sum
1019 826 1147 869 Neith
1180 827 1343 881 lingua,
1381 827 1568 869 Platonis
1599 827 1844 869 testificante

349 898 528 940 Timaeo
576 896 674 950 quid
705 895 851 937 deinde
893 895 1143 937 arbitramur
1173 895 1289 937 fore?
1334 895 1556 937 desistetne
1588 897 1627 937 et
1657 896 1732 938 illa
1760 896 1844 938 Mi-

347 979 516 1008 neruam
547 978 588 1007 se
618 965 763 1014 dicere,
795 964 859 1005 cui
891 964 1160 1019 Coryphasiae
1191 976 1339 1006 nomen
1371 966 1432 1006 est
1462 965 1529 1006 uel
1561 977 1607 1006 ex
1638 964 1844 1020 Coryphae
1857 982 1889 1007 10

346 1035 492 1077 matris
523 1035 639 1088 signo
669 1033 737 1075 uel
768 1033 874 1086 quod
905 1046 952 1075 ex
982 1033 1136 1075 uertice
1166 1046 1326 1076 summo
1347 1033 1457 1075 Iouis
1486 1045 1675 1087 parmam
1707 1034 1842 1076 ferens

347 1104 518 1146 emicuit
554 1104 677 1156 atque
719 1115 925 1144 armorum
956 1102 1139 1144 accincta
1168 1102 1425 1144 terroribus?
1471 1103 1544 1144 aut
1572 1103 1709 1154 illam,
1742 1115 1844 1156 quae

346 1173 472 1215 tertia
510 1174 591 1223 631,
634 1184 838 1214 cessuram
876 1171 1080 1225 patienter
1117 1172 1311 1214 nomine?
1356 1174 1397 1214 et
1426 1185 1507 1214 non
1537 1172 1657 1214 (116113
1688 1171 1844 1214 talibus

345 1241 581 1283 habituram
611 1240 814 1282 rationem
845 1241 909 1282 sui
931 1241 972 1282 61
992 1240 1221 1293 primarum
1241 1241 1528 1295 adrogantiam
1548 1241 1842 1283 refutaturam:

345 1310 460 1352 113116
489 1311 536 1352 111
564 1310 688 1352 311(163
717 1310 976 1351 maiestatem
996 1309 1076 1351 tibi
1097 1310 1178 1351 mei
1199 1309 1374 1352 nominis
1405 1322 1599 1363 usurpare
1631 1311 1842 1361 sinceram,
1857 1327 1888 1352 15

346 1392 394 1421 ex
424 1390 546 1421 caeno
578 1381 618 1420 61
648 1391 695 1420 ex
728 1377 964 1433 gurgitibus
1003 1377 1166 1431 prodita
1204 1378 1499 1433 coagulataque
1538 1379 1727 1421 limosis?
1772 1380 1844 1421 aut

345 1448 426 1491 tibi
454 1449 501 1489 tu
533 1448 710 1489 alienam
741 1446 988 1501 dignitatem
1019 1447 1203 1488 adsumis
1234 1447 1342 1498 deae,
1376 1460 1477 1501 quae
1503 1449 1554 1490 de
1574 1449 1728 1490 uertice
1748 1460 1843 1501 pro-

347 1518 526 1559 creatam
565 1516 754 1559 mentiris
785 1517 826 1558 te
856 1516 967 1558 Iouis
999 1518 1039 1558 61
1077 1517 1276 1559 rationem
1314 1518 1356 1558 te
1387 1530 1474 1559 esse
1503 1517 1748 1560 mortalibus
1778 1517 1843 1558 in-

347 1586 571 1640 eptissimis
603 1585 776 1628 suades?
823 1597 869 1627 ex
899 1586 1032 1639 capite
1063 1586 1222 1640 Iupiter
1252 1587 1465 1640 conceptos
1496 1586 1602 1628 filios
1625 1587 1840 1639 procreat?

347 1656 387 1697 et
417 1656 464 1696 ut
495 1668 609 1697 arma
654 1667 757 1708 quae
802 1656 938 1709 gestas
977 1655 1145 1707 procudi
1175 1655 1334 1709 possint
1367 1656 1407 1697 et
1436 1655 1640 1705 fabricari,
1673 1655 1717 1696 in
1748 1667 1839 1696 uer·
1853 1671 1888 1698 20

252 1730 333 1765 f.87
347 1723 442 1766 ticis
479 1723 483 1777 1
519 1724 650 1777 ipsius
691 1735 790 1765 cauo
828 1723 990 1765 officina
1030 1723 1194 1765 fabrilis
1232 1724 1332 1775 fuit,
1371 1725 1536 1767 incudes
1579 1723 1721 1766 mallei
1758 1723 1841 1765 for-

345 1805 464 1834 naces
510 1792 627 1834 folles
672 1792 864 1834 carbones
910 1793 950 1834 et
996 1792 1184 1834 forfices?
1238 1795 1309 1834 aut
1355 1793 1390 1835 si
1435 1806 1579 1835 uerum
1625 1794 1687 1835 est
1734 1792 1840 1846 quod

344 1861 570 1912 adseueras,
602 1861 803 1903 rationem
834 1861 874 1902 16
905 1873 1004 1912 6336,
1036 1862 1187 1903 desiste
1216 1862 1295 1904 tibi
1323 1874 1469 1904 nomen
1499 1862 1542 1904 id
1573 1862 1680 1916 quod
1700 1875 1840 1904 meum

345 1931 408 1972 est
438 1930 668 1972 uindicare:
710 1941 804 1971 nam
846 1942 969 1983 quam
1000 1930 1102 1972 dicis
1132 1930 1235 1972 ratio
1273 1943 1352 1972 non
1383 1932 1444 1973 est
1475 1931 1628 1985 species
1660 1930 1839 1972 numinis

344 1999 456 2041 certa
495 1999 567 2040 sed
603 1998 867 2041 obscurarum
898 1998 1184 2054 intellegentia
1215 2011 1443 2042 causarum.
1491 2000 1526 2041 si
1557 2012 1665 2054 ergo,
1698 2001 1744 2041 ut
1775 1999 1884 2043 ‹ii-25

342 2068 491 2119 ximus,
523 2067 657 2110 officia
686 2067 803 2109 nobis
834 2067 1083 2109 adeuntibus
1111 2068 1305 2123 religiosa
1324 2069 1539 2110 Mineruae
1560 2068 1699 2110 adsint
1721 2068 1838 2122 quin-

479 2181 672 2225 9p.21e

389 2286 408 2319 1
433 2285 523 2319 feres
548 2285 633 2320 Urs:
656 2285 746 2320 feras
763 2286 799 2320 P
818 2285 889 2320 fers
908 2286 979 2320 Sab
1092 2286 1115 2320 4
1138 2286 1242 2330 plane
1266 2286 1354 2320 Urs:
1379 2285 1518 2330 plenam
1539 2286 1575 2320 P
1689 2286 1709 2320 6
1734 2295 1837 2330 gene-

342 2342 438 2376 rabit
463 2343 499 2377 P
521 2353 603 2377 corr
738 2343 760 2377 8
785 2354 862 2377 sum
886 2342 997 2376 Neith
1023 2343 1143 2377 Salm:
1172 2343 1239 2377 nili
1264 2344 1300 2377 P
1322 2342 1431 2377 Neith
1463 2343 1650 2387 Canterus,
1682 2343 1749 2378 Urs

341 2399 466 2444 lingua
490 2400 586 2434 dicor
617 2399 682 2434 Gel
858 2399 1018 2434 Platonis
1044 2400 1135 2434 Sab:
1168 2400 1298 2434 latonis
1323 2401 1358 2435 P
1534 2401 1555 2435 9
1581 2401 1688 2435 1111166
1712 2400 1749 2434 P

342 2457 386 2492 10
410 2457 600 2502 coryfasiae
625 2457 660 2491 P
808 2457 946 2501 coryfae
971 2457 1006 2491 P
1142 2457 1186 2491 12
1209 2468 1367 2491 amorum
1392 2458 1428 2492 P
1443 2468 1522 2493 corr
1660 2457 1701 2492 13
1726 2467 1839 2491 cessu-

341 2525 416 2548 ram
436 2514 527 2549 Sab:
553 2525 733 2549 censuram
752 2515 788 2549 P
908 2515 1084 2558 patienter
1107 2515 1194 2549 Urs.-
1218 2516 1413 2559 patientiae
1430 2517 1466 2550 P
1488 2515 1661 2559 patientia
1685 2514 1749 2549 G-ez

340 2581 466 2605 nomen
493 2572 564 2606 Sab
704 2572 747 2606 15
770 2571 939 2605 sinceram
963 2572 1174 2606 Meursius:
1207 2572 1236 2605 si
1261 2583 1383 2606 uerum
1408 2573 1443 2607 P
1467 2583 1554 2616 quae
1585 2572 1650 2607 Gel
1674 2572 1732 2606 Sai
1757 2582 1836 2606 cum

348 2640 416 2675 Urs
440 2651 495 2674 om
521 2641 618 2675 Sazm
756 2641 800 2675 16
825 2651 842 2674 e
866 2641 951 2675 limo
978 2641 1025 2674 sis
1052 2641 1123 2675 Sal>
1260 2642 1302 2675 17
1328 2641 1479 2676 alienam
1509 2641 1592 2675 Get.-
1617 2631 1689 2674 aliz}
1713 2641 1749 2674 P

341 2700 379 2731 at
402 2697 470 2731 tibi
496 2699 537 2731 tu
563 2698 669 2731 aliam
694 2697 910 2741 dignitatem
926 2709 1073 2739 assume,
1099 2698 1197 2732 deam
1215 2709 1301 2742 quae
1320 2699 1420 2733 Salm
1548 2699 1630 2733 deae
1655 2699 1755 2743 quae]
1782 2699 1836 2732 at-

340 2764 406 2798 que
431 2755 502 2789 Sab
640 2765 707 2798 que
733 2755 768 2789 P
905 2755 947 2789 18
971 2755 1147 2789 rationem
1174 2756 1257 2796 Sab,
1275 2766 1315 2789 r:
1339 2756 1476 2789 ratione
1500 2756 1535 2789 P
1674 2756 1716 2790 19
1739 2755 1834 2789 Ιο1113

340 2821 358 2845 6
381 2812 492 2854 capite
517 2813 682 2855 concepta
706 2813 745 2845 tu
770 2811 879 2846 fueris
904 2813 934 2846 si
959 2813 1037 2856 quis
1063 2823 1102 2846 ex
1127 2813 1241 2856 capite
1265 2813 1333 2847 Urs
1463 2812 1598 2856 Iupiter
1614 2813 1746 2847 addidi

338 2867 384 2902 20
408 2871 444 2902 61
462 2869 512 2912 111]
531 2871 594 2902 3111
612 2869 641 2902 31
659 2868 731 2903 Sab
757 2872 799 2903 ut
819 2869 919 2903 Salm
1055 2872 1204 2913 possunt
1223 2870 1294 2904 Sab
1311 2871 1454 2913 possent
1471 2870 1568 2904 Salm
1707 2870 1750 2904 22
1765 2869 1835 2903 for-

338 2926 430 2970 cipes
461 2926 528 2961 Urs
666 2929 728 2960 aut
755 2927 844 2961 Sab:
874 2929 915 2960 ut
940 2927 975 2960 P
997 2928 1034 2960 at
1066 2927 1133 2961 Urs
1270 2928 1313 2961 26
1339 2927 1470 2961 adsinit
1494 2927 1528 2960 P
1552 2937 1632 2962 corr
