2032 3248
806 233 934 266 Liber
967 231 1007 265 V.
1573 239 1651 279 195

156 348 322 400 aliquod
363 347 624 401 sacrilegium
663 348 735 387 hoc
774 347 926 396 maius,
973 349 1045 389 aut
1085 348 1170 389 ulla
1209 361 1320 390 mens
1359 349 1532 392 inueniri
1564 353 1650 393 tam

157 416 403 470 inreligiosis
434 416 569 468 potest
601 415 858 468 opinionibus
889 416 1075 469 praedita
1106 429 1229 469 quam
1260 430 1363 470 quae
1392 418 1493 460 talia
1522 420 1650 461 credit

157 486 229 526 aut
260 484 407 537 accipit
439 485 511 525 aut
533 496 739 526 sacrorum
761 484 919 526 intimis
941 485 985 525 in
1004 486 1212 538 mysteriis
1239 485 1244 540 Ι
1270 487 1437 538 prodit?
1467 487 1650 541 Iuppiter
1664 491 1685 523 f.
1706 492 1786 523 110b

158 553 228 594 ille
260 553 506 605 quicumque
538 556 620 602 est,
654 553 689 593 si
720 553 892 594 sentiret
923 566 964 594 se
996 565 1082 594 esse
1113 555 1185 595 aut
1216 554 1250 595 si
1281 555 1366 596 ullo
1398 568 1518 597 sensu
1548 557 1649 598 adfi-

131 622 315 663 sceretur
352 621 547 670 iniuriae,
589 633 717 663 nonne
749 622 874 676 digna
905 634 968 663 res
999 622 1126 672 esset,
1164 625 1328 676 propter
1369 637 1490 677 quam
1522 625 1650 667 iratus

158 693 197 732 et
230 690 406 742 percitus
447 690 599 730 terram
637 690 786 731 nostris
818 690 1061 731 subduceret
1101 692 1326 745 gressibus,
1367 692 1464 733 solis
1495 693 1651 735 lumina

158 758 412 812 extingueret
443 759 564 811 atque
596 759 730 809 lunae,
763 759 990 811 quinimmo
1021 773 1085 801 res
1117 772 1256 801 omnes
1286 761 1326 801 in
1349 761 1538 814 antiquae
1561 775 1649 815 spe-

158 828 262 869 ciem
294 827 556 869 confunderet
587 828 796 869 unitatis?
841 829 909 869 sed
941 840 1020 870 non
1052 832 1159 879 sunt,
1191 829 1336 882 inquit,
1374 831 1431 871 rei
1461 831 1649 883 publicae
1664 831 1715 869 24

158 898 318 937 nostrae
363 897 463 938 haec
509 909 634 937 sacra.
686 897 874 949 quisnam
922 898 1033 939 istud
1079 897 1179 939 dicit
1218 901 1288 940 aut
1328 899 1417 952 quis
1460 900 1650 953 reponit?

116 987 145 1008 :0
159 966 363 1007 Romanus
410 965 554 1008 Gallus
600 965 806 1018 Hispanus
848 965 948 1006 Afer
993 965 1218 1007 Germanus
1263 970 1333 1008 aut
1372 967 1562 1010 Siculus?
1612 972 1650 1009 et

159 1033 256 1086 quid
298 1033 467 1074 adiuuat
505 1046 689 1083 causam,
737 1034 770 1075 si
802 1035 938 1076 uestra
980 1035 1078 1076 haec
1109 1048 1187 1077 non
1217 1038 1333 1086 sunt,
1382 1049 1475 1077 cum
1506 1039 1574 1090 qui
1606 1050 1651 1079 ea

159 1102 379 1143 conficiunt
417 1102 501 1142 sint
532 1105 762 1143 uestrarum
794 1103 1003 1155 partium?
1047 1104 1119 1144 aut
1149 1104 1247 1156 quid
1279 1104 1419 1155 refert,
1461 1106 1651 1147 utrumne

159 1183 204 1212 ea
234 1170 413 1223 probetis
446 1183 584 1222 necne⁷
618 1183 710 1212 curn
741 1184 841 1224 quae
873 1173 1009 1213 uestra
1040 1175 1137 1214 sunt
1173 1173 1336 1226 propria
1367 1176 1438 1214 aut
1459 1174 1501 1214 in
1523 1174 1651 1215 simili

160 1239 353 1281 foeditate
400 1243 470 1281 aut
517 1240 784 1293 turpitudinis
835 1254 979 1294 genere
1029 1242 1284 1295 reperiantur
1333 1255 1420 1283 esse
1466 1243 1650 1284 maiore?

118 1330 144 1351 15·
160 1309 287 1349 uultis
322 1309 430 1349 enim
464 1309 764 1351 consideremus
802 1311 999 1363 mysteria
1030 1314 1069 1351 et
1101 1311 1173 1351 illa
1204 1311 1363 1360 diuina,
1395 1324 1494 1364 quae
1526 1312 1651 1353 Thes-

160 1377 368 1430 mophoria
400 1378 663 1419 nominantur
692 1391 715 1419 a
737 1377 915 1428 Graecis,
949 1379 1096 1431 quibus
1128 1380 1247 1433 gente
1277 1380 1327 1420 ab
1349 1380 1491 1421 Attica
1512 1382 1652 1422 sancta

160 1446 233 1487 illa
263 1446 481 1500 peruigilia
513 1449 745 1488 consecrata
776 1447 871 1487 sunt
903 1448 943 1487 et
974 1448 1258 1501 pannychismi
1297 1451 1469 1502 graues?
1511 1449 1650 1498 uultis,

160 1514 349 1567 inquam,
392 1515 622 1565 uideamusa
666 1528 766 1568 quas
799 1516 977 1570 origines
1008 1516 1184 1557 habeant
1221 1528 1372 1568 quasue
1404 1528 1565 1567 causas,
1608 1518 1651 1557 ut

161 1583 341 1624 Athenas
381 1584 504 1625 etiam
548 1586 764 1637 probemus
794 1584 902 1636 ipsas
934 1584 1206 1626 humanitatis
1237 1584 1394 1625 artibus
1425 1585 1651 1638 studiisque

114 1673 147 1694 ·.·‹›
161 1652 358 1704 pollentes
390 1655 478 1694 tam
508 1654 550 1695 in
582 1653 676 1695 deos
709 1653 838 1694 dicere
861 1654 1156 1695 contumeliosa
1188 1667 1310 1707 quam
1347 1653 1539 1694 dictitent
1565 1654 1651 1703 alii,

162 1732 233 1761 nec
272 1721 427 1761 minora
467 1722 517 1763 ab
557 1722 619 1763 his
660 1723 806 1776 probra
851 1735 975 1775 quam
1017 1723 1160 1764 ceteris
1206 1722 1437 1763 obiciantur
1475 1736 1497 1763 a
1538 1722 1652 1763 uobis

161 1788 368 1842 religionis
390 1790 464 1831 sub
487 1791 619 1842 specie
641 1791 870 1843 publicari?
902 1791 1090 1843 quodam,
1121 1791 1325 1843 inquiunt,
1358 1792 1538 1843 tempore
1561 1802 1652 1831 cum

162 1857 203 1896 in
237 1856 401 1899 Siciliae
432 1859 607 1911 pratulis
638 1871 860 1912 purpureos
894 1861 1046 1913 legeret
1078 1860 1257 1900 nondum
1289 1859 1439 1900 mulier
1465 1859 1582 1900 fiores
1614 1860 1653 1899 et

162 1924 293 1967 adhuc
332 1926 471 1980 uirago
510 1927 753 1981 Proserpina
798 1940 971 1980 cumque
1017 1929 1132 1969 illam
1170 1940 1240 1980 per
1277 1928 1442 1968 floream
1482 1939 1652 1968 messem

117 2015 147 2036 ·.¹.'›
162 1993 239 2034 huc
280 1995 401 2047 atque
443 1995 543 2036 illuc
575 1996 727 2049 passim
759 1996 946 2036 lectionis
979 1996 1180 2048 cupiditas
1212 1997 1420 2048 auocaret,
1462 2008 1533 2048 per
1562 2007 1652 2047 pro-

163 2062 311 2103 fundae
350 2063 583 2104 altitudinis
625 2064 855 2116 speluncam
896 2063 899 2118 Ι
936 2077 1001 2104 rex
1033 2064 1246 2116 prosiliens
1279 2064 1462 2104 Manium
1494 2066 1650 2115 raptam
1666 2070 1687 2100 f.
1708 2071 1766 2100 111

163 2131 365 2184 uirginem
412 2145 550 2173 secum
597 2133 710 2173 uehit
757 2135 796 2173 et
842 2134 1045 2172 terrarum
1092 2132 1355 2173 absconditur
1400 2132 1651 2173 successibus

163 2212 313 2241 rursus.
361 2201 467 2254 quod
499 2214 590 2242 cum
625 2202 778 2242 factum
811 2201 986 2242 nesciret
1009 2200 1125 2241 Ceres
1158 2214 1227 2241 nec
1251 2200 1335 2241 filia
1357 2202 1463 2241 esset
1487 2199 1652 2240 ubinam

163 2269 346 2321 gentium
378 2270 671 2323 suspicaretur,
714 2269 890 2310 intendit
922 2269 1105 2309 animum
1136 2268 1337 2321 perditam
1371 2269 1455 2309 toto
1487 2269 1528 2308 in
1560 2268 1652 2309 orbe

211 2439 227 2470 1
255 2449 339 2482 gens
359 2439 429 2473 Sub
569 2441 589 2471 2
615 2438 771 2481 praedita
790 2438 879 2472 Sub:
907 2437 1105 2481 praedicata
1123 2438 1157 2470 P
1182 2438 1377 2481 praeligata
1402 2437 1563 2481 (sugerus

163 2496 184 2528 3
209 2495 357 2538 intymis
384 2496 418 2529 1¹
578 2498 598 2529 43
625 2495 751 2528 uestris
782 2496 848 2529 L'rs
1019 2497 1039 2527 8
1064 2494 1187 2538 inquid
1214 2495 1249 2528 P
1272 2505 1351 2527 corr
1512 2494 1553 2526 10
1579 2504 1654 2537 spa-

166 2562 227 2584 nus
246 2552 280 2585 P
456 2553 498 2585 13
524 2552 595 2585 sint
614 2551 684 2585 Sub
862 2551 897 2584 in
914 2563 968 2584 om
987 2552 1058 2585 Sub
1231 2552 1273 2584 15
1291 2550 1517 2584 thesmoforia
1535 2551 1570 2583 1²

168 2609 207 2641 1⁴3
233 2610 371 2653 graegis
391 2610 424 2643 P
441 2620 520 2643 corr
537 2620 554 2643 c
683 2608 722 2642 17
744 2609 988 2652 pannychismi
1014 2619 1137 2651 graues
1166 2608 1248 2641 Gcl:
1275 2607 1522 2650 phanniciisnii
1547 2618 1654 2649 graue

168 2668 307 2710 (graues
335 2675 364 2708 r)
392 2668 427 2701 P
464 2667 667 2700 Phauniciis
704 2667 859 2709 migraue
894 2665 965 2698 Sub
1005 2665 1232 2709 Pannychia‘?
1274 2665 1310 2697 ni
1349 2675 1456 2708 graue
1499 2664 1565 2697 L'rs

166 2724 211 2756 20
228 2723 362 2757 dictent
381 2724 452 2758 Sub
567 2725 610 2757 253
628 2723 687 2757 scd
704 2724 890 2756 Mmrsms
998 2723 1041 2755 24
1061 2723 1159 2765 uirgo
1179 2722 1251 2755 Sub
1368 2722 1410 2754 27
1429 2721 1654 2754 obscornlitur

168 2781 238 2815 Sub
256 2792 336 2815 corr
354 2783 391 2815 in
409 2792 467 2815 err
603 2783 646 2814 28
671 2792 737 2824 quo
758 2781 792 2814 P
808 2792 886 2815 corr
904 2791 920 2814 c
1058 2780 1131 2813 lilia
1150 2780 1241 2813 Sub:
1268 2779 1359 2812 filias
1376 2780 1409 2810 P
1567 2780 1653 2811 essct

170 2838 310 2871 ubinam
338 2838 429 2872 Sub:
466 2839 523 2872 sed
550 2841 587 2872 tu
614 2839 731 2871 uiuam
760 2838 794 2871 P
825 2837 966 2871 ubinam
994 2849 1025 2870 m
1049 2848 1065 2868 s
1091 2836 1167 2870 XV
1302 2837 1338 2870 in
1363 2847 1419 2879 ‘my
1453 2843 1476 2871 .··

1451 2905 1519 2936 155*
