2032 3248
383 233 439 276 84
787 231 975 267 Arnobii
1006 231 1225 268 aduersus
1257 233 1467 269 nationes

382 348 493 391 modi
523 348 659 400 sciret,
690 348 734 390 in
764 360 929 402 corpora
958 349 1017 390 ire
1046 348 1227 400 iussisse,
1260 361 1432 403 quorum
1459 348 1625 391 indutae
1646 349 1873 391 carceribus

383 417 458 459 sub
489 417 676 472 procellis
707 418 874 472 agerent
901 417 1298 471 tempestatibusque
1319 417 1469 460 cotidie
1491 416 1674 460 fortunae
1696 418 1737 460 et
1756 419 1873 460 modo

382 485 520 539 turpia
550 485 726 528 facerent
756 486 874 527 modo
905 486 1143 539 paterentur
1173 486 1365 537 obscena,
1397 485 1619 541 naufragiis
1649 486 1777 528 ruinis
1807 487 1872 528 in-

383 555 616 597 cendiorum
638 554 1024 609 conflagrationibus
1045 556 1091 596 ut
1111 554 1305 609 perirent,
1327 555 1542 609 pauperies
1563 555 1678 607 aliae,
1701 556 1801 598 alias
1822 556 1869 597 ut

382 623 627 666 mendicitas
670 624 892 677 premeret,
941 623 989 665 ut
1032 624 1212 666 ferarum
1256 624 1492 677 paterentur
1536 624 1641 666 aliae
1678 624 1872 675 laniatus,
1904 640 1919 664 5

382 693 662 735 muscularum
699 692 802 734 aliae
832 693 879 734 ut
908 692 1124 734 interirent
1154 704 1326 744 uenen0‚
1367 693 1535 735 claudae
1566 693 1612 734 ut
1642 693 1874 735 incederent

382 761 498 813 aliae,
544 762 591 802 ut
629 761 732 803 aliae
770 762 911 803 lumen
947 761 1200 813 amitterent,
1246 763 1293 803 ut
1330 760 1522 804 articulis*
1554 763 1739 804 sederent
1770 762 1873 804 aliae

382 831 600 886 colligatis,
630 830 784 872 morbis
814 830 989 884 denique
1011 831 1316 873 obiectarentur
1343 831 1390 872 ut
1410 830 1578 882 cunctis,
1611 843 1710 884 quos
1730 830 1873 872 infelix

382 901 423 941 et
453 899 683 942 miseranda
712 899 944 942 mortalitas
974 899 1231 942 diuersa-rum
1270 899 1446 942 sustinet
1476 899 1697 942 dilacerata
1726 922 1746 943 ak
1771 900 1873 942 Poe-

381 981 545 1018 narum3
592 970 690 1010 tunc
721 969 867 1011 deinde
898 968 1052 1011 oblitae
1082 969 1201 1011 unius
1231 980 1317 1011 esse
1347 980 1389 1010 se
1418 969 1567 1020 fontis,
1607 969 1728 1010 unius
1758 969 1872 1023 geni·
1888 986 1920 1011 ιο

267 1045 366 1082 fi4eb
380 1038 482 1081 toris
513 1039 554 1080 et
584 1038 743 1091 capitiS,
776 1038 1064 1094 germanitatis
1097 1038 1103 1094 1
1143 1038 1420 1080 conuellerent
1441 1038 1564 1091 atque
1585 1027 1873 1093 abrumperent

381 1107 483 1159 iura,
514 1107 634 1149 urbes
665 1119 759 1149 suas
789 1107 1030 1158 euerterent,
1063 1106 1356 1161 popularentur
1384 1106 1593 1150 hostiliter
1613 1107 1755 1158 terras,
1787 1119 1872 1149 ser-

382 1187 453 1218 uos
484 1176 533 1218 de
561 1176 701 1218 liberis
731 1176 931 1229 facerent,
974 1176 1222 1218 insultarent
1265 1175 1496 1230 uirginibus
1526 1177 1567 1218 et
1598 1176 1873 1218 matrimoniis

381 1245 537 1296 alienis,
567 1244 749 1287 odissent
779 1245 958 1287 inuicem
988 1257 1095 1296 sese,
1129 1245 1304 1287 aliorum
1336 1244 1498 1299 gaudiis
1529 1246 1571 1286 et
1601 1244 1872 1287 felicitatibus

380 1314 628 1365 inuiderent‚
674 1314 765 1355 tum
805 1312 952 1356 deinde
982 1326 1024 1356 se
1055 1325 1194 1355 omnes
1230 1313 1542 1365 maledicerent,
1590 1314 1801 1367 carperent
1832 1315 1873 1356 et
1887 1332 1918 1357 15

314 1384 367 1425 46
380 1395 593 1425 saeuorum
622 1382 810 1424 dentium
831 1382 1096 1424 mordacitate
1117 1382 1336 1424 laniarent.
1369 1382 1439 1424 sed
1461 1382 1600 1436 procul
1620 1383 1718 1424 haec
1739 1383 1871 1434 abeat,

380 1452 427 1494 ut
457 1452 596 1494 eadem
626 1463 765 1493 rursus
797 1451 1128 1504 frequentiusque
1159 1451 1355 1503 dicamuS‚
1387 1452 1474 1493 tam
1499 1451 1695 1494 immanis
1716 1452 1757 1494 et
1787 1465 1874 1494 sce-

378 1521 508 1563 lerata
537 1520 764 1574 persuasio,
805 1520 853 1561 ut
883 1520 953 1561 ille
984 1519 1094 1562 salus
1124 1532 1259 1562 rerum
1290 1520 1410 1570 deus,
1452 1519 1637 1562 omnium
1667 1520 1872 1563 uirtutum

380 1591 514 1643 caput,
546 1590 818 1644 benignitatis
841 1590 881 1632 et
902 1590 1101 1641 columen,
1134 1590 1256 1642 atque
1277 1591 1324 1631 ut
1355 1602 1448 1631 eum
1478 1589 1668 1633 laudibus
1700 1590 1869 1632 extolla-

381 1672 473 1700 mus
492 1659 694 1709 humanis‚
725 1658 1067 1712 sapientissimus,
1099 1658 1247 1710 iustuS,
1280 1657 1459 1712 perfecta
1480 1659 1617 1701 omnia
1647 1659 1798 1701 faciens
1830 1660 1870 1701 et
1885 1678 1917 1703 20

380 1727 634 1782 integritatis
679 1739 775 1769 suae
819 1727 1103 1769 conseruantia
1147 1727 1375 1769 mensiones
1421 1728 1492 1769 aut
1528 1728 1685 1781 aliquid
1723 1728 1866 1770 fecerit

381 1797 574 1839 claudum
604 1798 645 1839 et
673 1796 780 1849 quod
809 1796 946 1837 minus
969 1797 1074 1838 esset
1096 1808 1119 1838 a
1138 1797 1260 1848 recte,
1293 1797 1365 1838 aut
1392 1796 1469 1838 ulli
1499 1797 1558 1839 rei
1589 1797 1714 1839 fuerit
1744 1797 1870 1839 mise-

381 1866 536 1907 riarum
574 1867 646 1908 aut
678 1866 962 1908 discriminum
1000 1878 1142 1916 causa,
1185 1865 1257 1907 aut
1294 1865 1402 1920 ipsos
1441 1866 1555 1908 actus
1597 1867 1743 1920 quibus
1783 1868 1871 1909 uita

379 1935 625 1990 transigitur
663 1937 703 1977 et
741 1935 968 1978 celebratur
1002 1935 1183 1977 humana
1228 1935 1495 1989 ordinauerit‚
1543 1935 1709 1978 iusserit
1746 1936 1786 1977 et
1821 1936 1870 1977 ab

382 2018 454 2047 sua
482 2004 605 2046 fluere
636 2004 928 2047 constitutione
958 2004 1221 2058 praeceperit.
1269 2005 1428 2046 minora
1465 2004 1564 2046 haec
1601 2004 1674 2047 illo
1706 2005 1801 2047 sunt
1831 2004 1917 2051 et25

381 2073 679 2128 magnitudinis
710 2073 795 2114 eius
826 2072 1079 2115 destruentia
1109 2073 1355 2126 potestatem
1385 2074 1630 2126 tantumque
1656 2074 1718 2115 est
1738 2074 1869 2126 longe,

382 2143 428 2184 ut
457 2142 633 2184 istarum
663 2142 803 2185 auctor
833 2153 969 2183 rerum
1000 2154 1085 2183 esse
1106 2142 1306 2194 credatur,
1339 2143 1386 2183 ut
1414 2142 1457 2183 in
1479 2142 1698 2196 sacrilegae
1719 2141 1872 2184 crimen

427 2348 445 2381 1
471 2347 616 2382 iussisse
639 2347 722 2382 Gel:
748 2347 913 2382 iussisset
930 2348 964 2381 P
1104 2347 1251 2382 indutae
1269 2347 1361 2383 Sab:
1386 2347 1551 2382 inductae
1570 2347 1606 2381 P
1737 2347 1759 2380 2
1783 2347 1872 2380 tem-

380 2404 669 2449 pestatibusquac
694 2406 730 2440 P
753 2415 831 2440 corr
998 2406 1019 2439 5
1043 2405 1258 2440 mendacitas
1284 2405 1357 2440 Sab
1531 2405 1724 2450 praemeret
1748 2404 1784 2438 P

381 2463 422 2496 ut
445 2461 598 2496 ferarum
622 2463 741 2497 Salm:
778 2462 997 2497 infernarum
1023 2463 1058 2496 P
1080 2462 1299 2497 internorum
1328 2462 1397 2497 Urs
1555 2464 1757 2506 paterentur
1789 2460 1873 2495 Get.-

380 2520 540 2563 paterent
557 2522 598 2554 ut
615 2520 651 2554 P
763 2519 916 2554 laniatus
933 2520 1175 2554 musculorum
1198 2521 1265 2554 Urs
1379 2520 1400 2554 6
1417 2519 1592 2554 incederet
1608 2519 1644 2553 P
1656 2529 1740 2553 corr
1753 2520 1781 2553 c¹

379 2577 401 2610 9
419 2576 609 2611 dilacerata
625 2594 642 2610 ³⁶
661 2577 901 2620 (intercidisse
915 2577 1066 2612 uidetur
1090 2577 1303 2612 cruciatibus
1327 2577 1386 2611 uel
1410 2576 1650 2621 flagellatione
1675 2576 1733 2611 uel
1756 2575 1870 2610 simile

379 2633 542 2677 uerbum)
574 2635 724 2678 scripsi.-
761 2634 1044 2669 dilacerationem
1074 2635 1109 2669 P
1145 2634 1395 2669 dilaceratione
1430 2634 1502 2669 Sab
1684 2643 1872 2677 poenarum

380 2691 491 2736 uulyo
631 2692 673 2726 12
689 2694 862 2727 enei-teret
879 2692 915 2726 P
931 2702 1012 2726 corr
1029 2694 1057 2726 c‘
1198 2692 1240 2726 16
1262 2682 1497 2726 mordacitate
1508 2691 1543 2725 P
1560 2701 1641 2725 corr
1656 2701 1676 2724 r
1811 2689 1873 2722 ha-

380 2747 463 2782 beat
483 2749 519 2783 P
535 2759 616 2783 corr
752 2749 797 2783 21
814 2749 1011 2783 mansiones
1031 2749 1067 2784 P
1082 2760 1164 2785 corr
1301 2749 1346 2783 22
1369 2749 1506 2783 eminus
1527 2748 1599 2783 Sao
1734 2747 1873 2782 abesset

380 2805 440 2840 uel
470 2807 560 2840 esset
585 2807 797 2841 summotum
823 2807 1095 2842 Klussmannus
1245 2806 1289 2840 24
1314 2817 1334 2841 a.
1359 2806 1431 2841 Sab
1582 2805 1625 2839 25
1650 2805 1754 2839 fluere
1779 2803 1872 2839 Sal).-

380 2862 505 2897 fiueret
529 2863 564 2898 P
700 2863 743 2898 27
770 2865 810 2898 ut
834 2864 910 2899 add
935 2863 1009 2899 Sal>
