2032 3248
782 213 910 246 Liber
945 213 1026 247 1111.
1565 216 1638 256 171

162 329 271 370 mala
322 328 468 380 quibus
508 328 728 369 inundatur
767 336 806 368 et
851 328 1050 381 premitur
1096 328 1180 368 sine
1221 329 1306 369 ulla
1346 329 1642 370 intermissione

162 398 404 446 mortalitas,
442 411 535 438 cum
564 397 697 437 omnis
729 399 754 448 †
786 409 846 438 res
879 410 944 438 eas
981 397 1126 449 quibus
1157 400 1250 438 sunt
1280 398 1466 439 inuoluta
1497 398 1642 450 probra

160 466 370 507 numinum
406 470 446 507 et
477 466 773 507 maledictionis
815 466 942 519 elogia
981 468 1021 507 et
1058 467 1205 507 cotidie
1245 466 1430 507 referatis
1463 467 1503 507 et
1534 466 1640 507 edis-

160 535 262 576 catis
294 535 453 584 cotidie,
487 538 526 576 et
558 534 770 586 siquando
802 534 982 575 animum
1015 535 1192 575 desidem
1224 535 1363 576 otiosis
1393 535 1519 575 uultis
1551 535 1641 575 alu-

132 603 428 644 scinationibus
468 604 679 656 occupari,
726 603 812 645 dies
852 603 966 643 uobis
1006 604 1180 655 poscatis
1219 604 1305 644 dari
1349 605 1388 644 et
1427 604 1512 644 sinc
1544 603 1641 644 ullis

159 671 528 712 intermissionibus
569 672 759 712 exhiberi.
807 671 912 724 quod
943 672 976 711 si
1007 672 1175 712 haberet
1215 684 1285 712 uos
1324 672 1461 724 aliqua
1493 672 1641 712 uestris

159 754 228 794 pro
271 740 536 794 religionibus
582 739 827 792 indignatio,
874 740 945 780 has
993 741 1126 792 potius
1168 740 1327 781 litteras
1368 753 1438 781 uos
1478 752 1640 781 exurere

157 809 353 850 debuistis
392 809 510 858 olim,
551 808 675 849 libros
715 808 814 849 istos
852 808 1058 858 demoliri,
1099 808 1318 849 dissoluere
1352 808 1514 849 theatra
1544 809 1641 849 haec

157 877 304 931 potius.
338 877 380 918 in
411 877 556 929 quibus
588 878 777 918 infamiae
809 878 1021 917 numinum
1053 877 1306 930 propudiosis
1338 877 1484 918 cotidie
1506 877 1639 929 publi-

113 949 300 988 iocantur
344 947 383 987 in
430 946 591 987 fabulis.
643 960 738 987 nam
783 948 918 987 nostra
964 947 1129 998 quidem
1176 947 1327 998 scripta
1365 958 1435 986 cur
1475 946 1641 999 ignibus

158 1016 390 1056 mernerunt
421 1015 537 1056 dari?
577 1028 646 1056 cur
677 1015 912 1056 immaniter
953 1015 1234 1056 conuenticula
1265 1015 1389 1064 dirui,
1423 1015 1463 1055 in
1496 1015 1642 1067 quibus

157 1096 339 1124 summus
376 1087 513 1124 oratur
543 1084 659 1131 deus,
706 1097 782 1136 pax
814 1084 968 1125 cunctis
1001 1085 1040 1125 et
1071 1085 1189 1125 uenia
1218 1084 1449 1136 postulatur
1488 1083 1641 1136 magis-

156 1152 331 1193 tratibus
373 1153 614 1194 exercitibus
655 1153 818 1206 regibus
859 1152 1131 1194 familiaribus
1168 1153 1363 1201 inimicis,
1407 1152 1537 1193 adhuc
1577 1151 1641 1191 ui-

156 1223 241 1262 tam
288 1222 529 1275 degentibus
569 1224 609 1262 et
647 1222 834 1263 resolutis
881 1233 1091 1274 corporum
1142 1222 1364 1271 uinctione,
1413 1221 1454 1260 in
1494 1220 1641 1272 quibus

113 1290 267 1331 malind
300 1290 462 1331 auditur
483 1290 586 1331 nihil
622 1288 626 1344 Ι
662 1290 738 1330 nisi
764 1291 869 1342 quod
891 1290 1088 1330 humanos
1111 1290 1247 1339 faciat,
1279 1290 1355 1330 nisi
1385 1289 1490 1342 quod
1518 1290 1640 1330 mites
1655 1292 1676 1324 f.
1692 1293 1734 1324 97

157 1359 403 1399 uerecundos
448 1359 614 1410 pudicos
653 1364 805 1408 castos,
853 1358 1068 1399 familiaris
1108 1358 1471 1399 communicatores
1515 1360 1571 1398 rei
1603 1358 1643 1398 et

157 1438 247 1467 cuni
271 1426 459 1468 omnibus
483 1427 596 1468 uobis
620 1427 769 1468 solidae
797 1426 1079 1481 germanitatis
1102 1426 1396 1468 necessitudine
1418 1427 1639 1479 copulatos.

157 1507 297 1535 uerum
329 1495 386 1535 ita
417 1508 458 1536 se
489 1508 549 1536 res
580 1495 721 1543 habet,
756 1497 801 1536 ut
832 1495 1021 1548 quoniam
1053 1495 1279 1548 plurimum
1318 1495 1467 1549 gladiis
1499 1495 1538 1535 et
1568 1507 1639 1548 po·
1656 1497 1705 1536 37

156 1565 304 1604 testate
336 1565 481 1605 ualetis
513 1564 627 1613 ferri,
668 1565 818 1605 anteire
850 1577 921 1605 uos
953 1564 1078 1605 etiam
1110 1564 1298 1605 ueritatis
1330 1563 1500 1604 scientia
1531 1563 1639 1604 iudi-

110 1646 142 1670 ·-10
157 1632 277 1682 cetis,
310 1633 350 1673 et
380 1645 464 1673 esse
496 1635 521 1683 †
553 1645 622 1685 pro
655 1632 732 1673 diis
763 1632 862 1684 pios,
896 1645 1067 1685 qnorum
1098 1633 1301 1685 potentias
1333 1633 1454 1685 primi
1486 1632 1642 1684 opinio-

155 1714 253 1741 num
298 1701 545 1742 obscenitate
592 1701 797 1742 foedastis.
856 1701 930 1741 hoc
980 1701 1019 1741 in
1066 1701 1170 1750 loco,
1214 1701 1246 1741 si
1286 1700 1474 1741 ferocitas
1506 1703 1641 1740 uestra

156 1769 358 1821 permittit
390 1772 429 1810 et
460 1769 591 1810 rabies
623 1768 778 1822 patitur
808 1768 926 1817 illud,
960 1768 1075 1808 nobis
1098 1771 1143 1809 ut
1166 1768 1443 1821 respondeatis
1466 1780 1640 1817 oramus,

156 1839 346 1878 utrumne
388 1838 467 1878 iras
506 1837 644 1878 cadere
686 1837 725 1877 in
774 1838 959 1877 naturam
1006 1837 1248 1878 existimetis
1293 1838 1458 1878 deorum
1505 1849 1554 1876 an
1593 1836 1642 1876 ab

155 1906 385 1947 adfectibus
426 1906 487 1946 his
526 1906 646 1958 longe
684 1904 867 1946 diuinam
905 1917 988 1945 esse
1028 1905 1327 1946 beatitudinem
1360 1905 1641 1958 disiugatam‘?

109 1987 249 2015 25nain
281 1975 315 2015 si
350 1974 578 2027 concipiunt
617 1974 687 2014 has
728 1973 832 2015 faces
865 1975 904 2014 et
935 1973 1113 2014 motibus
1152 1976 1440 2026 exasperantur
1473 1974 1639 2022 irarum,

154 2042 260 2084 sicut
306 2046 462 2084 uestrae
507 2042 757 2095 opinationes
803 2042 938 2083 ferunt
960 2067 1013 2070 —
1036 2055 1130 2083 nam
1162 2054 1277 2094 saepe
1307 2042 1400 2083 illos
1432 2042 1569 2082 dicitis
1601 2042 1642 2083 et

154 2112 315 2164 propt-er
353 2112 467 2152 ludos
510 2111 646 2152 minus
684 2110 857 2151 sollicite
897 2110 1023 2151 factos
1056 2112 1095 2150 et
1125 2112 1287 2163 propter
1328 2110 1531 2162 praesules
1563 2121 1641 2150 non

154 2180 341 2232 probatos
373 2181 413 2220 et
444 2182 606 2232 propter
637 2179 833 2232 quaedam
865 2179 1037 2230 spatiola
1069 2179 1257 2219 defanata
1289 2180 1328 2219 et
1357 2179 1520 2231 propter
1551 2190 1639 2218 cae-

153 2248 349 2289 rimonias
380 2261 459 2289 non
491 2248 566 2288 rite
598 2248 794 2300 perfectas
826 2247 1070 2288 tremoribus
1093 2246 1348 2287 infremuisse
1377 2247 1576 2287 terrarum
1600 2247 1640 2287 et

201 2390 221 2423 2
238 2389 345 2423 omni⁸
364 2389 398 2422 Ρ
512 2388 650 2422 litteras
683 2389 701 2422 1²
814 2388 835 2421 4
853 2386 1225 2421 alucinatinationibus
1245 2388 1278 2420 Ι)
1393 2387 1410 2419 ῖ
1434 2398 1493 2420 uos
1512 2387 1639 2431 Riqaz-

157 2463 247 2497 eius:
280 2463 340 2495 lios
367 2463 400 2496 P
571 2464 591 2495 ὃ
618 2462 703 2495 istos
729 2473 783 2495 om
811 2462 905 2495 Salm
1082 2462 1220 2495 theatra
1247 2462 1336 2495 Sah:
1370 2462 1490 2495 thetra
1516 2462 1551 2495 P

157 2522 198 2554 11
225 2520 415 2553 meruerint
442 2520 512 2553 &ab
654 2520 693 2552 12
719 2522 837 2552 oratur
861 2520 943 2552 Cel:
968 2523 1082 2552 orator
1106 2519 1139 2552 P
1280 2519 1318 2552 1⁴3
1344 2518 1528 2551 familiaris
1550 2518 1640 2552 Gui-

157 2577 312 2611 lielmus:
331 2577 520 2610 familiares
540 2577 573 2609 1>
672 2576 712 2609 17
731 2576 827 2609 uobis
845 2577 989 2619 scripsi.-
1007 2587 1092 2618 ‹1110s
1114 2576 1146 2608 P
1162 2576 1254 2618 quod
1278 2575 1458 2609 Valdenus
1559 2575 1640 2609 soli-

157 2634 218 2667 dae
235 2635 379 2677 scripsi.-
398 2635 525 2667 solulet
547 2634 576 2666 I’
713 2644 797 2676 quos
816 2634 953 2676 solidet]
973 2634 1167 2666 consolidae
1187 2633 1284 2666 Salm
1424 2634 1639 2677 germanitas

158 2702 370 2736 Stoa-eclam
508 2701 682 2744 copulatio
702 2701 773 2735 Sao
911 2702 952 2735 19
971 2693 1115 2734 scientia
1140 2713 1171 2734 m
1196 2703 1232 2734 αΙ
1369 2702 1413 2734 20
1438 2702 1522 2746 pios]
1548 2702 1640 2745 ipsos

157 2771 343 2804 Meursius
502 2769 620 2812 opinio
649 2770 681 2802 J>
705 2780 783 2802 corr
809 2781 826 2803 c·
986 2771 1027 2802 ‘20
1054 2758 1136 2803 uffae
1166 2770 1198 2802 P
1356 2769 1397 2803 :27
1424 2770 1534 2803 factos
1560 2770 1638 2805 Sab.

158 2840 174 2860 r
184 2842 194 2860 .·
227 2828 316 2861 facio
342 2828 376 2861 P
