2032 3248
390 229 512 262 CXIV

363 307 390 366 '6
460 323 612 368 Passus
649 329 710 369 est
746 331 885 372 autem
921 331 1185 377 beatissimus
1219 334 1445 390 Cyprianus
1480 338 1639 392 martyr
1670 339 1736 381 die
1766 341 1913 383 octaua

403 394 562 438 decima
582 397 851 442 kalendarum
869 400 1111 446 Octobrium
1132 405 1207 446 sub
1225 405 1446 448 Valeriano
1464 408 1505 449 et
1521 406 1710 450 Gallieno
1732 408 1912 462 impera-

348 520 350 522 ·
401 467 558 509 toribus
587 472 783 524 regnante
812 484 908 514 uero
928 473 1105 516 Domino
1128 476 1268 517 nostro
1289 475 1385 518 Iesu
1407 474 1583 528 Christo,
1612 477 1678 519 cui
1701 479 1764 520 est
1784 478 1913 521 honor

400 539 443 580 et
461 540 596 595 gloria
615 543 657 584 in
679 542 845 585 saecula
866 543 1134 586 saeculorum.
1160 556 1292 587 amen.

757 1026 1088 1100 INDEX
1139 1027 1558 1102 OPERVM

564 1178 669 1220 quae
700 1164 860 1207 duobus
891 1165 1102 1209 fasciculis
1133 1167 1174 1208 et
1204 1167 1426 1222 appendice
1458 1167 1730 1210 continentur.

525 1293 640 1335 Fasc.
673 1292 695 1334 I
1020 1292 1262 1335 LIBELLI:
1821 1332 1904 1367 pag.

470 1386 491 1428 Ι
523 1375 591 1428 Ad
611 1386 823 1428 Donatum
893 1416 1762 1428 .............
1879 1387 1905 1429 3

444 1461 487 1503 II
519 1460 637 1512 Quod
657 1461 769 1503 idola
792 1461 850 1502 dii
871 1473 951 1503 non
973 1461 1058 1503 sint
1106 1492 1759 1504 ..........
1853 1462 1905 1503 19

420 1536 487 1577 III
517 1536 584 1578 Ad
607 1534 827 1587 Quirinum
851 1535 1219 1591 (Testimoniorum
1244 1535 1343 1577 libri
1365 1535 1466 1590 tres)
1535 1567 1545 1577 .
1607 1567 1618 1577 .
1681 1567 1688 1575 .
1752 1567 1763 1577 .
1853 1537 1909 1579 35

428 1611 489 1653 IV
518 1611 579 1653 De
600 1611 748 1652 habitu
769 1611 982 1665 uirginum
1029 1643 1037 1650 .
1101 1643 1108 1651 .
1151 1636 1159 1638 v·
1173 1642 1758 1653 .........
1829 1613 1910 1656 187

447 1686 485 1728 V
517 1686 579 1728 De
601 1686 824 1728 catholicae
847 1685 1041 1728 ecclesiae
1063 1685 1224 1727 unitate
1248 1718 1756 1728 ........
1817 1688 1902 1731 209

421 1761 482 1803 VI
512 1762 573 1804 De
594 1762 721 1816 lapsis
810 1793 1754 1803 ..............
1816 1763 1900 1805 237

403 1837 486 1879 VII
516 1838 578 1879 De
601 1836 806 1879 dominica
828 1836 1011 1879 oratione
1098 1868 1753 1878 ..........
1815 1837 1898 1880 267

382 1911 488 1954 VIII
519 1912 579 1953 De
600 1912 859 1953 mortalitate
887 1942 1752 1953 .............
1814 1911 1897 1954 297

419 1986 480 2029 ΙΧ
496 1987 578 2029 'Ad
599 1987 873 2028 Fortunatum
898 1987 975 2038 (De
997 1986 1277 2028 exhortatione
1300 1985 1506 2040 martyrii)
1530 2018 1538 2027 .
1600 2018 1609 2028 .
1675 2020 1684 2028 .
1749 2019 1757 2028 .
1819 1988 1902 2029 317

443 2061 482 2103 X
512 2061 580 2103 Ad
602 2062 916 2104 Demetrianum
958 2093 1680 2103 ...........
1750 2078 1758 2086 ·
1821 2062 1904 2104 351

419 2136 481 2178 XI
509 2137 569 2178 De
590 2148 707 2189 opere
730 2138 770 2179 et
792 2136 1060 2190 eleemosynis
1098 2167 1756 2177 ..........
1818 2137 1902 2178 373

393 2211 477 2253 XII
508 2213 569 2253 De
593 2212 700 2254 bono
722 2212 949 2265 patientiae
1025 2242 1747 2253 ...........
1811 2211 1894 2252 397

376 2285 481 2327 ΧΙΙΙ
513 2288 575 2329 De
597 2287 681 2328 zelo
704 2288 745 2328 et
765 2287 896 2328 liuore
953 2317 1753 2327 ............
1813 2285 1899 2326 419

375 2361 477 2404 XIV
508 2361 745 2404 Sententiae
767 2361 1048 2415 episcoporum
1073 2360 1122 2402 de
1142 2360 1361 2402 haereticis
1383 2356 1641 2412 baptiiandis
1668 2392 1675 2400 .
1740 2393 1747 2400 .
1810 2359 1898 2401 435

511 2574 626 2617 Fasc.
659 2574 703 2615 ΙΙ
967 2572 1299 2615 EPISTVLAE:

405 2668 426 2708 1
460 2666 684 2722 Cyprianus
714 2667 963 2720 presbyteris
991 2698 1027 2708 ..
1047 2698 1056 2706 .
1081 2666 1232 2707 Fui-nis
1261 2663 1602 2707 consistentibus:
1634 2661 1741 2705 Gra-

567 2743 675 2784 uiter
697 2742 876 2784 conmoti
899 2743 963 2783 etc
968 2769 1742 2782 ............
1805 2736 1894 2777 465

402 2817 429 2859 2
460 2816 687 2870 Cyprianus
709 2817 923 2858 Eucratio:
945 2816 1024 2857 Pro
1049 2815 1267 2856 dilectione
1306 2843 1743 2854 .......
1805 2811 1891 2852 467

402 2892 429 2934 3
459 2891 686 2946 Cyprianus
709 2891 961 2945 Rogatiano:
985 2889 1180 2932 Grauiter
1201 2890 1242 2930 et
1264 2888 1449 2930 dolenter
1519 2920 1528 2927 .
1589 2918 1598 2928 .
1662 2920 1670 2927 .
1735 2919 1742 2926 .
1803 2885 1889 2927 469
