2032 3248
572 237 803 269 uerborum
829 238 871 269 et
896 236 1171 270 locutionum

85 349 344 383 ambiformiter
371 363 413 377 z
438 348 602 392 ambiyue
627 347 704 390 207,
722 347 743 381 2

86 406 160 440 sine
197 404 307 438 ullius
347 405 453 438 seriae
490 404 728 438 dubitationis
762 415 834 439 am-

130 462 237 505 biguo
264 462 318 496 28.
338 462 356 494 7

88 519 309 553 ambulatum
336 519 418 552 dare
446 519 635 552 contractis
661 519 715 560 32,
738 520 774 553 11

84 576 263 611 amicitiae
288 575 422 610 Christi
448 576 501 616 51,
523 576 556 608 11

83 634 177 667 laeta
203 636 308 677 atque
333 632 445 666 amica
470 632 597 676 largiri
623 633 699 674 245,
718 633 761 667 22

84 692 242 724 amotum
253 690 297 723 ab
311 689 449 733 legibus
464 689 710 724 dissolutionis
727 691 781 732 72,
790 691 834 724 25

84 747 250 792 amplecti
265 747 344 781 deos
359 747 550 781 formarum
561 747 740 781 mensione
760 748 834 788 120,

133 805 174 838 13

82 861 302 906 amplexibus
317 860 439 895 mundi
457 860 584 895 ambiri
605 862 680 906 tegi
698 872 736 896 ac
755 872 832 896 sus·

131 919 238 953 tineri
267 918 340 958 134,
359 918 403 951 20

84 975 268 1020 ampliatio
294 975 465 1008 sermonis
492 975 568 1017 280,
585 975 629 1010 23

83 1033 252 1077 ampliare
277 1032 460 1066 lenociniis
486 1032 540 1070 39,
562 1033 599 1065 11

84 1090 316 1134 amplificatio
339 1089 510 1123 sumentis
528 1090 695 1123 honorem
720 1089 796 1131 248,
815 1090 836 1123 8

84 1146 321 1190 amplificatus
333 1161 373 1176 --
384 1150 563 1180 mactatus
577 1147 653 1187 265,
667 1147 705 1180 11
725 1157 835 1180 unum

128 1214 260 1238 numen
285 1203 466 1237 uocabulis
485 1203 742 1247 amplificatum
768 1203 833 1237 tri-

134 1261 200 1295 bus
229 1260 303 1297 133.
322 1260 364 1294 29

83 1317 282 1362 ειωρυόειῖίο
309 1317 520 1351 delictorum
550 1317 654 1359 18,11

84 1385 126 1408 an
152 1374 323 1419 numquid
347 1375 424 1414 252,
445 1375 495 1410 14.
522 1374 600 1416 261,
622 1375 671 1408 16.
698 1374 775 1416 265,
792 1374 835 1408 24

130 1435 161 1466 et
185 1433 331 1476 saepius

83 1489 180 1523 frons
206 1489 282 1522 Iani
309 1499 432 1532 anceps
465 1489 542 1532 236,
560 1488 582 1522 4
625 1499 678 1522 res
716 1489 835 1522 uestra

131 1546 168 1579 in
193 1546 341 1589 ancipiti
368 1546 438 1579 sita
463 1548 516 1579 est
542 1545 597 1586 97,
620 1545 660 1579 15

85 1602 276 1637 ancillatus
303 1603 433 1636 seruuli
458 1602 536 1645 248,
557 1602 594 1635 11

83 1660 233 1704 angellis
248 1659 532 1703 prominentibus
547 1659 743 1703 inaequalis
753 1659 831 1702 283,

137 1718 178 1751 16

83 1775 119 1807 in
146 1773 321 1817 augustiis
348 1774 461 1807 uitam
487 1773 651 1808 cohibere
679 1773 732 1815 73,
751 1773 795 1807 24

84 1830 213 1875 quibus
239 1830 485 1864 enumerandis
506 1830 621 1864 omnis
650 1833 749 1865 aetas
774 1841 835 1865 an-

130 1889 238 1932 gusta
262 1891 316 1922 est
344 1888 396 1929 79,
415 1888 436 1921 4

85 1944 250 1978 anhelum
276 1947 398 1988 pectus
425 1947 568 1979 aestuat
596 1944 647 1985 13,
666 1944 709 1978 22

86 2002 241 2036 animam
276 2002 400 2036 tollere
437 2002 488 2043 10,
505 2002 549 2035 28
591 2011 672 2035 suas
697 2001 835 2035 animas

131 2059 285 2102 expirare
319 2059 377 2092 (de
408 2060 545 2101 uentis)
570 2059 604 2102 4,
622 2058 665 2092 23
707 2058 743 2091 in
774 2058 837 2091 sri-

130 2116 253 2159 gentia
286 2115 444 2149 membra
476 2126 599 2149 sensus
631 2114 838 2159 animasque

134 2172 293 2206 reducere
311 2173 364 2213 35,
384 2173 427 2206 27

85 2228 345 2264 animaduersio
354 2245 396 2259 τ-
405 2230 563 2274 coqnitio
575 2229 648 2270 103,
662 2229 704 2263 15
713 2228 839 2263 hostili

131 2285 433 2321 animaduersione
458 2286 623 2320 damnare
648 2286 703 2327 45,
725 2285 766 2319 14

85 2342 223 2386 medici,
247 2343 379 2377 animal
404 2343 503 2377 humi
521 2345 645 2377 natum
670 2342 726 2385 32,
744 2341 788 2375 22
817 2344 835 2386 j

88 2399 252 2434 animalis
278 2400 395 2434 hostia
420 2401 497 2442 239,
516 2400 559 2434 22

85 2457 236 2490 animari
247 2457 329 2491 solis
343 2457 455 2491 calore
472 2457 556 2499 4,16
582 2456 744 2491 animata
754 2466 837 2499 pru-

132 2513 188 2547 nis
202 2516 280 2548 exta
297 2514 375 2556 258,
388 2515 408 2548 9
447 2513 643 2548 semicruda
660 2515 695 2547 et
712 2512 838 2547 leuiter

134 2570 294 2604 animata
320 2573 397 2604 exta
425 2570 500 2612 103,
521 2570 541 2604 9

87 2625 314 2661 animositate
340 2626 575 2661 consensionis
602 2627 722 2662 unitae
756 2637 837 2662 con-

135 2683 267 2726 spirare
296 2684 370 2726 112,
392 2685 432 2718 15

87 2738 205 2773 animo
230 2739 351 2785 fugere
368 2751 385 2774 e
403 2740 507 2774 terris
525 2741 579 2781 58,
597 2741 618 2774 6

89 2797 282 2831 annonaria
306 2798 437 2831 caritas
465 2797 516 2839 12,
535 2797 578 2831 26

90 2861 243 2887 annosae
268 2854 446 2897 passiones
473 2854 527 2896 56,
546 2854 567 2887 3

1567 239 1649 281 309

902 359 1073 382 annorum
1101 349 1243 383 maximi
1271 352 1462 393 prouentus
1491 352 1542 393 11,
1560 352 1603 385 26

903 406 1002 439 uncis
1028 408 1131 450 atque
1158 408 1291 441 ansulis
1317 409 1395 450 228,
1414 409 1434 441 6

901 462 1168 506 anticipationis
1194 467 1334 499 attactu
1352 469 1470 498 tenere
1495 467 1530 499 et
1554 476 1648 500 com·

947 520 1158 563 prehendere
1191 521 1245 562 50,
1266 523 1286 555 6
1326 522 1557 566 suggerendis
1589 533 1650 556 an-

946 577 1214 620 ticipationibus
1240 578 1393 612 itionum
1421 579 1495 622 120,
1515 580 1558 613 27

901 634 1097 678 anticipata
1116 635 1318 678 cognitione
1335 646 1554 679 praesumere
1573 636 1651 678 217,

951 690 992 724 14

901 747 1099 791 antiquitas
1133 749 1228 782 canit
1254 750 1373 784 dicens
1402 750 1475 791 193,
1493 750 1514 784 3
1547 753 1651 784 uetus

947 805 1143 848 antiquitas
1161 806 1239 848 235,
1257 806 1301 839 26
1324 807 1433 841 nullis
1451 807 1652 851 antiquita—

946 861 1045 895 tibus
1071 862 1235 896 inaudita
1260 865 1292 903 8,
1310 863 1331 896 3

901 918 1084 952 antistites
1098 930 1328 963 supernarum
1343 922 1561 963 potestatum
1578 920 1652 961 181,

950 976 965 1009 1
1000 976 1184 1010 antistites
1205 976 1419 1020 religionum
1449 978 1523 1019 118,
1542 977 1563 1010 3
1600 987 1652 1010 sa-

947 1033 1183 1067 cerdotiorum
1226 1033 1408 1067 antistites
1453 1034 1526 1076 180,
1550 1034 1590 1068 14
1634 1045 1652 1067 0

947 1090 1067 1134 magni
1093 1090 1245 1124 cultores
1263 1092 1298 1124 et
1324 1091 1507 1125 antistites
1535 1092 1652 1125 numi·

951 1157 1035 1180 num
1065 1147 1116 1189 13,
1138 1147 1179 1180 10

901 1206 1003 1238 antra
1029 1203 1242 1249 praedonum
1268 1204 1348 1246 235,
1366 1204 1410 1238 26

900 1264 1060 1305 apertare
1085 1261 1161 1294 uias
1188 1261 1231 1295 ad
1257 1261 1393 1295 caelum
1418 1263 1453 1294 et
1479 1262 1562 1295 uota
1587 1262 1652 1295 im-

947 1317 1183 1352 mortalitatis
1209 1318 1264 1358 48,
1282 1318 1303 1351 4

900 1374 1019 1410 Venus
1057 1374 1151 1408 nuda
1187 1377 1222 1409 et
1258 1377 1380 1418 aperta
1418 1375 1495 1415 223,
1525 1375 1566 1408 21
1617 1374 1654 1408 in

947 1434 1068 1476 aperto
1083 1442 1199 1466 rerum
1216 1434 1270 1466 est
1288 1432 1438 1465 scientia
1457 1431 1654 1465 constituta

947 1489 1001 1531 94,
1023 1489 1063 1523 19

908 1546 1042 1590 apicem
1067 1545 1291 1590 perfeetionis
1325 1545 1474 1579 retinere
1511 1544 1585 1586 130,
1614 1545 1654 1578 19

946 1605 1064 1637 tenere
1082 1603 1215 1647 apicem
1234 1602 1458 1646 perfectionis
1475 1612 1653 1636 summum

947 1660 1062 1702 86,17
1103 1670 1187 1704 apex
1219 1659 1505 1704 philosophorum
1538 1660 1574 1692 et
1601 1669 1654 1693 co-

946 1717 1066 1751 lumen
1091 1717 1130 1760 29,
1151 1717 1191 1751 17
1224 1727 1309 1760 apex
1334 1715 1550 1760 quaestionis
1580 1716 1654 1757 112,

946 1776 968 1809 5
1007 1774 1052 1808 ad
1077 1784 1232 1808 summos
1258 1773 1374 1817 apices
1397 1772 1591 1816 grauitatis
1614 1782 1652 1806 ac

946 1830 1110 1875 ponderis
1136 1830 1327 1864 institutus
1353 1829 1431 1871 277,
1449 1829 1493 1863 25

901 1898 1074 1931 nusquam
1100 1887 1267 1931 apparuit
1292 1887 1370 1929 281,
1387 1886 1408 1920 9

902 1944 1041 1978 diuinas
1060 1954 1270 1988 apparamus
1289 1955 1342 1977 res
1361 1944 1511 1988 adgredi
1540 1944 1614 1986 153,
1634 1947 1655 1978 8

903 2001 996 2046 apud
1013 2001 1218 2045 Aegyptum
1240 2000 1313 2042 152,
1329 2001 1349 2034 9
1383 2002 1470 2044 quot
1488 2002 1577 2045 aput
1596 2001 1656 2035 Al-

949 2058 1032 2092 bam
1042 2058 1232 2101 regnatum
1242 2059 1294 2091 est
1307 2057 1410 2091 annis
1425 2057 1499 2099 106,
1513 2058 1553 2091 12
1563 2058 1655 2102 apud

949 2115 1118 2150 Canarias
1151 2114 1287 2147 insulas
1312 2114 1389 2155 217,
1407 2114 1451 2148 26
1492 2115 1584 2158 apud
1602 2116 1655 2149 in-

950 2172 1063 2206 sulam
1072 2171 1214 2206 Cretam
1231 2171 1305 2213 151,
1320 2171 1361 2204 21
1389 2170 1481 2215 apud
1499 2171 1655 2205 insulam

950 2229 1122 2263 Lemnum
1143 2228 1218 2269 161,
1236 2227 1257 2260 2
1293 2227 1462 2261 Telmessi
1487 2227 1579 2271 apud
1597 2238 1656 2272 op-

949 2285 1071 2329 pidum
1089 2285 1167 2325 219,
1182 2284 1204 2317 4
1228 2284 1319 2328 apud
1337 2284 1503 2318 ultimam
1516 2284 1656 2329 Thylen

949 2342 1026 2384 217,
1044 2342 1087 2376 27
1114 2340 1206 2385 apud
1224 2351 1327 2384 quem
1345 2351 1450 2375 causa
1467 2341 1563 2375 tanti
1582 2341 1656 2376 fue-

952 2402 1010 2433 rat
1035 2400 1151 2433 motus
1177 2399 1255 2440 276,
1283 2399 1323 2432 19
1364 2397 1456 2442 apud
1488 2408 1551 2432 nos
1583 2408 1656 2433 esse

950 2466 1071 2490 causas
1089 2456 1121 2496 3,
1135 2456 1177 2489 15
1201 2455 1293 2498 apud
1308 2465 1370 2489 nos
1378 2465 1528 2499 paruum
1542 2454 1597 2498 91,
1612 2454 1657 2489 20

950 2513 1041 2557 apud
1075 2523 1110 2546 se
1141 2512 1276 2546 credere
1307 2511 1422 2553 253‚1
1466 2510 1560 2555 apud
1593 2521 1656 2545 uos

948 2570 1016 2613 ipsi
1042 2569 1140 2603 scitis
1165 2569 1243 2612 264,
1259 2568 1281 2602 4

904 2625 1068 2660 ardentia
1093 2625 1201 2659 uerba
1228 2625 1279 2666 13,
1298 2625 1341 2659 23

904 2682 1089 2717 ardoribus
1103 2681 1278 2716 auaritiae
1296 2681 1445 2726 flagrare
1461 2680 1517 2722 47,
1533 2681 1575 2715 13
1600 2691 1655 2715 ra-

953 2738 1115 2772 bidorum
1140 2739 1321 2782 pectorum
1354 2737 1578 2774 efferuescere
1602 2748 1656 2772 ar-

953 2795 1099 2830 doribus
1123 2795 1178 2836 47,
1197 2795 1218 2828 9

909 2852 1082 2886 arefactae
1100 2861 1229 2886 messes
1250 2851 1323 2894 108,
1343 2851 1384 2886 15
