2032 3248
330 350 367 394 G

440 261 544 291 XXII

497 352 630 396 Codex
660 344 941 409 Sangallensis
962 352 999 396 G
1029 366 1131 396 saec.
1160 354 1221 396 IX
1250 355 1431 397 continet
1459 354 1624 398 libellos
1646 354 1713 397 De
1740 355 1953 399 dominica

437 427 635 480 oratione,
667 426 736 470 De
747 425 976 481 patientia,
1004 427 1071 470 De
1091 441 1208 482 opere
1229 432 1265 471 et
1285 429 1531 489 elimosinis,
1560 429 1626 473 De
1646 430 1748 473 XII
1763 431 1955 473 abasiais

436 502 605 555 saeculi,
636 501 703 545 De
731 503 997 556 mortalitate,
1021 503 1070 546 de
1090 503 1279 546 ecclesiae
1299 504 1463 546 unitate
1495 504 1561 555 (cf.
1584 505 1713 547 Halm
1746 505 1955 549 1701001οῆ-

436 577 527 619 nise
546 577 621 620 der
641 577 816 621 altesten
837 578 1178 633 Handsckriften
1200 578 1272 621 tat.
1294 578 1601 622 Kirchenvater
1624 580 1670 622 in
1690 580 1771 622 den
1792 580 1955 623 Biblio-

435 652 580 695 thekea
609 652 683 695 der
714 652 909 706 Schwetz,
934 667 979 706 10.
1003 654 1091 707 29).
1124 653 1192 697 hic
1221 654 1345 697 codex
1375 667 1469 697 cum
1499 668 1605 698 unus
1634 655 1744 698 inter
1774 656 1954 710 reliquos

437 740 531 770 cum
561 728 860 771 uetustissimis
889 728 974 770 illis
1005 728 1183 771 testibus
1205 728 1291 784 S*)
1315 728 1430 782 F**)
1463 729 1594 782 V***)
1625 730 1786 785 saepius
1815 730 1955 783 faciat,

437 802 699 856 speciosiores
735 802 888 845 formas
922 803 1039 845 nulla
1073 803 1332 857 corruptione
1369 803 1630 846 oblitteratas
1665 804 1732 847 hic
1767 805 1856 847 illic
1885 818 1956 847 ex-

436 877 589 929 hibeat,
619 890 700 919 non
727 877 885 920 nullius
908 879 971 920 est
990 879 1114 933 pretii
1141 880 1264 933 atque
1284 879 1327 921 in
1347 879 1594 922 lectionibus
1623 879 1890 921 aestimandis
1909 891 1956 921 eo

435 952 603 994 maioris
632 953 846 1002 momenti,
876 953 973 1006 quia
992 954 1159 1008 propter
1180 954 1419 996 continuam
1441 966 1536 996 cum
1556 953 1611 995 W
1634 954 1955 1008 discrepantiam

436 1040 484 1069 ex
501 1027 662 1070 diuerso
680 1027 791 1069 fonte
811 1027 977 1070 fluxisse
998 1028 1222 1070 censendus
1243 1029 1318 1071 est.
1341 1040 1435 1070 cum
1456 1040 1552 1070 uero
1574 1028 1802 1071 subtilioris
1823 1029 1954 1070 inter-

434 1102 657 1156 polationis
687 1102 867 1157 uestigia
896 1115 976 1145 non
1003 1102 1279 1156 desint****),
1312 1102 1506 1158 diligenti
1536 1103 1725 1145 cautione
1748 1115 1848 1157 opus
1871 1105 1933 1145 est
1945 1119 1958 1153 3.

437 1177 509 1219 sed
536 1178 679 1219 tamen
705 1177 904 1219 nonnulla
919 1176 963 1219 in
981 1189 1025 1219 eo
1044 1177 1304 1219 emendatius
1332 1177 1439 1219 lecta
1460 1177 1666 1220 inuenisse
1686 1177 1792 1219 mihi
1812 1177 1955 1220 uideor

437 1253 556 1295 uelut
586 1265 625 1306 p.
648 1252 797 1304 267‚5;
831 1252 979 1307 300,5;
1014 1252 1162 1303 310‚1;
1198 1252 1344 1304 375,2;
1377 1252 1517 1304 3828,
1550 1264 1652 1306 quae
1686 1253 1829 1294 utrum
1859 1264 1954 1294 con-

437 1328 620 1371 iecturae
652 1327 878 1370 debeantur
906 1339 958 1369 an
986 1340 1034 1370 ex
1061 1327 1278 1383 integriori
1310 1327 1528 1382 archetypo
1559 1327 1720 1369 seruata
1749 1326 1844 1378 sint,
1874 1339 1953 1368 non

438 1403 607 1446 definio:
638 1415 735 1445 nam
764 1402 832 1444 uel
851 1402 895 1444 in
916 1402 1157 1444 deterrimos
1187 1400 1398 1444 interdum
1427 1402 1596 1454 codices,
1628 1402 1762 1456 qualis
1791 1413 1870 1443 non
1893 1402 1956 1443 est

437 1476 731 1533 SangallensiS,
774 1490 871 1520 casu
912 1476 1090 1531 quodam
1131 1477 1310 1532 optimas
1351 1477 1575 1532 scripturas
1615 1477 1825 1531 irrepsisse
1862 1476 1954 1531 quis

436 1553 622 1596 nesciat?
646 1553 718 1595 sed
738 1552 836 1595 licet
856 1551 940 1594 sint
961 1552 1231 1607 coniecturae,
1254 1564 1394 1595 omnes
1416 1551 1609 1594 ueritatis
1630 1564 1823 1594 numeros
1844 1552 1887 1593 in
1911 1564 1955 1594 se

436 1627 587 1670 habere
610 1639 692 1668 non
714 1627 775 1669 est
796 1626 1072 1669 diffitendum.

494 1703 532 1745 D
570 1703 693 1744 codex
734 1701 979 1745 Parisiensis
1022 1702 1159 1744 13047
1203 1701 1324 1758 (olim
1360 1701 1723 1757 Sangermanensis
1760 1701 1861 1757 841)
1906 1715 1953 1744 ex
2023 1729 2026 1734 f

438 1777 614 1819 diuersis
647 1789 726 1819 non
758 1776 943 1819 eiusdem
975 1776 1124 1818 aetatis
1157 1776 1496 1830 quaternionibus
1526 1776 1726 1819 conflatus
1759 1776 1951 1831 Cypriani

438 1853 602 1895 libellos
624 1851 691 1894 De
710 1850 967 1894 mortalitate
997 1850 1067 1893 fol.
1101 1851 1212 1903 125²,
1249 1850 1315 1893 De
1346 1851 1431 1892 zeto
1459 1854 1495 1893 et
1524 1851 1649 1893 libore
1681 1851 1708 1893 f.
1736 1852 1848 1902 1352
1887 1850 1953 1892 Dc

439 1927 692 1969 aleatoribus
722 1926 750 1968 f.
776 1926 887 1979 144⁰,
919 1926 986 1969 De
1013 1926 1160 1968 habita
1188 1927 1412 1980 airymam
1441 1926 1468 1968 f.
1495 1927 1594 1969 14912
1617 1926 1811 1977 continet,
1846 1928 1887 1968 et
1908 1926 1952 1967 hi

439 2003 606 2057 quidem
637 2014 684 2044 ex
713 2001 886 2044 alterius
915 2000 1100 2043 familiae
1129 2001 1362 2055 archetypo,
1401 2013 1447 2042 ex
1477 2013 1556 2054 quo
1577 2001 1622 2042 M
1644 1999 1678 2052 Q
1701 2001 1733 2042 Τ
1767 2001 1952 2054 aliosque

437 2077 647 2120 deriuatos
688 2088 775 2119 esse
815 2076 925 2118 infra
964 2075 1127 2127 docebo,
1170 2075 1406 2130 deprompti
1447 2076 1607 2118 saeculo
1647 2087 1751 2118 nono
1793 2075 1949 2117 exarati

435 2152 652 2201 uidentur;
690 2164 854 2194 carmen
885 2162 981 2192 uero
1015 2150 1087 2192 Aa
1118 2149 1405 2192 Fortunatam
1435 2150 1483 2192 de
1514 2150 1810 2192 'resurrectione
1845 2162 1951 2190 mor-

437 2229 604 2268 tuoram
639 2225 668 2267 f.
708 2226 982 2277 ΜΘΗ-1121),
1025 2226 1134 2280 quod
1170 2238 1337 2279 operum
1374 2225 1495 2268 index
1531 2225 1660 2267 codici
1696 2225 1951 2278 praemissus

437 2300 638 2356 Cypriano
686 2300 869 2353 ascribit,
918 2300 1072 2342 litteris
1121 2300 1354 2342 uncialibus
1402 2300 1603 2354 scriptum
1653 2300 1814 2341 saeculo
1864 2299 1946 2341 VII

436 2375 605 2418 uidetur
641 2375 937 2430 assignandum
972 2374 1041 2431 (cf.
1071 2375 1117 2417 L.
1146 2375 1303 2417 Delisle
1333 2374 1579 2417 Inventatre
1611 2373 1659 2415 de
1689 2374 1946 2415 manuscrits

437 2449 486 2492 (ῐο
520 2448 1105 2493 saint-Germam-des-Pres.
1142 2449 1261 2491 Paris
1296 2449 1405 2491 1868
1442 2461 1480 2502 p.
1511 2448 1594 2502 86).
1634 2461 1756 2502 quem
1792 2448 1950 2491 librum

483 2574 603 2618 *)Cf.:
632 2585 665 2619 p.
686 2576 822 2616 298‚10.
851 2577 909 2617 133
940 2576 1059 2615 304‚7;
1090 2577 1214 2616 313‚16
1243 2584 1312 2618 sq.;
1343 2576 1443 2615 375‚1
1474 2573 1646 2617 (377‚19);
1679 2575 1798 2615 380‚4;
1829 2575 1951 2614 381‚7;

436 2634 578 2674 384,14;
605 2635 715 2674 385,7.
735 2635 796 2674 203
822 2634 966 2674 404‚10;
992 2634 1114 2674 409‚7;
1140 2635 1276 2673 411,10.

522 2689 574 2733 **)
593 2689 663 2724 Cf.:
689 2692 801 2730 374,7.
820 2693 882 2731 243
909 2691 1031 2732 378‚1';
1058 2692 1170 2731 380,5.

504 2747 583 2790 mole)
602 2746 672 2781 Cf.:
691 2750 833 2788 229,17;
852 2749 952 2788 2723
968 2746 1026 2790 (cf.
1042 2749 1184 2789 276‚14;
1200 2748 1342 2788 278‚17;
1361 2746 1495 2788 279,8);
1515 2748 1633 2788 273‚2;
1654 2748 1797 2787 274‚14;
1813 2746 1946 2783 283‚16.

483 2805 584 2844 ****)
611 2803 680 2839 Cf.:
720 2807 864 2846 269,22;
906 2806 1048 2845 273‚23;
1091 2807 1211 2847 275,1;
1252 2805 1395 2845 276‚20;
1436 2805 1580 2845 281,14;
1622 2805 1763 2844 283‚16;
1806 2804 1947 2842 284,·25;

435 2862 579 2902 285‚11;
613 2863 733 2903 287‚9;
767 2863 909 2902 289,1e;
944 2864 1086 2903 290‚23;
1121 2864 1262 2903 292,133
1296 2863 1439 2902 293,17;
1475 2862 1616 2901 308,10;
1651 2862 1769 2901 313,7;
1804 2860 1946 2898 373‚‘20;

436 2920 548 2960 387‚1.
571 2920 611 2950 18
638 2919 703 2952 010.
