2032 3248
518 236 574 269 De
600 235 932 278 singularitate
958 234 1399 268 01011001111110.ὅ-9.
1619 237 1699 278 183

204 343 472 391 grauitate,
525 342 568 379 in
599 341 742 379 uerbo
789 352 902 378 sano
935 342 1078 386 atque
1127 339 1600 388 inreprehensibili,
1648 343 1699 377 ut

203 411 519 449 aduersarius
550 411 862 454 reuereatur,
904 408 1032 444 nihil
1065 409 1248 446 habens
1280 409 1330 446 de
1364 409 1503 446 nobis
1535 408 1699 446 dicere

204 480 329 518 mali.
364 482 400 518 et
424 480 570 525 iterum,
589 478 832 523 omnibus,
866 476 1000 524 inquit,
1034 477 1180 514 fidem
1213 478 1381 514 bonam
1412 476 1624 522 ostende,
1649 478 1700 513 ut

203 548 369 586 bonam
401 548 680 586 doctrinam
712 545 988 583 saluatoris
1010 545 1201 583 Domini
1232 545 1394 583 nostri
1416 545 1700 592 praeferant

175 628 188 652 5
202 616 248 654 in
280 617 470 654 omnibu
484 628 512 653 s.
557 616 610 653 sic
645 617 682 652 et
718 614 765 651 ad
786 614 1024 652 Timotheum
1047 613 1180 651 scribit
1218 614 1365 651 dicens:
1400 614 1550 651 forma
1595 615 1698 651 esto

202 685 439 723 fidelibus
472 685 517 721 in
563 694 798 728 sermone,
845 683 893 719 in
925 682 1327 728 conuersatione,
1375 682 1421 718 in
1459 681 1698 726 caritate,

201 753 250 790 in
281 753 401 799 fide,
434 754 478 790 in
509 752 754 791 castitate.
797 751 894 798 quod
929 753 967 788 et
1003 752 1139 788 Petrus
1175 751 1366 798 apostolus
1397 750 1513 788 satiat
1546 750 1693 787 dicens:

202 822 538 867 conuersatio,
572 821 717 868 inquit,
751 822 917 858 uestra
948 820 993 857 in
1025 819 1258 867 gentibus
1290 820 1411 870 bonka
1442 819 1529 865 sit,
1574 819 1698 856 utin

203 901 252 928 eo
275 890 320 926 in
352 902 444 937 quo
467 890 735 927 detrahunt
757 889 808 925 de
840 888 978 926 uobis
1010 888 1151 935 quasi
1180 889 1232 925 de
1262 887 1700 925 malefacientibus

156 958 253 995 10de
298 957 438 996 bonis
485 957 717 1005 operibus
763 957 948 995 uestris
1000 955 1300 1004 glorificent
1346 955 1607 993 Dominum.
1661 958 1698 993 et

201 1026 357 1071 iterum,
400 1026 620 1074 quoniam
653 1026 722 1063 sic
743 1027 839 1072 est,
882 1024 1024 1072 inquit,
1065 1025 1297 1062 uoluntas
1334 1024 1439 1071 Dei,
1481 1027 1531 1062 ut
1561 1025 1698 1062 bene-

201 1094 445 1132 facientes
492 1095 832 1132 obmutescere
883 1093 1090 1131 faciatis
1145 1092 1407 1131 stultorum
1458 1093 1699 1130 hominum

203 1162 551 1210 ignorantiam.

260 1231 338 1269 Nec
361 1232 559 1279 quisquam
582 1231 654 1268 sibi
671 1233 854 1278 proponat
869 1232 906 1268 et
923 1230 1043 1268 dicat:
1080 1231 1217 1269 habere
1246 1231 1329 1269 uolo
1347 1231 1446 1278 quod
1467 1231 1626 1268 uincam.
1650 1230 1697 1267 ho
1714 1239 1737 1276 9

156 1310 186 1334 15
205 1302 263 1337 est
285 1300 383 1337 0111111
406 1299 526 1337 dicere
550 1299 676 1337 uiuere
699 1300 868 1337 desidero
891 1300 959 1337 sub
996 1299 1115 1337 ruina.
1161 1300 1245 1347 quis
1275 1302 1352 1337 tam
1386 1298 1525 1337 stultus
1548 1298 1611 1346 qui
1634 1310 1695 1336 ar-

203 1368 276 1406 tari
305 1368 432 1416 cupiat
469 1369 515 1406 ad
538 1369 724 1414 laborem,
767 1368 827 1406 cui
869 1368 1021 1406 offertur
1062 1368 1259 1406 delicatius
1281 1367 1543 1415 triumphare?
1577 1377 1696 1414 neque

202 1436 299 1475 enim
321 1437 461 1483 duplex
482 1437 699 1484 triumphus
719 1439 778 1474 est
809 1437 877 1474 sub
899 1436 1058 1474 feminae
1090 1437 1305 1484 praesentia
1333 1436 1483 1484 probari
1515 1436 1695 1474 uictorem

202 1517 313 1552 quam
336 1505 415 1553 [est]
434 1505 471 1541 in
488 1505 752 1552 singularitate
776 1516 924 1542 seruare
946 1506 1181 1552 sponsionem
1203 1505 1391 1553 integram
1412 1504 1695 1542 sanctimoniae.

202 1575 239 1611 et
261 1585 343 1611 cum
366 1574 415 1611 sit
438 1586 533 1611 unus
555 1574 692 1611 titulus
714 1574 941 1621 gloriarum,
974 1573 1044 1610 hoc
1065 1573 1144 1611 loco
1166 1585 1286 1611 uanus
1308 1573 1417 1610 fortis
1438 1574 1495 1610 est
1515 1572 1579 1619 qui
1601 1572 1695 1609 satis

157 1652 189 1679 20
204 1642 350 1680 laborat
373 1645 410 1680 et
431 1654 514 1680 cum
536 1642 614 1688 illo,
639 1641 702 1689 qui
724 1653 855 1689 parum
871 1642 1073 1680 laborando
1104 1642 1260 1688 uicerit,
1303 1642 1446 1689 pariter
1467 1643 1697 1678 muneratur.

199 1711 287 1758 quid
310 1711 407 1758 quod
429 1711 492 1748 ille
515 1710 605 1757 quin
623 1710 734 1748 immo
757 1713 1039 1749 consummatus
1058 1711 1297 1757 adscribitur,
1321 1710 1385 1757 qui
1408 1721 1447 1747 se
1470 1709 1569 1748 omni
1591 1711 1698 1757 parte

199 1779 371 1817 femineis
388 1779 584 1817 affectibus
607 1781 773 1817 ostentat
794 1780 1009 1818 abscisum?
1032 1780 1120 1828 quia
1141 1791 1223 1817 eum
1245 1779 1425 1816 Dominus
1443 1778 1481 1815 in
1502 1779 1698 1826 euangelio

201 1847 412 1894 perfectum
434 1850 543 1885 uocat
585 1847 649 1894 qui
689 1849 809 1885 totum
851 1849 928 1886 suis
970 1849 1101 1887 usibus
1142 1847 1395 1894 amputauerit
1416 1847 1696 1893 patrimonium.

198 1917 297 1953 certe
314 1915 426 1953 etiam
443 1916 512 1953 soli
530 1915 747 1963 cuicumque
764 1916 941 1954 cotidiani
963 1916 1147 1964 triumphi
1168 1928 1234 1963 pro
1258 1915 1435 1954 castitate
1454 1926 1526 1953 non
1547 1916 1695 1962 desunt,

154 1993 184 2020 25
201 1984 288 2030 quia
309 1995 510 2031 numquam
532 1983 728 2021 desideriis
769 1985 985 2023 carnalibus
1021 1985 1195 2032 spiritum
1217 1986 1340 2022 cessat
1362 1984 1542 2022 infestare
1563 1995 1697 2031 corpus

197 2052 422 2098 humanum,
467 2053 565 2099 quod
600 2052 792 2099 apostolus
829 2054 1001 2091 adfirmat
1040 2054 1187 2092 dicens:
1230 2065 1363 2099 carO,
1410 2052 1553 2099 inquit,
1595 2064 1699 2090 con-

196 2120 407 2167 cupiscit
449 2122 687 2158 aduersus
729 2121 957 2168 spiritum
994 2125 1039 2159 et
1076 2122 1289 2169 spiritus
1330 2122 1565 2159 aduersus
1602 2132 1697 2158 car-

196 2199 314 2226 nem:
372 2189 489 2227 haec
545 2190 666 2227 enim
707 2190 911 2227 inuicem
960 2192 1290 2229 aduersantur
1358 2190 1452 2227 sibi
1502 2192 1554 2227 ut
1608 2202 1697 2228 non

286 2322 307 2354 3
333 2321 402 2354 Tit.
429 2322 459 2356 2.
489 2322 541 2355 10.
798 2323 818 2355 5
844 2322 860 2355 I
887 2322 975 2356 Tim.
1003 2324 1035 2357 4.
1062 2323 1114 2356 12.
1369 2323 1389 2356 8
1419 2323 1428 2355 1
1461 2322 1552 2357 Petr.
1580 2322 1612 2363 2,
1640 2323 1693 2356 1⁶2.

200 2378 238 2410 11
268 2378 281 2410 I
310 2378 403 2411 Petr.
431 2379 462 2414 2,
490 2380 543 2413 15.
685 2379 727 2412 *26
753 2380 829 2413 Gal.
856 2380 886 2420 ἴ),
918 2380 969 2413 17,

284 2502 305 2534 3
329 2502 568 2536 ostendentem
597 2502 639 2536 C¹
867 2514 875 2535 ι
907 2502 1018 2536 saciat
1049 2503 1108 2538 C'.
1136 2503 1297 2536 hortatur
1328 2503 1416 2545 ΨΜ
1447 2505 1492 2544 cf.
1524 2503 1631 2548 Cypr.
1655 2514 1692 2547 p.

196 2560 271 2593 755.
297 2562 339 2591 15
440 2561 460 2591 S
486 2563 525 2592 ut
551 2570 594 2592 ea)
621 2561 655 2592 et
680 2559 708 2594 C
805 2560 824 2592 9
851 2559 886 2592 in
913 2571 978 2602 quo
1005 2560 1042 2601 C,
1069 2559 1160 2603 quod
1184 2571 1205 2594 v
1313 2559 1354 2593 de
1379 2571 1443 2594 om.
1475 2561 1504 2595 C
1594 2561 1694 2604 quasi

195 2615 231 2649 C.
257 2617 438 2658 tamquam
467 2628 484 2650 1·
591 2616 894 2650 malefacientilms
927 2617 962 2657 C,
989 2616 1274 2650 malefactoribus
1303 2628 1320 2650 v
1436 2617 1479 2651 10
1504 2617 1605 2651 deum
1630 2628 1650 2651 v

196 2672 236 2704 15
260 2673 396 2705 ruinam
431 2673 472 2707 (ἶι
579 2673 638 2715 qui
670 2675 697 2707 C
721 2684 809 2706 corr.
930 2675 971 2706 1ss
997 2673 1182 2707 delicatius
1208 2673 1426 2717 triumphare
1457 2675 1495 2714 C,
1520 2674 1693 2708 delicatus

194 2729 393 2772 triumphus
419 2741 437 2763 υ
556 2732 596 2763 18
621 2731 797 2773 integram
825 2731 1044 2774 sponsionem
1072 2743 1091 2765 v
1197 2733 1238 2765 19
1267 2742 1374 2764 uanus
1401 2732 1437 2772 C,
1466 2742 1553 2765 unus
1580 2732 1693 2765 Eras-

194 2797 268 2819 mus
360 2787 404 2820 ‘20
430 2788 657 2820 munerantur
686 2790 725 2820 (¹¹
831 2788 870 2819 21
901 2790 998 2830 parte
1029 2789 1065 2828 C,
1093 2791 1247 2831 tempore
1273 2789 1451 2822 Erasmus
1564 2789 1607 2821 2²2>
1633 2788 1691 2822 ab·

193 2843 336 2876 scissum
364 2855 381 2877 v
519 2844 560 2877 Ξῖ
587 2846 620 2876 νῒ
647 2844 791 2887 spiritus
823 2846 859 2879 (¹.
886 2845 1030 2887 spiritus
1057 2849 1173 2879 autem
1206 2857 1221 2880 c
