2032 3248
320 211 402 253 156
723 208 912 243 Arnobii
944 209 1160 242 aduersus
1192 207 1403 242 nationes

320 337 397 378 que
428 336 619 378 quaerere
649 323 747 377 quid
777 323 831 365 sit
862 323 907 364 in
928 335 1024 365 uero
1055 323 1125 365 sed
1147 323 1338 374 refutare,
1370 323 1606 365 conuincere
1634 323 1676 364 id
1705 322 1812 377 quod

320 395 363 436 in
393 394 525 436 medio
556 393 737 447 positum
769 393 831 434 est
860 393 983 445 atque
1013 392 1195 446 opinatio
1229 392 1411 445 concepit
1441 392 1631 434 humana.
1674 391 1747 434 sed
1777 392 1812 433 si

317 463 531 505 mendaces
569 462 657 513 illi,
699 473 771 503 uos
807 462 960 503 ueritas
999 474 1101 515 quae
1144 462 1199 503 sit
1240 462 1428 516 exponite
1467 463 1507 504 et
1549 461 1813 504 inrefutabile

317 531 471 586 aperite
516 532 729 573 secretum.
777 531 819 572 at
856 530 926 584 qui
965 530 1052 573 fieri
1091 530 1199 584 potis
1238 533 1301 573 est
1345 530 1514 572 remotis
1561 529 1812 584 magisteriis

316 600 583 642 litterarum?
628 600 726 654 quid
772 600 834 641 est
878 599 988 641 enim
1031 600 1138 653 quod
1176 599 1257 641 dici
1296 599 1345 642 de
1382 599 1687 641 immortalibus
1732 598 1812 640 diis
1842 614 1858 639 ⁵

316 670 458 722 possit,
490 668 596 723 quod
627 681 707 710 non
738 681 785 710 ex
815 668 1029 711 hominum
1067 669 1233 722 scriptis
1264 669 1315 710 ad
1344 668 1544 710 humanas
1581 667 1814 722 peruenerit

318 739 530 780 notiones?
574 739 646 780 aut
686 738 904 792 quicquam
942 749 1013 779 uos
1052 738 1131 791 ipsi
1171 738 1218 779 de
1255 737 1424 779 illorum
1462 737 1611 779 ritibus
1641 736 1814 790 potestis

317 807 654 860 caerimoniisque
699 818 882 857 narrare,
930 809 1036 860 quod
1075 806 1253 848 relatum
1290 807 1333 848 in
1372 806 1534 848 litteras
1575 819 1655 848 non
1685 805 1743 848 sit
1774 805 1815 846 et

318 875 562 928 scriptorum
601 875 906 917 commentariis
944 875 1232 929 publicatum?
1278 876 1350 917 aut
1380 875 1415 916 si
1445 875 1634 929 ponderis
1673 874 1814 916 existi-

317 945 442 987 matis
473 945 629 986 nullius
660 945 759 987 haec
790 956 898 996 esse,
940 945 1180 987 aboleantur
1218 957 1356 987 omnes
1396 944 1493 986 libri
1525 957 1623 998 quos
1654 944 1704 986 de
1735 943 1861 986 (111310

317 1014 476 1056 habetis
498 1015 742 1068 compositos
763 1014 1060 1070 theologorum,
1091 1014 1343 1069 pontificum,
1375 1014 1664 1056 nonnullorum
1687 1013 1816 1055 etiam

316 1083 597 1137 philosophiae
627 1082 883 1133 deditorum;
916 1082 1144 1137 quinimmo
1175 1084 1312 1136 potius
1343 1082 1547 1138 fingamus
1579 1082 1629 1125 ab
1652 1082 1814 1124 exordio

226 1151 327 1209 §881
362 1153 506 1194 mundi
551 1152 713 1194 nullum
758 1152 976 1206 aliquando
1007 1152 1247 1194 mortalium
1277 1154 1304 1205 ’1-
1336 1152 1499 1194 nullum
1538 1164 1622 1193 esse
1654 1152 1703 1194 de
1734 1151 1813 1194 diis

319 1221 556 1275 quicquam:
589 1221 759 1274 experiri
790 1221 982 1264 uolumus
1014 1224 1054 1263 et
1086 1221 1274 1275 cupimus
1306 1221 1428 1272 scire,
1461 1233 1512 1262 an
1544 1220 1729 1272 muttire,
1762 1233 1814 1262 an

319 1291 473 1332 hiscere
504 1290 672 1332 deorum
702 1291 746 1331 in
777 1291 982 1332 mentione
1021 1290 1207 1344 00331113,
1244 1303 1297 1332 311
1337 1290 1542 1344 concipere
1582 1301 1647 1332 eos
1677 1290 1814 1331 mente
1828 1306 1859 1332 1⁵

320 1371 418 1412 quos
449 1359 492 1400 in
522 1359 671 1401 animis
702 1359 852 1401 uestris
882 1359 1038 1401 nullius
1070 1359 1215 1412 scripti
1245 1358 1535 1401 informauerit
1564 1358 1687 1401 notio.
1720 1371 1814 1400 cum

318 1440 412 1469 uero
453 1429 621 1470 nomina
659 1429 700 1470 et
740 1428 945 1481 potentias
982 1428 1150 1469 illorum
1189 1428 1501 1483 suggerentibus
1541 1428 1657 1470 uobis
1695 1427 1814 1469 libris

318 1495 559 1538 addidicisse
590 1508 661 1538 uos
694 1497 861 1548 constet,
894 1496 1082 1550 iniquum
1105 1497 1167 1539 est
1188 1496 1400 1539 detrahere
1421 1496 1573 1539 litteris
1601 1497 1666 1539 his
1694 1496 1814 1540 fidem

319 1577 492 1618 quarum
524 1579 572 1607 ea
601 1578 703 1619 quae
741 1565 879 1607 dicitis
918 1565 1156 1607 testimonio
1193 1566 1315 1619 atque
1347 1566 1594 1608 auctoritate
1624 1566 1813 1608 firmatis.

255 1634 398 1676 1911131
429 1635 533 1677 forte
563 1635 663 1677 haec
702 1634 809 1676 falsa
845 1635 886 1676 et
916 1646 962 1676 ea
992 1646 1095 1688 quae
1125 1647 1148 1676 3
1178 1634 1295 1676 uobis
1332 1634 1525 1676 dicuntur
1556 1636 1673 1676 erunt
1703 1648 1860 1677 uera.2o

318 1716 395 1757 quo
428 1706 681 1758 argumento,
714 1715 792 1757 quo
825 1703 974 1758 signo?
1014 1716 1109 1745 cum
1140 1703 1249 1745 enim
1278 1703 1464 1745 homines
1495 1704 1638 1758 utique
1667 1705 1708 1746 et
1743 1704 1813 1757 qui

317 1773 415 1814 haec
447 1773 488 1814 et
517 1773 592 1814 1113
622 1772 886 1814 commentati
917 1773 1013 1814 sunt
1043 1771 1220 1822 fuerint,
1261 1773 1302 1814 et
1333 1771 1381 1813 de
1411 1772 1533 1814 rebus
1562 1773 1731 1815 incertis
1763 1774 1814 1815 ab

317 1841 489 1895 utraque
520 1841 576 1883 sit
607 1841 864 1895 disputatum
899 1844 1036 1895 parte,
1076 1841 1311 1895 adrogantis
1343 1842 1405 1883 est
1436 1841 1593 1893 dicere,
1632 1842 1676 1884 id
1707 1842 1815 1895 quod

316 1908 395 1950 tibi
425 1909 588 1962 placeat
619 1922 705 1951 esse
734 1922 891 1960 uerum,
924 1910 1032 1963 quod
1063 1922 1158 1953 uero
1190 1911 1372 1952 animum
1393 1911 1520 1952 laedit
1550 1911 1593 1953 id
1628 1910 1813 1953 libidinis

318 1979 359 2019 et
395 1978 592 2020 falsitatis
638 1991 821 2033 arguere.
868 1991 939 2032 per
974 1978 1143 2020 humani
1188 1979 1347 2033 generis
1385 1979 1476 2021 iura
1522 1980 1644 2033 atque
1682 1980 1813 2032 ipsius
1827 1993 1858 2019 25

317 2046 585 2089 mortalitatis
627 2047 848 2102 consortia,
895 2060 989 2089 cum
1028 2047 1181 2089 auditis
1225 2048 1266 2089 et
1305 2047 1444 2102 legitis
1487 2042 1549 2090 ‘ex
1588 2048 1661 2090 illo
1700 2051 1814 2102 patre

256 2133 261 2140 ¹
317 2117 438 2169 atque
469 2128 516 2157 ex
546 2116 620 2157 illa
649 2117 782 2158 matre
814 2118 911 2158 deus
942 2116 1014 2158 ille
1044 2117 1107 2158 est
1136 2109 1349 2170 proditus'‚
1382 2129 1511 2158 nonne
1535 2117 1664 2159 animi
1685 2117 1814 2158 uestri

318 2198 482 2227 sensum
513 2186 648 2240 tangit
677 2186 906 2228 humanum
937 2186 1073 2229 1103010
1105 2186 1203 2240 quid
1234 2186 1316 2228 dici
1342 2187 1383 2228 et
1415 2199 1461 2228 ex
1482 2186 1633 2228 terreni
1654 2187 1814 2241 generis

317 2254 555 2296 humilitate
600 2254 890 2308 proficiscens?
939 2256 1010 2297 aut
1058 2268 1152 2298 cum
1198 2268 1284 2297 esse
1326 2255 1586 2297 arbitramini
1630 2267 1703 2298 uos
1739 2256 1812 2306 ita,

317 2322 634 2366 sollicitudinem
671 2324 885 2378 concipitis
926 2324 1105 2377 nullam,
1151 2336 1200 2366 ne
1239 2323 1472 2366 offensionis
1511 2323 1669 2377 aliquid
1706 2323 1813 2377 apud
1825 2338 1859 2364 30

364 2494 383 2527 1
408 2504 590 2538 quaenere
615 2495 651 2529 P
809 2495 833 2529 4
857 2496 895 2529 at
918 2495 1067 2539 scripsi.-
1093 2496 1129 2529 et
1154 2495 1189 2529 P
1348 2496 1429 2539 pote
1455 2495 1529 2529 Sab
1680 2496 1702 2529 5
1726 2495 1811 2539 quid

318 2551 410 2585 Sab:
434 2551 471 2585 id
496 2552 532 2586 P
668 2552 689 2586 6
714 2562 754 2585 ex
777 2562 833 2586 om
857 2552 925 2586 Urs
1064 2551 1204 2596 scriptis
1228 2553 1377 2596 scripsi.-
1402 2551 1583 2596 discriptis
1601 2552 1638 2586 P
1661 2551 1813 2596 descrip-

317 2608 364 2642 tis
389 2619 408 2643 c
432 2608 474 2643 de
499 2608 640 2652 scriptis
673 2609 741 2644 Urs
766 2609 807 2644 de
831 2609 889 2643 his
914 2609 1056 2654 scriptis
1075 2610 1176 2644 Salm
1315 2610 1358 2643 10
1382 2609 1589 2644 aboleantur
1607 2610 1698 2644 Sab:
1724 2608 1807 2643 abo-

317 2665 428 2700 lentur
452 2666 487 2700 P
647 2667 691 2701 12
715 2666 884 2701 filosofiae
910 2667 946 2701 P
1100 2667 1143 2701 13
1167 2667 1306 2702 nullum
1330 2668 1414 2712 esse]
1441 2666 1640 2701 meminisse
1670 2667 1734 2701 Gel
1758 2666 1812 2700 in-

315 2722 461 2757 timasse
484 2723 672 2758 Heraldus
704 2723 834 2768 scripse
858 2724 908 2759 sic
935 2724 1034 2759 Salm
1186 2725 1228 2759 15
1251 2724 1386 2758 hiscere
1411 2724 1503 2758 Sab:
1535 2723 1663 2758 hiscire
1687 2723 1722 2757 P

315 2779 359 2814 21
384 2780 508 2825 utique
532 2781 735 2826 Riyaltius:
760 2781 902 2826 utrique
921 2782 956 2816 P
979 2781 1145 2826 utrinque
1163 2781 1235 2815 Sab
1373 2782 1417 2815 24
1441 2780 1510 2815 sibi
1534 2780 1722 2826 Rigaltius

315 2836 360 2871 26
383 2838 483 2881 patre
507 2837 637 2872 addidi
774 2838 819 2873 28
844 2849 964 2873 30113113
994 2839 1066 2873 Sab
1203 2838 1247 2872 29
1271 2838 1348 2883 1103]
1374 2848 1429 2872 003
1462 2838 1529 2872 Urs
