2032 3248
7 2957 10 2989 ss„
0 2559 9 2896 ὸ,.ε-.-...---.-ν-ψ

203 362 233 404 4
263 361 487 416 Cyprianus
506 360 706 402 Caecilius
735 394 742 401 .
764 394 771 400 .
791 359 1038 411 Pomponio:
1061 359 1257 413 Legimus
1275 359 1435 402 litteras
1452 361 1543 402 tuas

370 435 500 477 frater
522 435 730 476 carissime
752 447 851 486 quas
873 446 944 487 per
965 433 1188 474 Paconium
1241 466 1541 475 .....

207 512 235 554 5
265 511 492 564 Cyprianus
528 509 778 563 presbyteris
816 509 856 550 et
891 508 1150 550 diaconibus:
1189 508 1329 550 Saluto
1367 521 1438 551 uos
1475 510 1539 551 in-

375 584 547 625 columis
607 615 1537 625 ..............

209 660 234 702 6
267 658 492 713 Cyprianus
515 657 654 712 Sergio
676 660 716 698 et
738 657 988 711 Rogatiano:
1020 657 1163 699 Saluto
1194 670 1264 699 uos
1287 657 1315 698 f.
1339 671 1370 699 c.
1396 660 1538 711 optans

207 735 230 775 7
264 733 488 788 Cyprianus
510 733 758 787 presbyteris
775 733 816 773 et
833 732 1093 774 diaconibus:
1117 731 1259 774 Saluto
1282 745 1354 774 uos
1371 732 1398 774 f.
1416 745 1447 774 c.
1466 746 1537 785 per

209 810 234 851 8
324 811 343 850 Ρ
404 811 423 849 ‘?
484 823 492 849 :
516 807 747 849 Didicimus
814 839 1536 849 ...........

207 885 232 926 9
265 882 491 938 Cyprianus
523 881 771 935 presbyteris
805 882 846 922 et
878 881 1117 923 diaconibus
1146 882 1320 924 Romae:
1355 881 1457 924 Cum
1489 882 1538 924 de

372 969 536 998 excessu
604 988 1537 998 ..............

178 1033 232 1074 10
262 1032 486 1087 Cyprianus
509 1032 763 1085 martyribus
786 1033 826 1073 et
848 1031 1165 1073 confessoribus:
1189 1032 1338 1073 Exulto
1358 1031 1491 1073 laetus
1525 1066 1531 1072 .

178 1108 227 1148 11
251 1106 476 1160 Cyprianus
498 1106 748 1160 presbyteris
772 1107 812 1147 et
834 1106 1096 1147 diaconibus:
1129 1105 1388 1159 Quamquam
1411 1107 1538 1147 sciam

372 1181 397 1222 f.
425 1195 457 1222 c.
482 1193 552 1234 pro
606 1213 1536 1222 ..............

177 1256 229 1297 12
262 1254 488 1309 Cyprianus
509 1255 757 1309 presbyteris
781 1255 820 1295 et
842 1255 1099 1296 diaconibus:
1130 1254 1388 1308 Quamquam
1411 1256 1538 1297 sciam

367 1342 439 1371 uos
520 1362 1535 1372 ...............

178 1406 229 1446 13
261 1404 485 1458 Cyprianus
506 1405 732 1459 Rogatiano
755 1405 1013 1459 presbytero:
1037 1405 1091 1445 Et
1112 1405 1195 1446 iam
1218 1405 1378 1457 pridem
1454 1438 1461 1444 .
1525 1437 1532 1444 .

179 1479 230 1520 14
262 1478 489 1532 Cyprianus
511 1480 761 1534 presbyteris
785 1481 824 1521 et
847 1480 1047 1521 diaconis:
1071 1479 1321 1533 Optaueram
1384 1514 1390 1520 .
1453 1514 1460 1521 .
1523 1514 1529 1521 .

176 1554 229 1595 15
261 1552 487 1607 Cyprianus
509 1554 760 1608 martyribus
783 1556 823 1596 et
846 1554 1165 1596 consessoribus:
1192 1554 1435 1596 Sollicitudo

176 1628 228 1669 16
261 1627 487 1681 Cyprianus
509 1629 759 1682 presbyteris
782 1629 822 1669 et
844 1629 1048 1670 diaconis:
1071 1629 1154 1669 Diu
1176 1629 1419 1681 patientiam
1451 1663 1458 1670 .

176 1703 225 1743 17
260 1702 485 1756 Cyprianus
509 1703 704 1744 fratribus
727 1703 769 1744 in
790 1703 927 1755 plebe:
952 1703 1233 1757 Ingemescere
1310 1736 1317 1743 .

175 1778 226 1818 18
259 1776 483 1831 Cyprianus
506 1778 753 1831 presbyteris
776 1778 816 1819 et
837 1778 1095 1819 diaconibus:
1118 1777 1247 1818 Miror
1308 1811 1315 1818 .

176 1852 228 1893 19
260 1851 486 1904 Cyprianus
501 1852 750 1904 presbyteris
761 1853 801 1893 et
813 1851 1070 1893 diaconibus:
1089 1852 1190 1907 Legi
1203 1853 1365 1894 litteras
1378 1854 1534 1893 uestras

368 1925 394 1965 f.
419 1939 451 1966 c.
475 1926 622 1978 quibus
669 1958 1530 1969 .............

174 2000 232 2041 20
263 1998 490 2053 Cyprianus
520 2000 768 2053 presbyteris
801 2002 841 2041 et
864 2001 1103 2042 diaconibus
1125 2001 1298 2042 Romae:
1332 2000 1533 2052 Quoniam

369 2075 530 2128 conperi
598 2107 1532 2116 ..............

174 2147 225 2188 21
261 2146 468 2189 Celerinus
491 2148 688 2189 Luciano:
714 2149 825 2189 Haec
847 2162 940 2190 cum
964 2149 1041 2189 tibi
1098 2181 1531 2190 .......

174 2222 228 2262 22
258 2222 463 2262 Lucianus
481 2221 685 2263 Celerino:
710 2222 859 2275 Accepi
882 2223 1044 2264 litteras
1063 2224 1155 2263 tuas
1174 2223 1336 2263 domine
1381 2256 1388 2263 .

174 2296 228 2336 23
261 2295 451 2336 Vniuersi
475 2296 721 2337 confessores
744 2296 964 2349 Cypriano:
989 2296 1100 2337 Scias
1124 2308 1194 2337 nos
1242 2329 1531 2337 .....

174 2369 230 2411 24
261 2369 480 2410 Caldonius
503 2369 722 2423 Cypriano:
748 2371 979 2411 Necessitas
1001 2371 1197 2423 temporis
1239 2402 1530 2410 .....

175 2444 230 2485 25
263 2442 487 2496 Cyprianus
510 2444 723 2485 Caldonio:
748 2445 993 2497 Accepimus
1017 2445 1177 2486 litteras
1239 2477 1531 2485 .....

176 2518 230 2559 26
263 2518 486 2571 Cyprianus
509 2519 758 2571 presbyteris
781 2520 818 2559 et
842 2519 1099 2559 diaconibus:
1131 2519 1329 2559 Dominus
1353 2518 1533 2570 loquitur

175 2592 228 2633 27
263 2593 487 2646 Cyprianus
518 2593 765 2645 presbyteris
796 2595 835 2633 et
858 2593 1094 2634 diaconibus
1118 2594 1288 2633 Romae:
1320 2593 1458 2633 Fictis
1482 2594 1533 2634 ad

370 2678 440 2707 uos
463 2666 614 2707 litteris
637 2666 720 2721 (ml
743 2667 821 2707 Pos
815 2670 841 2707 t
864 2667 1025 2708 fictas.
1049 2667 1105 2720 ).

175 2738 230 2780 28
263 2738 486 2792 Cyprianus
508 2741 602 2794 Moy
606 2741 640 2782 si
663 2743 703 2782 et
724 2741 902 2782 Maximo
931 2742 1198 2795 presbyteris:
1230 2740 1413 2782 Gloriam
1437 2700 1529 2782 iidei

1335 2810 1361 2850 h
1380 2811 1402 2835 *

1595 205 1684 236 CXV

1603 307 1684 341 pag.

1600 434 1685 475 472

1600 584 1683 625 478

1598 658 1683 699 480

1596 733 1683 774 484

1599 808 1684 850 485

1598 957 1683 999 488

1596 1032 1683 1073 490

1596 1179 1682 1222 495

1597 1330 1681 1372 502

1597 1404 1681 1446 504

1597 1480 1681 1522 509

1524 1589 1531 1596 .
1593 1555 1679 1596 513

1522 1662 1530 1670 .
1591 1629 1674 1670 517

1453 1736 1460 1743 .
1524 1737 1530 1743 .
1593 1704 1675 1745 521

1522 1810 1529 1817 .
1592 1778 1677 1820 523

1594 1925 1679 1968 525

1594 2075 1676 2117 527

1593 2150 1678 2190 529

1524 2255 1530 2262 .
1593 2223 1676 2265 533

1593 2297 1676 2338 536

1593 2371 1676 2412 536

1593 2445 1674 2486 538

1592 2519 1675 2561 539

1523 2668 1677 2709 .540

1591 2742 1676 2784 545
