2032 3248
326 250 411 292 224
731 248 928 282 Arnobii
960 247 1174 283 aduersus
1203 249 1414 283 nationes

327 366 458 407 certos
489 361 594 403 ferat
625 361 832 404 fabrorum
865 363 1115 405 liberalitate
1146 363 1328 405 donatos.
1361 374 1452 404 ecce
1473 362 1507 404 si
1529 362 1679 416 aliquis
1702 362 1821 405 uobis

326 431 602 476 nescientibus
634 432 676 472 et
707 431 862 485 ignaris
893 444 963 474 rex
992 431 1172 473 urbanus
1205 434 1245 473 et
1277 431 1452 473 callidus
1484 443 1530 472 ex
1551 430 1706 474 foribus
1737 433 1823 474 suis

328 501 464 545 Solem
494 500 618 542 tollat
639 501 680 542 et
701 500 743 542 in
764 501 959 543 Mercurii
988 501 1209 542 transferat
1230 500 1380 554 sedem,
1412 500 1662 542 Mercurium
1682 515 1822 544 rursus

328 570 501 624 arripiat
530 570 654 623 atque
684 570 727 611 in
757 569 863 612 Solis
894 569 1021 612 faciat
1051 570 1320 624 commigrare
1343 569 1558 611 delubrum
1581 595 1633 600 —
1654 573 1825 624 uterque

329 639 437 681 enim
469 651 492 680 a
522 638 639 680 uobis
670 638 812 693 glaber
842 639 969 692 atque
997 651 1064 681 010
1086 639 1361 694 compingitur
1381 639 1463 680 leui
1483 663 1540 668 —
1561 639 1708 693 detque
1729 640 1825 683 huic
1857 656 1870 680 5

328 708 487 762 radios,
535 707 640 750 Solis
686 708 813 761 capiti
852 708 1166 762 petasunculum
1205 708 1471 762 superponat:
1516 708 1663 762 quibus
1692 709 1825 751 modis

327 777 599 819 internoscere
630 776 834 830 poteritis,
868 778 1064 819 utrumne
1095 776 1165 820 Sol
1194 777 1274 819 iste
1305 777 1359 819 sit
1389 790 1442 820 an
1471 777 1545 820 ille
1582 778 1821 829 Mercurius,

329 859 422 889 cum
459 845 625 887 habitus
663 845 780 888 uobis
818 848 932 897 deos,
974 859 1052 888 non
1091 846 1172 888 oris
1204 846 1333 888 soleat
1362 847 1587 900 proprietas
1618 847 1825 890 indicare?

330 914 531 957 consimili
570 926 710 956 rursus
749 914 1019 957 translatione
1057 915 1091 956 si
1122 916 1229 957 nudo
1260 916 1349 957 Ioui
1387 926 1536 958 cornua
1567 916 1756 959 detrahat
1787 919 1827 959 et

329 983 477 1026 Martis
507 984 759 1037 temporibus
791 983 955 1038 adfigat,
988 984 1166 1026 Mart-em
1197 984 1324 1026 armis
1356 983 1504 1038 spoliet
1533 985 1574 1026 et
1602 985 1667 1028 his
1687 998 1873 1028 1111311310

329 1052 627 1094 circumcludat
647 1052 943 1095 Hammonem:
975 1053 1252 1096 interstinctio
1281 1052 1367 1095 fieri
1389 1065 1490 1107 quae
1510 1054 1661 1108 poterit
1687 1054 1827 1110 singu-

330 1122 483 1174 lorum,
526 1134 619 1164 cum
658 1122 728 1175 qui
766 1122 954 1176 Iuppiter
983 1122 1119 1165 fuerat
1159 1122 1267 1165 idem
1304 1122 1434 1175 possit
1464 1122 1688 1165 existimari
1718 1124 1828 1166 Mars

331 1203 418 1233 esse
462 1191 502 1232 et
540 1191 611 1244 qui
651 1191 819 1233 Mauors
865 1190 1001 1233 fuerat
1045 1190 1292 1233 subintroire
1337 1190 1511 1244 speciem
1548 1191 1659 1234 Iouis
1699 1193 1830 1247 possit

331 1260 608 1302 Hammonis?
653 1272 781 1314 usque
819 1261 918 1303 adeo
956 1260 1079 1302 ludus
1117 1260 1180 1301 est
1216 1259 1439 1302 simulacra
1479 1259 1560 1302 ista
1590 1261 1829 1316 confingere,

331 1329 497 1371 nomina
526 1329 612 1371 illis
643 1331 858 1383 tamquam
887 1329 1050 1384 propria
1081 1329 1278 1379 dedicare,
1310 1328 1458 1382 quibus
1489 1330 1523 1371 si
1550 1329 1738 1373 habitum
1759 1333 1829 1373 (10-
1844 1348 1873 1372 15

331 1399 483 1450 trahas,
515 1399 690 1442 tollatur
720 1400 899 1454 cognitio
932 1399 1203 1454 singulorum,
1236 1399 1334 1441 deus
1366 1411 1438 1453 pro
1470 1398 1542 1441 deo
1575 1399 1696 1451 credi,
1728 1399 1830 1441 alter

335 1468 466 1510 uideri
497 1481 568 1522 pro
598 1469 741 1524 altero,
773 1469 901 1511 immo
932 1480 1004 1523 pro
1035 1468 1209 1522 utroque
1239 1469 1409 1521 uterque
1430 1468 1560 1521 possit
1582 1469 1829 1511 existimari.

271 1544 318 1584 13
336 1538 405 1581 3οᾱ
436 1538 535 1592 quid
565 1550 639 1593 ego
671 1538 734 1581 dis
766 1539 883 1580 datas
915 1538 1042 1580 falces
1075 1540 1114 1580 et
1145 1538 1323 1579 fuscinas
1360 1537 1495 1588 rideo,
1535 1538 1633 1591 quid
1672 1550 1830 1589 cornua,

218 1607 345 1663 12127!
381 1608 552 1650 malleos
583 1611 623 1650 et
653 1609 824 1662 galeros,
856 1621 949 1650 cum
980 1608 1199 1650 simulacra
1230 1607 1431 1661 quaedam
1471 1607 1599 1649 sciam
1630 1608 1833 1649 certorum

336 1676 441 1719 ferre
485 1677 699 1719 hominum
737 1676 888 1719 formas
931 1678 971 1719 et
1007 1675 1227 1718 infamium
1266 1675 1509 1717 liniamenta
1538 1676 1880 1719 meretricumP2o

337 1746 427 1799 quis
459 1747 521 1788 est
551 1745 660 1787 enim
692 1746 763 1799 qui
794 1746 956 1800 ignoret
986 1745 1255 1787 Athenienses
1285 1744 1380 1786 illos
1410 1744 1587 1787 Hermas
1610 1744 1833 1787 Alcibiadii

338 1815 390 1856 ad
429 1815 605 1869 corporis
643 1814 959 1856 similitudinem
998 1814 1246 1856 fabricatos?
1292 1814 1383 1867 quis
1419 1813 1652 1855 Praxitelen
1690 1813 1833 1863 nescit,

339 1883 550 1937 Posidippi
572 1884 607 1925 si
629 1883 785 1939 relegat
804 1908 839 1934 a,
874 1884 924 1925 ad
953 1883 1130 1925 formam
1151 1882 1339 1925 Cratinae
1361 1882 1599 1933 meretricis,
1632 1894 1753 1936 quam
1774 1882 1835 1923 in-

339 1953 437 1995 felix
467 1953 624 2007 perdite
655 1952 872 2007 diligebat,
904 1965 947 1994 os
978 1952 1148 1994 Veneris
1180 1950 1347 1994 Gnidiae
1378 1953 1405 2004 1-
1438 1951 1715 1993 sollertiarum
1745 1963 1837 1993 coe-

340 2022 447 2076 gisse
478 2022 735 2064 certamine?
767 2022 838 2064 sed
870 2021 957 2063 sola
988 2022 1050 2063 est
1079 2021 1179 2063 haec
1201 2020 1351 2071 Venus,
1383 2020 1450 2063 cui
1478 2020 1528 2062 de
1559 2019 1683 2062 scorti
1713 2020 1834 2061 uultu
1851 2036 1882 2062 25

341 2091 644 2133 translaticium
674 2091 798 2133 decus
830 2091 998 2132 auctum
1030 2091 1121 2132 est?
1159 2089 1323 2144 Phryna
1353 2089 1429 2131 illa
1460 2088 1699 2142 Thespiaca,
1731 2088 1837 2130 sicut

341 2160 407 2202 illi
436 2160 618 2202 referunt
648 2159 718 2213 qui
750 2160 918 2215 negotia
938 2159 1161 2213 Thespiaca
1190 2158 1498 2213 scriptitarunt,
1531 2170 1625 2200 cum
1653 2157 1697 2199 in
1719 2169 1838 2199 cacu—

341 2229 452 2271 mine
481 2229 569 2284 ipso
596 2229 704 2271 esset
723 2228 1027 2283 pulcritudinis,
1061 2227 1289 2270 uenustatis
1320 2228 1360 2269 et
1388 2226 1511 2278 floris,
1543 2225 1838 2280 exemplarium

342 2298 467 2340 fuisse
503 2297 742 2352 perhibetur
781 2297 1021 2339 cunctarum
1059 2308 1161 2350 quae
1197 2295 1241 2337 in
1279 2295 1465 2349 opinione
1508 2296 1603 2337 sunt
1633 2294 1837 2336 Venerum

479 2370 523 2405 21
548 2381 622 2415 sqq.
652 2370 676 2405 1.
702 2381 730 2405 c.
755 2370 788 2413 4,
812 2371 856 2406 53

389 2434 410 2468 6
446 2434 716 2478 petasunculum
749 2433 841 2468 Sab:
873 2433 1129 2477 petasioculum
1154 2432 1189 2467 P
1373 2432 1414 2465 11
1451 2430 1694 2465 interstinctio
1730 2430 1840 2464 ‘alios’

343 2491 528 2535 scripsisse
553 2491 640 2526 dicit
671 2491 845 2526 Orellius:
882 2490 1081 2525 interstitio
1106 2490 1142 2524 P
1325 2489 1368 2523 15
1392 2489 1539 2523 numina
1562 2487 1751 2522 Meursius

345 2549 388 2583 18
419 2548 487 2583 diis
512 2559 530 2584 c
697 2549 742 2583 20
766 2548 858 2583 ferre
881 2548 1028 2592 scripsi:
1065 2558 1138 2582 0330
1162 2546 1197 2581 P
1364 2546 1572 2580 liniamenta
1605 2544 1696 2579 Sab:
1730 2545 1840 2578 lania-

345 2607 465 2640 menta
489 2607 523 2639 P
673 2607 716 2641 21
740 2605 932 2641 Alcibiadii
956 2605 1107 2649 scripsi:
1140 2603 1305 2639 alcibiadi
1330 2604 1366 2639 P
1391 2602 1586 2638 Alcibiadis
1611 2602 1684 2636 Sab
1707 2600 1841 2636 Alcibi-

346 2663 424 2697 adei
450 2663 551 2698 Satm
717 2664 762 2698 23
786 2663 1016 2708 Posidippum
1047 2662 1112 2697 Gez
1279 2661 1413 2706 relegat
1438 2660 1528 2695 Sab:
1561 2659 1693 2704 religat
1717 2659 1753 2693 P

347 2723 516 2756 lacunam
547 2722 716 2767 siqnaui:
757 2721 924 2756 Cnidiaca
955 2719 1180 2755 intercidisse
1211 2718 1361 2753 uidetur
1551 2716 1714 2752 Cratinae
1755 2715 1840 2750 Urs.-

348 2779 510 2825 gratinae
528 2780 565 2814 P
693 2779 738 2813 24
762 2778 913 2824 perditae
932 2778 967 2812 P
1093 2776 1227 2811 cnidiae
1244 2787 1282 2810 r.-
1308 2775 1443 2811 cindiae
1460 2775 1496 2810 P
1518 2773 1659 2818 gnidiae
1679 2773 1750 2808 Sal>

349 2836 485 2871 sollerti
502 2835 651 2870 aliarum
679 2836 748 2870 Urs
878 2835 921 2869 26
940 2835 1082 2869 auctum
1099 2833 1192 2868 Sab:
1217 2834 1335 2867 actum
1351 2832 1386 2866 P
1514 2830 1676 2875 Phrynae
1699 2830 1751 2865 sic
1768 2829 1841 2863 Sab

350 2894 389 2927 in
414 2903 492 2928 err.-
516 2893 654 2937 phyrna
672 2893 708 2926 P
730 2892 872 2937 Phyrne
897 2892 968 2926 Sab
1119 2891 1161 2924 27
1188 2889 1330 2934 negotia
1353 2888 1496 2923 seclusit
1528 2888 1598 2923 Urs
1743 2896 1840 2921 cacu-

348 2951 442 2985 mine
468 2951 678 2985 Puteanus:
704 2949 865 2984 acumine
891 2950 926 2984 P
950 2948 1104 2983 culmine
1136 2947 1203 2982 Urs
