2032 3248
336 195 392 237 40
740 193 932 228 Arnobii
964 192 1175 228 aduersus
1208 194 1418 229 nationes

335 323 386 352 an
432 309 590 351 hirsuta
627 322 721 351 cum
765 308 986 362 asperitate
1030 310 1260 362 promatur,
1315 309 1548 351 inflectatur
1586 310 1692 364 quod
1737 310 1830 353 acui

335 392 387 420 an
426 378 596 420 acuatur
634 377 740 432 quod
785 378 998 431 oportebat
1043 377 1226 421 inflecti?
1271 379 1343 420 aut
1382 378 1452 432 qui
1483 379 1619 420 minus
1649 379 1692 421 id
1724 380 1830 433 quod

337 447 488 489 dicitur
531 459 675 489 uerum
721 447 801 498 est,
848 446 883 489 si
927 447 971 489 in
1010 460 1180 489 numero
1226 447 1414 501 peccetur
1458 450 1529 490 aut
1574 461 1669 490 casu
1712 461 1830 501 prae-

334 516 535 571 positione
583 515 798 570 participio
853 516 1167 558 coniunctione?
1218 529 1366 570 pompa
1417 516 1498 559 ista
1551 518 1748 559 sermonis
1788 519 1829 560 et

334 585 463 627 oratio
508 585 635 627 missa
673 598 744 640 per
781 585 943 639 regulas
982 585 1236 627 contionibus
1274 586 1419 628 litibus
1456 585 1541 629 foro
1587 587 1829 641 iudiciisque
1860 602 1874 628 5

334 655 519 697 seruetur
563 655 761 708 deturque
805 654 892 696 illis
928 654 1076 709 immo,
1123 654 1193 708 qui
1243 655 1507 708 uoluptatum
1554 655 1829 697 delenimenta

333 724 572 778 quaerentes
618 735 736 766 omne
783 737 903 765 31111111
949 724 1133 766 studium
1171 724 1390 767 uerborum
1420 725 1462 766 in
1493 725 1651 767 lumina
1682 725 1827 766 contu-

333 793 481 834 lerunt.
533 805 627 834 cum
658 792 706 834 de
747 792 868 834 rebus
900 792 1037 847 agitur
1068 793 1118 835 ab
1151 794 1426 835 ostentatione
1458 794 1696 846 summotis,
1730 793 1828 848 quid

331 862 490 904 dicatur
532 862 802 916 spectandum
840 862 925 913 est,
968 874 1048 904 non
1088 862 1201 915 quali
1239 875 1332 904 cum
1372 863 1622 905 amoenitate
1654 863 1825 913 dicatur,

331 943 403 972 nec
449 930 547 984 quid
592 943 708 972 aures
752 931 1048 984 commulceat,
1099 932 1169 973 sed
1215 945 1315 985 quas
1362 932 1519 975 adferat
1564 932 1826 974 audientibus
1842 946 1874 970 10

331 999 553 1051 utilitates,
599 1000 775 1042 maxime
821 1013 912 1042 cum
952 1000 1129 1043 sciamus
1169 1002 1293 1043 etiam
1325 1002 1522 1055 quosdam
1552 1001 1596 1043 in
1625 1001 1827 1054 sapientia

331 1069 485 1112 deditos
524 1081 604 1111 non
634 1069 797 1111 tantum
836 1069 1031 1112 abiecisse
1068 1070 1264 1112 sermonis
1303 1071 1462 1112 cultum
1502 1083 1647 1112 uerum
1686 1070 1824 1121 etiarn,

329 1151 421 1180 cum
459 1140 623 1193 possent
661 1140 843 1181 ornatius
887 1139 1009 1193 atque
1040 1139 1205 1181 uberius
1244 1140 1400 1193 eloqui,
1447 1139 1657 1181 triuialem
1689 1138 1824 1181 studio

329 1207 609 1251 humilitatem
630 1211 802 1259 secutos,
824 1221 874 1251 ne
896 1211 1207 1263 conrumperent
1228 1209 1387 1251 scilicet
1404 1209 1626 1263 grauitatis
1649 1208 1826 1263 rigorem

327 1279 368 1318 et
409 1277 631 1330 sophistica
670 1290 712 1320 se
747 1277 883 1332 potius
923 1279 1194 1320 ostentatione
1231 1279 1444 1320 motarent,
1500 1279 1707 1320 enimuero
1739 1278 1871 1320 dis-15

327 1347 452 1388 soluti
483 1349 546 1389 est
575 1347 748 1400 pectoris
780 1347 822 1388 in
853 1346 973 1388 rebus
1005 1347 1121 1389 seriis
1153 1359 1343 1401 quaerere
1371 1348 1629 1401 uoluptatem
1660 1349 1701 1388 et
1732 1359 1825 1389 cum

327 1415 404 1457 tibi
443 1416 497 1457 sit
535 1416 639 1458 ratio
686 1428 778 1457 cum
823 1416 932 1457 male
969 1428 1011 1458 se
1049 1417 1296 1459 habentibus
1342 1419 1464 1471 atque
1503 1417 1656 1470 aegris,
1706 1428 1824 1458 sonos

233 1494 257 1528 f.
271 1496 313 1527 23
327 1485 492 1527 auribus
521 1485 734 1528 infundere
754 1486 966 1535 dulcioreS,
999 1498 1077 1527 non
1108 1486 1356 1528 medicinam
1381 1484 1387 1541 j
1414 1486 1653 1528 uulneribus
1684 1487 1825 1527 admo-

328 1566 432 1595 uere.
485 1566 730 1607 quamquam
764 1554 799 1596 si
829 1567 974 1596 uerum
1019 1557 1196 1608 spectes,
1243 1555 1381 1596 nullus
1421 1566 1553 1596 sermo
1584 1555 1732 1596 natura
1762 1557 1822 1596 est

327 1624 505 1678 integer,
551 1624 725 1666 uitiosus
774 1624 968 1666 similiter
1014 1624 1166 1666 nullus.
1219 1637 1420 1678 quaenam
1466 1626 1528 1666 est
1567 1624 1678 1666 enim
1718 1624 1822 1666 ratio
1837 1639 1870 1664 20

325 1693 525 1734 naturalis
570 1695 641 1735 aut
684 1693 727 1735 in
771 1693 915 1735 mundi
961 1693 1321 1736 constitutionibus
1360 1694 1424 1735 lex
1463 1695 1633 1747 scripta,
1680 1696 1726 1735 ut
1756 1694 1822 1735 hic

325 1762 456 1816 paries
497 1761 657 1804 dicatur
687 1765 727 1803 et
758 1762 856 1804 haec
886 1762 1009 1813 sella,
1053 1775 1147 1804 cum
1185 1775 1315 1816 neque
1346 1775 1463 1804 331113
1494 1763 1670 1805 habeant
1702 1762 1822 1804 femi-

324 1831 432 1872 ninis
463 1831 677 1885 generibus
699 1831 1019 1885 masculinisque
1050 1831 1246 1873 discretos
1276 1844 1407 1885 neque
1443 1833 1659 1886 quisquam
1682 1832 1822 1873 docere

325 1900 586 1943 doctissimus
625 1914 691 1942 me
728 1901 858 1954 possit
897 1900 1033 1954 ipsum
1064 1901 1130 1942 hic
1161 1903 1201 1942 et
1233 1901 1337 1942 11333
1377 1901 1475 1954 quid
1518 1901 1603 1942 sint
1648 1902 1720 1942 aut
1751 1913 1822 1941 cur

325 1982 370 2011 31
399 1970 463 2011 1113
494 1983 621 2011 111111111
654 1982 793 2012 33111111
831 1970 996 2011 1111113111
1034 1970 1238 2024 designet,
1285 1969 1494 2012 femininis
1533 1970 1747 2025 generibus
1778 1969 1820 2010 id
1834 1986 1866 2011 25

325 2039 431 2091 quod
476 2039 660 2092 sequitur
705 2039 947 2092 adplicetur.
997 2039 1178 2081 humana
1224 2039 1306 2080 ista
1351 2041 1446 2081 sunt
1492 2039 1646 2092 placita
1691 2040 1731 2079 et
1769 2038 1820 2079 ad

325 2119 442 2148 usum
473 2109 669 2149 sermonis
700 2107 872 2149 faciendi
902 2119 981 2149 non
1011 2120 1104 2149 sane
1137 2107 1323 2149 omnibus
1362 2108 1606 2149 necessaria:
1653 2120 1748 2148 nam
1781 2110 1820 2149 et

324 2175 420 2217 haec
456 2177 589 2229 paries
627 2176 801 2219 forsitan
842 2178 882 2218 et
912 2176 978 2219 hic
1021 2177 1124 2218 sella
1166 2176 1247 2218 dici
1278 2176 1366 2218 sine
1397 2177 1482 2218 ulla
1511 2176 1819 2230 reprehensione

323 2244 570 2297 potuissent,
615 2245 651 2287 si
688 2246 737 2288 ab
777 2245 897 2288 initio
942 2246 999 2288 sic
1045 2246 1126 2287 dici
1171 2245 1392 2299 placuisset
1431 2248 1471 2287 et
1502 2259 1526 2288 a
1556 2245 1817 2299 sequentibus

367 2472 389 2506 5
413 2471 644 2516 iudiciisquae
668 2472 704 2506 P
727 2482 806 2507 corr
958 2473 979 2506 6
1005 2472 1198 2517 deturquae
1224 2473 1261 2507 P
1284 2483 1365 2507 corr
1525 2472 1714 2516 deturque:
1740 2472 1815 2506 illis

322 2527 428 2563 immo
446 2529 733 2564 Elmenhorstius
853 2530 1085 2565 delinimenta
1105 2530 1184 2572 θεῖ,
1203 2540 1241 2564 r:
1267 2529 1518 2564 deliniamenta
1536 2530 1571 2564 P
1687 2530 1705 2563 7
1732 2540 1814 2573 que-

322 2587 437 2620 rentes
463 2587 498 2620 P
634 2598 736 2621 omne
759 2598 861 2621 suum
890 2588 964 2631 Gel,
990 2598 1027 2621 r.-
1064 2597 1183 2621 omnes
1208 2598 1317 2621 unum
1335 2587 1371 2621 P
1508 2587 1549 2620 11
1575 2587 1611 2620 111
1637 2586 1813 2630 sapientia

322 2642 634 2678 Hildebrandius:
659 2644 834 2688 sapientia
851 2645 886 2678 P
909 2645 1101 2688 sapientiae
1118 2655 1138 2678 r
1278 2643 1319 2678 13
1344 2644 1503 2678 ornatius
1529 2644 1565 2677 P
1702 2643 1815 2687 adque

323 2700 358 2733 P
380 2711 463 2735 corr
610 2701 789 2736 tribialem
814 2702 850 2736 P
999 2702 1042 2736 15
1066 2698 1294 2746 sophisticam
1325 2702 1359 2735 P
1496 2700 1588 2734 enim
1614 2710 1695 2734 uero
1722 2701 1814 2735 Sal).-

321 2756 453 2791 etenim
479 2768 560 2792 uera
586 2759 620 2792 P
758 2759 800 2793 19
825 2759 865 2792 in
889 2770 946 2804 my
978 2764 1009 2804 φ
1146 2758 1191 2793 25
1218 2758 1266 2792 his
1292 2759 1327 2792 P
1464 2757 1603 2792 uirilem
1629 2757 1720 2791 Sab:
1760 2759 1812 2791 ui-

321 2813 385 2847 rile
411 2815 446 2848 P
581 2816 623 2849 26
649 2815 801 2860 applicet
828 2816 899 2850 Sal)
1038 2817 1081 2850 29
1106 2815 1282 2860 potuisset
1307 2815 1380 2850 Sal)
