2032 3248
813 202 942 236 Liber
971 202 1034 238 111.
1584 207 1661 247 127

177 319 239 359 his
270 317 427 358 artibus
460 318 708 370 praesidere.
751 330 910 361 curare.
954 318 1079 358 immo
1111 310 1185 359 sub
1218 319 1383 360 illorum
1414 319 1546 373 posita
1577 332 1663 360 esse

175 386 307 428 tutela
345 385 481 426 omnia
534 398 633 438 quae
671 386 1025 436 administramus,
1073 399 1174 439 quae
1212 388 1409 441 gerimus,
1457 389 1576 441 atque
1617 390 1663 429 ut

175 456 274 496 bene
305 466 349 495 ac
381 453 554 494 feliciter
586 454 753 502 cedant,
787 453 952 495 illorum
982 455 1210 507 prouisione
1242 456 1386 496 curari.
1434 457 1539 508 quod
1571 458 1660 509 qui-

175 523 265 564 dem
306 523 454 564 merito
496 522 576 563 dici
607 535 651 564 ac
682 522 950 574 probabiliter
988 523 1212 573 uideretur,
1257 524 1290 564 si
1322 525 1372 565 ad
1404 525 1658 567 uoluntatem

146 604 329 644 ssemper
361 591 682 643 sententiamque
713 591 976 643 procederent
1007 603 1052 632 ea
1084 604 1185 643 quae
1218 592 1390 639 obimus,
1424 606 1523 646 quae
1553 594 1660 647 geri-

172 672 262 701 mus
294 660 364 700 aut
394 660 436 700 in
468 659 641 713 negotiis
674 659 955 711 periclitamur
993 659 1197 701 humanis.
1245 672 1336 700 cum
1369 673 1462 702 uero
1494 662 1533 703 in
1566 674 1660 704 con-

170 729 343 770 trarium
376 727 520 769 cotidie
552 740 612 769 res
645 730 857 769 uertantur
896 740 1024 780 neque
1063 729 1113 769 ad
1152 729 1402 780 propositum
1436 730 1659 771 uoluntatis

171 797 373 838 actionum
406 798 672 849 respondeant
703 796 813 846 fines,
847 797 1025 838 ludentis
1057 798 1118 838 est
1149 798 1290 849 dicere,
1324 798 1415 839 deos
1445 799 1559 840 nobis
1590 812 1658 840 su-

171 879 327 919 peresse
369 866 574 915 custodes,
622 879 720 919 quos
761 866 938 918 suspicio
980 866 1098 907 finxit
1135 869 1293 916 nostra,
1342 879 1420 908 non
1454 868 1659 920 explorata

127 948 158 971 ιο
171 935 320 976 ueritas
339 934 651 987 comprehendit.
674 947 743 986 per
761 935 888 975 maria
909 935 1042 975 Mater
1054 935 1215 977 Matuta
1233 935 1462 977 tutissimas
1479 938 1658 988 praestat

170 1003 492 1045 commeantibus
511 1003 809 1056 nauigationes:
829 1005 869 1044 et
887 1016 957 1044 cur
975 1004 1164 1045 insanum
1186 1017 1297 1045 mare
1319 1005 1404 1045 tam
1426 1004 1658 1057 frequentes

170 1072 350 1125 exposcit
395 1071 624 1112 crudelium
670 1072 975 1125 naufragiorum
1023 1072 1188 1113 ruinas?
1248 1073 1446 1114 salutaria
1493 1074 1533 1114 et
1579 1073 1657 1114 fida

169 1141 337 1182 consilia
368 1141 517 1182 nostris
550 1141 737 1195 suggerit
759 1141 1075 1194 cogitationibus
1098 1140 1277 1183 Consus:
1311 1142 1350 1182 et
1373 1142 1412 1182 in
1437 1142 1657 1183 contrarios

169 1210 298 1250 exitus
330 1222 400 1250 cur
431 1209 597 1250 adsidue
629 1210 803 1251 uertitur
834 1210 1077 1262 placitorum
1109 1210 1316 1262 inopinata
1348 1210 1553 1252 mutatio?
1594 1223 1655 1252 ar-

125 1293 154 1316 15
168 1279 398 1319 mentorum
431 1279 470 1318 et
501 1289 689 1331 pecorum
721 1278 913 1331 gregibus
936 1278 1054 1319 Pales
1077 1279 1270 1331 praesunt
1292 1279 1495 1331 Inuusque
1518 1280 1653 1321 custo-

168 1347 257 1387 des:
302 1347 341 1388 et
372 1358 442 1387 cur
483 1358 601 1387 saeua
633 1346 822 1400 contagia
854 1348 894 1387 et
925 1346 1164 1398 pestilentes
1205 1347 1366 1388 morbos
1409 1348 1458 1388 ab
1490 1348 1657 1389 aestiuis

168 1416 350 1456 auertere
382 1415 606 1456 cessatione
643 1414 809 1456 inimica
839 1427 918 1455 non
951 1415 1122 1456 curant?
1157 1416 1278 1456 Flora
1300 1415 1373 1456 illa
1404 1416 1586 1470 genetrix
1618 1417 1659 1457 et

167 1485 305 1525 sancta
346 1483 592 1524 obscenitate
634 1483 820 1524 ludorum
852 1483 954 1524 bene
986 1485 1102 1524 curat
1134 1485 1179 1524 ut
1215 1496 1313 1524 arua
1342 1483 1574 1526 florescant:
1619 1486 1657 1526 et

166 1565 237 1593 eur
268 1552 436 1593 cottidie
467 1552 696 1605 gemmulas
728 1553 768 1593 et
798 1552 1063 1604 pubescentes
1094 1551 1238 1593 herbas
1271 1553 1409 1593 adurit
1440 1554 1560 1605 atque
1592 1553 1657 1593 in-

122 1621 314 1662 20terficit
356 1620 693 1662 nocentissimum
734 1620 896 1674 frigus?
942 1621 1164 1673 puerperiis
1206 1622 1306 1663 Iuno
1338 1622 1566 1675 praeposita
1596 1624 1657 1663 est

165 1692 205 1731 et
235 1690 459 1731 auxiliatur
491 1689 763 1743 genetricibus
796 1689 911 1730 fetis:
955 1691 996 1730 et
1028 1690 1209 1731 matrum
1248 1690 1458 1732 intereunt
1490 1703 1560 1732 cur
1591 1702 1656 1732 00-

166 1758 266 1800 tidie
297 1759 429 1799 millia
460 1758 773 1810 parricidalibus
805 1758 966 1799 nixibus
998 1758 1298 1811 interemptae?
1329 1759 1371 1800 in
1398 1760 1529 1800 tutela
1551 1758 1654 1799 Vul-

164 1827 252 1867 cani
276 1828 336 1868 est
357 1827 463 1881 ignis
486 1828 525 1867 et
548 1826 735 1867 materies
758 1826 843 1868 eius
865 1827 907 1868 in
929 1826 1043 1868 illius
1070 1826 1075 1881 Ι
1102 1827 1300 1881 regimine
1328 1827 1551 1869 constituta
1573 1828 1653 1867 est:
1669 1833 1688 1866 f.
1707 1834 1746 1866 73

164 1896 203 1935 et
241 1907 311 1936 cur
350 1895 469 1936 aedes
501 1894 830 1947 frequentissime
861 1907 993 1936 sacras
1025 1895 1145 1948 atque
1177 1895 1339 1937 urbium
1371 1895 1571 1948 portiones
1602 1895 1653 1936 ad

118 1974 149 1999 2⁵
164 1964 337 2004 cinerem
359 1963 515 2015 patitur
535 1962 795 2004 flammarum
817 1963 1042 2005 uoracitate
1064 1964 1253 2005 conlabi?
1285 1964 1549 2005 diuinationis
1572 1963 1651 2005 sci-

163 2033 314 2074 entiam
332 2032 506 2085 largitur
522 2032 817 2073 hariolantibus
836 2033 1028 2086 Pythius:
1047 2034 1087 2074 et
1103 2045 1172 2074 cur
1190 2033 1410 2086 obliquata,
1429 2032 1563 2082 dubia,
1582 2045 1651 2073 cur

162 2101 421 2142 obscuritatis
453 2101 663 2142 submersa
695 2101 867 2155 caligine
898 2101 968 2142 dat
990 2104 1148 2155 saepius
1170 2102 1536 2153 subministratque
1567 2113 1650 2142 res-

206 2294 226 2326 3
253 2302 336 2325 uene
363 2293 397 2325 P
421 2303 500 2326 corr
648 2292 771 2326 cedant
799 2292 892 2326 Sub:
919 2293 1059 2326 credant
1086 2293 1119 2326 P
1266 2293 1306 2325 10
1330 2292 1515 2336 permarini
1542 2303 1561 2325 r

162 2349 274 2382 Mater
302 2349 438 2382 Matuta
456 2348 582 2382 addidi
722 2351 902 2392 praestant
923 2360 939 2381 r
965 2351 1120 2392 praestat
1147 2348 1321 2382 Portunus
1340 2349 1409 2381 »sub
1548 2348 1587 2381 11
1615 2350 1650 2381 et

165 2406 243 2439 (iel.-
277 2406 334 2439 sed
361 2406 395 2439 P
580 2406 620 2439 12
646 2405 797 2448 exposcit
825 2406 867 2440 P.
893 2405 1047 2439 Iunius.-
1085 2406 1244 2448 exposuit
1271 2406 1305 2438 P
1489 2405 1528 2438 14
1555 2404 1649 2438 adsi—

160 2462 245 2495 duae
272 2463 307 2495 P
460 2463 501 2496 15
527 2462 696 2506 inbusque
723 2463 756 2495 P
772 2473 853 2496 corr
870 2465 898 2496 c‘
1050 2464 1092 2496 16
1118 2462 1266 2495 aestiuis
1294 2462 1327 2494 P
1478 2462 1518 2495 17
1545 2472 1650 2495 mere·

160 2519 227 2552 trix
252 2519 318 2553 Urs
456 2520 499 2552 22
517 2519 653 2552 bulcaui
672 2520 707 2552 P
722 2530 803 2553 corr
940 2519 984 2552 23
1009 2519 1194 2552 materiaes
1212 2519 1245 2552 P
1262 2528 1341 2552 corr
1358 2529 1376 2551 r
1515 2518 1558 2553 ‘24
1583 2518 1649 2552 fre-

160 2589 389 2632 quentissime
423 2589 457 2622 P
640 2588 816 2632 portiones
851 2588 969 2622 tS'alm:
1006 2581 1176 2631 portior'es
1204 2588 1254 2629 (ιή
1282 2598 1338 2632 my
1363 2589 1407 2629 .·.)
1435 2588 1469 2621 P
1500 2588 1648 2631 potiores

162 2644 232 2678 Sao
387 2645 428 2679 ad
456 2646 603 2679 cinerem
632 2645 722 2678 Sub.-
758 2656 797 2678 ac
822 2645 975 2679 cinerum
1003 2645 1037 2678 P
1196 2645 1238 2677 26
1264 2644 1382 2688 pytius
1408 2645 1443 2677 P
1590 2644 1646 2678 ob-

160 2701 255 2744 liqua
292 2705 326 2734 et
362 2702 469 2735 dubia
500 2702 557 2735 uel
589 2701 801 2744 obliquitate
837 2701 945 2735 dubia
985 2701 1053 2734 Urs
1088 2701 1229 2744 obliqua
1262 2712 1300 2734 ac
1326 2700 1433 2735 dubia
1459 2701 1559 2735 Salm

159 2758 200 2790 27
227 2758 451 2793 obscuritatis
469 2759 671 2792 Meursms:
701 2757 973 2791 obscuritatibus
1000 2758 1035 2790 P
1058 2756 1311 2791 obscuritatum
1337 2757 1404 2791 Urs
1543 2758 1647 2801 ‘aepi-

159 2825 198 2847 us
225 2816 257 2848 P
366 2816 671 2859 submonstratque
699 2815 769 2850 Sab
