2032 3248
230 2125 366 2159 Cypriani

211 2172 376 2204 opusculum

203 2217 384 2251 deperditum

221 2263 262 2290 De
275 2263 364 2290 notis.

419 228 567 258 LXVIII

418 318 726 372 inscriptionem
757 317 829 359 Ad
861 317 1040 360 Felicem
1074 317 1122 359 de
1157 318 1453 360 resurrectione
1486 323 1745 361 mortuorum
1779 333 1918 363 recens

418 393 641 436 admodum
676 404 822 434 manus
852 392 1003 434 adiecit
1036 405 1139 445 quae
1170 392 1230 433 ita
1261 392 1374 447 lego:
1411 392 1482 434 Ad
1504 393 1685 436 Felicem
1712 395 1761 436 de
1781 408 1919 436 resur-

417 468 592 510 rectione
623 469 892 508 mortuorum.
931 466 1142 519 Cypriani
1171 479 1257 508 riou
1287 469 1345 507 cst
1376 467 1522 509 saltem
1551 481 1638 510 riori
1667 469 1838 510 liabetur
1867 469 1917 510 iu

416 542 641 596 impressis.
677 540 873 593 inflatum
907 554 1088 583 carmen.
1122 540 1311 582 uiolatur
1346 553 1471 593 super
1493 541 1550 597 (2²)
1571 543 1717 597 reyula
1748 543 1918 596 quanti-

415 621 569 670 tatum,-
602 618 646 659 in
678 616 812 658 indice
847 615 986 658 autem
1020 615 1116 657 huic
1152 615 1279 657 codici
1315 617 1537 669 praemisso
1572 630 1718 659 manus
1751 618 1918 659 uetusta

414 692 647 734 annotauit:
688 690 819 732 XIII
838 690 986 733 Sancti
1008 689 1219 743 Cypriani
1254 690 1311 731 ad
1333 690 1513 732 Felicem
1543 691 1592 732 de
1621 692 1917 734 resurrectione

414 769 684 808 mortuorum.
718 765 770 807 ad
790 765 864 807 hos
892 765 1079 807 auctores
1109 765 1267 807 accedit
1295 766 1444 807 tertius
1465 766 1730 808 Verecundus
1752 766 1916 808 Africa-

413 854 489 883 nus
522 841 746 895 episcopus,
783 852 905 893 quem
935 840 1031 881 ante
1061 851 1214 880 annum
1233 839 1352 880 DLII
1383 839 1568 883 floruisse
1590 839 1738 883 Garcia
1757 841 1917 895 Loayza

413 928 460 958 ex
500 915 679 958 Victoris
720 913 973 956 Tunonensis
1013 912 1211 956 Chronico
1261 914 1430 969 collegit
1471 915 1537 969 (cf.
1578 915 1711 957 Alixii
1750 914 1913 957 dissert.

413 991 461 1033 (le
485 989 741 1031 Tertulliani
769 988 862 1030 uita
889 991 924 1030 et
952 988 1121 1040 scriptis
1148 1002 1186 1042 p.
1218 988 1271 1031 76
1300 989 1361 1030 ed.
1385 987 1571 1042 Oehler);
1608 989 1657 1031 de
1678 989 1917 1032 Verecundo

413 1066 523 1108 enim
559 1065 735 1118 quodam
770 1063 954 1105 Isidorus
974 1063 1234 1117 Hispalensis
1271 1063 1356 1118 (De
1390 1064 1502 1105 uiris
1537 1063 1774 1105 illustribus
1809 1077 1842 1106 c.
1868 1063 1913 1119 7)

412 1140 511 1183 haec
530 1140 676 1182 habet:
718 1138 978 1180 Verecuudus
997 1138 1235 1192 Africanus
1262 1138 1475 1191 episcopus
1503 1139 1654 1180 studiis
1675 1138 1916 1180 liberalium

413 1214 652 1256 litterarum
671 1213 851 1254 disertus
870 1212 1002 1254 edidit
1022 1213 1209 1255 carmirie
1229 1213 1431 1266 dactylico
1446 1213 1547 1255 duos
1563 1213 1740 1256 modicos
1756 1214 1914 1255 breues-

412 1303 487 1341 que
507 1288 677 1339 libellos,
698 1301 873 1340 quorum
887 1287 1079 1340 primum
1094 1287 1161 1329 De
1175 1288 1475 1330 resurrectione
1495 1291 1532 1330 et
1554 1288 1711 1330 iudicio
1731 1288 1914 1340 scripsit,

411 1362 590 1405 alterum
606 1375 703 1404 uero
718 1362 767 1404 de
783 1361 1061 1413 Poeuiteritia,
1082 1362 1131 1403 iu
1147 1375 1225 1415 quo
1246 1362 1509 1404 lamentabili
1529 1363 1716 1404 carmine
1729 1363 1914 1416 propria

411 1436 561 1479 delicta
589 1437 787 1490 deplorat.
820 1437 1004 1490 quisquis
1032 1448 1127 1478 uero
1157 1438 1298 1479 auctor
1319 1438 1393 1487 est,
1423 1436 1557 1479 Musis
1584 1437 1702 1479 iratis
1722 1438 1798 1479 hoc
1820 1449 1909 1478 car-

411 1524 505 1553 men
525 1511 680 1564 panxit.
702 1524 824 1565 quare
840 1510 1068 1553 cauendum
1085 1511 1212 1553 estne
1224 1511 1467 1553 coniecturis
1484 1512 1681 1566 genuinos
1698 1511 1912 1564 scriptoris

412 1598 564 1628 errores
592 1585 834 1640 regulasque
854 1586 897 1627 in
917 1585 1037 1627 rebus
1058 1585 1242 1627 metricis
1264 1586 1304 1627 et
1325 1586 1607 1640 grammaticis
1637 1586 1836 1627 emendes
1866 1585 1909 1627 in

409 1661 525 1703 textu
555 1660 835 1703 constituendo
866 1659 1023 1702 codices
1043 1659 1429 1714 wirceburgensem
1459 1661 1498 1702 et
1518 1660 1802 1715 Reginensem,
1840 1660 1912 1713 qui

411 1735 640 1788 antiquiore
661 1735 999 1790 Sangermanensi
1019 1735 1334 1788 praestantiores
1355 1737 1451 1777 sunt
1466 1735 1588 1778 duces
1605 1735 1743 1777 habui.
1766 1735 1912 1777 lectio-

409 1823 510 1852 num
530 1809 751 1852 diuersitas
779 1810 887 1863 apud
907 1809 1180 1852 Aldhelmum
1201 1811 1242 1852 et
1262 1810 1499 1852 Fabricium
1524 1810 1655 1852 maior
1676 1810 1763 1852 erat
1783 1822 1908 1863 quam

410 1885 475 1926 cui
509 1884 675 1939 angusti
711 1884 986 1926 adnotationis
1022 1884 1188 1927 criticae
1223 1884 1322 1926 fines
1356 1885 1494 1926 locum
1532 1884 1689 1926 darent.
1726 1884 1909 1926 ceterum

408 1959 556 2001 harum
574 1959 854 2001 recensionum
871 1959 1125 2001 coniecturae
1141 1960 1190 2001 ab
1208 1960 1359 2001 eisdem
1376 1959 1616 2013 corruptelis
1633 1971 1734 2012 quas
1751 1958 1909 2001 codices

408 2033 540 2075 DTW
561 2033 783 2075 ostendunt
802 2033 981 2087 pendent
1001 2034 1143 2087 paucis
1164 2034 1356 2088 exceptis.

544 2108 658 2150 Haec
679 2109 775 2150 sunt
792 2107 985 2162 Cypriani
1006 2120 1127 2163 opera
1148 2109 1416 2163 suppositicia
1436 2122 1538 2163 quae
1558 2110 1601 2151 in
1622 2109 1906 2163 Appendicem

406 2182 552 2236 recepi.
583 2183 741 2225 inedita
770 2183 890 2236 plura
909 2183 952 2225 in
973 2183 1183 2226 codicibus
1216 2183 1357 2225 inueni
1379 2182 1572 2238 Cypriani
1603 2184 1768 2225 nomine
1800 2183 1906 2224 falso

407 2257 627 2312 insignita3
649 2258 720 2299 sed
739 2258 903 2300 nullum
925 2259 1098 2313 dignum
1115 2258 1348 2309 uidebatur,
1371 2258 1478 2312 quod
1495 2259 1537 2300 in
1553 2259 1688 2300 lucem
1704 2257 1903 2311 prodiret.

407 2331 568 2373 utinam
609 2331 821 2373 Notarum
861 2332 1068 2385 exemplar
1103 2332 1392 2387 Cyprianicum
1432 2333 1694 2386 inuenissem,
1736 2332 1785 2373 de
1825 2343 1905 2385 quo

407 2418 535 2459 nuper
551 2405 617 2447 W.
636 2405 817 2449 Schmitz
840 2406 1102 2462 (Tirouiaua
1120 2407 1163 2448 in
1186 2406 1361 2460 Symbol.
1379 2406 1488 2459 phil.
1510 2405 1652 2447 Bouri.
1675 2406 1718 2447 II
1739 2420 1778 2460 p.
1800 2405 1903 2461 540)

407 2480 569 2535 egregie
604 2480 835 2535 disputauit
871 2479 942 2536 (cf.
980 2480 1106 2523 etiam
1136 2481 1189 2522 H.
1218 2481 1420 2523 Dodwelli
1454 2480 1615 2522 dissert.
1651 2478 1775 2533 Cypr.
1808 2480 1899 2535 II).

405 2555 571 2596 tenuem
599 2554 723 2596 huius
743 2556 876 2608 operis
897 2556 1141 2597 memoriam
1162 2555 1417 2597 Trithemius
1439 2555 1481 2596 in
1503 2554 1794 2608 Polyyrapliia
1818 2554 1899 2611 (ed.

406 2625 543 2669 Colon.
579 2629 706 2684 1571)
738 2630 934 2671 seruauit.
966 2630 1066 2672 haec
1094 2630 1267 2672 enimin
1287 2625 1554 2683 ‘praefatione
1575 2629 1627 2671 ad
1647 2629 1903 2671 Maximilia—

404 2714 504 2742 num
525 2702 545 2743 Ι
567 2698 794 2746 Caesarem'
816 2704 959 2746 scribit
979 2718 1017 2758 p.
1043 2704 1115 2746 18:
1139 2704 1318 2746 Marcus
1340 2703 1508 2744 Tullius
1531 2701 1671 2745 Cicero
1690 2703 1903 2756 facundus

405 2777 544 2816 orator
573 2777 742 2831 iuyeuio
772 2791 872 2819 usus
900 2781 936 2819 et
962 2781 1064 2828 arte,
1092 2778 1293 2830 phraseos
1323 2777 1533 2818 minutias
1564 2777 1832 2819 commutauit
1853 2777 1903 2818 iu

403 2850 530 2903 siqua
550 2853 585 2891 et
603 2850 838 2893 thelematos
867 2852 934 2893 sui
955 2852 1213 2906 phileryiam
1240 2851 1328 2893 siue
1348 2851 1626 2894 characterem
1641 2864 1722 2905 pro
1743 2851 1901 2893 usitata
