2032 3248
749 222 880 257 Liber
910 221 999 255 1111.
1535 225 1614 267 145

132 339 308 380 mundus
347 339 431 390 ipse
462 351 533 392 per
563 350 603 380 se
635 339 713 380 sibi
752 350 879 391 neque
919 338 1101 379 dexteras
1140 350 1269 391 neque
1307 339 1444 380 laeuas
1483 351 1610 391 neque

133 418 298 459 superas
327 407 510 460 regiones
541 418 668 459 neque
698 406 802 447 imas
833 418 960 458 neque
990 406 1145 448 anticas
1174 405 1297 448 habet
1328 418 1455 459 neque
1484 407 1613 459 posti-

133 487 210 517 cas.
256 475 448 528 quicquid
480 476 587 516 enim
617 478 723 516 teres
754 475 815 516 est
845 475 966 527 atque
997 487 1043 516 ex
1064 475 1173 516 omni
1203 477 1318 529 parte
1348 475 1615 517 rotunditatis

133 543 287 585 solidae
325 543 569 585 connexione
600 543 855 594 conclusum,
894 543 1054 584 nullum
1084 543 1206 585 habet
1235 544 1422 595 initium,
1453 544 1615 585 nullum

106 612 276 653 sfinem:
309 612 379 653 ubi
411 612 504 652 finis
534 613 574 653 et
601 612 766 653 initium
799 611 959 652 nullum
989 612 1068 661 est,
1108 624 1192 653 esse
1229 612 1364 665 aliqua
1393 612 1523 666 portio
1554 612 1617 653 sui

133 681 308 722 nominis
342 679 398 736 [et
428 679 608 736 initium]
643 693 722 721 non
752 681 900 732 potest.
946 681 1086 732 itaque
1117 693 1209 721 cum
1230 680 1422 722 dicimus:
1455 681 1616 722 dextera

134 750 233 791 haec
262 750 371 803 regio
403 751 464 790 est
500 747 504 803 Ι
539 750 580 790 et
610 748 682 790 illa
711 749 842 799 laeua,
875 761 952 790 non
983 748 1034 788 ad
1055 748 1197 789 mundi
1218 749 1406 790 habitum
1429 749 1615 799 dicimus,
1629 758 1651 791 f.
1665 758 1708 791 82

135 819 203 870 qui
226 818 288 860 sui
311 818 549 859 simillimus
570 818 681 858 totus
704 818 777 867 est,
801 817 872 859 sed
893 818 942 858 ad
958 816 1201 869 positionem
1216 818 1397 859 nostram
1413 817 1617 870 situmque

134 899 386 937 reuocamus,
426 887 495 939 qui
525 886 736 928 informati
768 887 825 928 sic
856 899 1018 936 sumus,
1059 888 1106 927 ut
1137 886 1219 927 alia
1250 887 1430 936 dextera,
1469 886 1548 928 alia
1578 886 1619 927 in

90 971 121 995 ιο
135 968 204 997 1103
245 956 433 997 dicantur
473 967 556 996 esse
596 955 732 996 laeua:
780 967 881 1007 quae
922 956 1061 996 tamen
1101 954 1198 996 haec
1227 954 1332 1008 ipsa,
1373 967 1475 1008 quae
1504 955 1621 996 laeua

135 1025 388 1077 appellamus
420 1025 460 1064 et
490 1024 665 1073 dextera,
697 1023 738 1063 in
772 1023 887 1064 nobis
918 1023 1022 1063 nihil
1050 1022 1200 1064 habent
1230 1025 1485 1076 perpetuum,
1518 1022 1623 1064 nihil

134 1093 279 1142 fixum,
321 1092 390 1133 sed
429 1093 548 1145 prout
578 1103 649 1133 nos
681 1103 798 1133 casus
834 1092 954 1143 atque
995 1092 1164 1132 euentus
1205 1091 1475 1132 conlocauerit
1514 1092 1623 1133 tem-

135 1161 262 1214 poris,
302 1161 360 1202 ita
401 1160 550 1201 nostris
589 1161 758 1201 sumunt
790 1159 839 1200 ab
870 1158 1068 1200 lateribus
1106 1159 1378 1213 figurationes.
1425 1159 1460 1200 31
1491 1159 1622 1201 011611-

136 1231 220 1271 tem
253 1230 379 1270 solem
411 1240 633 1281 respexero,
666 1228 783 1269 cardo
816 1227 919 1268 mihi
950 1227 1114 1281 frigoris
1146 1229 1186 1269 et
1217 1228 1434 1280 septentrio
1465 1228 1512 1270 fit
1541 1228 1623 1270 lae-

92 1311 234 1339 15111182
267 1298 309 1338 in
341 1310 461 1350 quem
492 1298 527 1339 si
548 1310 617 1338 ora
647 1297 876 1347 traduxero,
909 1296 987 1337 erit
1016 1296 1120 1337 mihi
1150 1297 1313 1338 sinister
1344 1309 1521 1347 occasus,
1552 1298 1623 1350 qui

137 1367 187 1408 ab
219 1367 301 1408 sole
331 1368 622 1419 posterganeus
654 1365 895 1406 habebatur.
942 1377 1081 1406 rursus
1112 1378 1206 1406 uero
1238 1365 1272 1406 si
1302 1365 1429 1407 iecero
1459 1366 1625 1419 plagam

136 1435 178 1475 in
208 1435 415 1476 occiduam
449 1434 624 1483 lumina,
657 1434 699 1475 in
730 1433 972 1475 uocabulum
1005 1432 1161 1475 sinistri
1200 1435 1337 1475 auster
1367 1434 1408 1475 et
1437 1434 1626 1476 meridies

136 1504 307 1544 transit:
353 1504 394 1544 in
426 1516 548 1556 quam
580 1503 614 1543 31
645 1515 710 1544 1116
741 1502 900 1555 partem
939 1502 1165 1543 necessaria
1201 1502 1395 1555 temporis
1427 1503 1624 1544 circume-

137 1572 243 1626 gerit
273 1572 396 1622 ratio,
428 1572 475 1612 fit
506 1573 553 1612 ut
583 1572 714 1612 oriens
745 1571 884 1612 laeuus
922 1571 1128 1611 inmutata
1158 1571 1335 1623 corporis
1367 1571 1628 1613 conuersione

94 1653 126 1679 20
139 1641 310 1682 dicatur.
361 1654 439 1693 qua
471 1653 517 1681 ex
547 1653 590 1680 re
620 1639 769 1692 poterit
799 1639 996 1680 facillime
1028 1639 1272 1692 recognosci,
1305 1651 1434 1692 neque
1464 1639 1628 1682 dextera

139 1722 267 1762 neque
298 1710 414 1750 laeua
445 1709 591 1749 natura
622 1721 707 1749 esse
744 1708 830 1749 ulla
861 1708 930 1748 sed
956 1707 1240 1759 positionibus,
1271 1707 1627 1761 361116111001111113,

140 1778 208 1819 sed
247 1779 366 1830 prout
406 1777 535 1818 nostri
573 1776 748 1829 corporis
787 1776 974 1817 habuerit
1005 1788 1045 1817 se
1077 1776 1181 1817 situs
1210 1788 1346 1817 rerum
1376 1777 1427 1818 ad
1458 1776 1628 1818 circum-

140 1846 335 1888 stantiam
367 1846 599 1886 collocatus.
646 1847 751 1897 quod
784 1858 875 1885 cum
906 1845 964 1885 ita
995 1857 1036 1886 se
1065 1844 1225 1896 habeat,
1260 1857 1434 1897 quanam
1463 1845 1629 1894 ratione,

141 1928 218 1967 quo
250 1916 367 1968 pacto
399 1914 656 1955 sinistrarum
688 1913 868 1967 partium
899 1913 957 1953 dii
988 1914 1123 1963 erunt,
1164 1926 1257 1954 cum
1288 1914 1448 1954 easdem
1479 1913 1631 1955 consti-

96 1997 127 2023 25
141 1984 241 2025 terit
271 1983 453 2037 regiones
484 1984 600 2023 modo
632 1983 816 2024 dexteras
848 1981 933 2022 fieri
964 1982 1083 2023 modo
1114 1982 1281 2024 laeuas?
1325 1982 1395 2023 aut
1430 1993 1507 2035 quo
1538 1983 1632 2023 dex-

142 2054 253 2094 terae
293 2052 530 2093 meruerunt
570 2051 618 2092 (lo
659 2050 965 2091 immortalibus
1005 2050 1068 2092 dis
1108 2052 1266 2104 partes,
1315 2052 1363 2092 ut
1406 2051 1493 2092 sine
1532 2051 1629 2092 ullis

188 2212 209 2243 3
234 2209 470 2244 rutunditatis
498 2212 530 2242 l>
687 2210 708 2242 6
731 2211 767 2242 ct
791 2209 934 2242 initium
959 2209 1087 2242 seclusi
1248 2209 1266 2241 7
1292 2208 1446 2242 dicemus
1472 2209 1545 2242 Sal)

145 2269 165 2302 9
191 2269 225 2301 111
252 2267 352 2301 nobis
379 2267 477 2300 Salm
502 2278 556 2299 om
589 2266 657 2299 Urs
819 2267 859 2298 11
886 2265 1026 2299 dextera
1052 2265 1223 2299 Zinkius:
1255 2265 1426 2299 dextralia
1450 2266 1483 2298 P
1512 2265 1632 2299 dextra

146 2326 216 2358 alia
234 2337 252 2358 r
279 2325 416 2358 dextera
441 2324 510 2356 alia
530 2324 600 2356 Sal>
625 2323 766 2357 dextera,
783 2323 871 2357 alias
890 2324 990 2356 8111111Υ
1127 2322 1257 2356 habent
1276 2322 1367 2355 Sal).-
1393 2322 1498 2356 habct
1515 2324 1548 2355 P

148 2384 190 2415 125
209 2382 338 2415 nostris
358 2382 440 2416 Sub.
461 2392 496 2413 r:
514 2380 626 2413 nostri
645 2382 676 2412 P
791 2382 832 2413 15
850 2391 991 2414 occasus
1010 2381 1042 2412 P
1155 2380 1196 2413 16
1215 2380 1257 2413 ab
1275 2380 1356 2423 sole]
1378 2382 1459 2413 ante
1479 2380 1546 2415 Urs

147 2440 341 2473 habebatur
373 2439 459 2471 Urs.-
492 2438 680 2471 habebitur
707 2439 738 2469 P
874 2438 913 2470 17
941 2437 1116 2470 occiduam
1145 2437 1237 2470 Sal).-
1262 2437 1406 2470 occidua
1431 2437 1464 2468 P
1599 2437 1635 2470 in

148 2498 219 2531 aad
239 2498 333 2530 Salvi
475 2495 636 2529 meridies
656 2495 747 2527 Sczb:
772 2494 917 2527 meridie
936 2496 968 2526 P
1104 2495 1146 2527 18
1170 2494 1312 2536 transit]
1338 2494 1456 2527 trahet
1474 2494 1546 2528 Sab

148 2566 250 2598 quam
278 2555 368 2589 Sub:
394 2564 461 2597 qua
487 2554 519 2584 P
657 2555 788 2595 partem
808 2553 896 2584 Sab:
924 2554 1020 2594 parte
1046 2553 1079 2583 P
1214 2553 1258 2584 20
1283 2561 1391 2594 neque
1415 2551 1557 2584 dextera
1582 2560 1637 2584 om

149 2613 219 2648 Sub
379 2613 420 2644 21
449 2609 683 2654 pesitiouiljus
710 2612 743 2642 et
770 2609 986 2652 temporibus
1013 2611 1047 2642 et
1073 2609 1234 2648 Zmlcius,
1260 2619 1359 2651 quem
1385 2612 1524 2641 secutus
1547 2618 1635 2647 sune,

148 2670 219 2703 ocis-t
245 2669 338 2712 quad·
362 2680 438 2702 cum
465 2668 610 2701 Oclzlcro
629 2668 680 2700 bis
706 2672 740 2699 et
767 2667 803 2699 in
831 2666 886 2699 sed
911 2667 1070 2699 cormaci.-
1097 2666 1280 2709 positionis
1307 2667 1341 2698 et
1366 2665 1531 2708 temporis
1557 2666 1591 2697 ot
1608 2665 1642 2696 P

150 2727 335 2770 positionis
361 2733 395 2759 et
421 2725 587 2768 temporis
616 2724 747 2757 11111011(-
766 2726 800 2756 et
820 2724 875 2756 uel
894 2724 1066 2767 positione
1085 2726 1118 2756 et
1137 2727 1290 2766 tempore
1308 2726 1343 2755 et
1361 2722 1549 2756 ssleecrsius

151 2784 194 2817 22
219 2783 359 2816 haberit
384 2784 415 2814 Γ
439 2794 518 2815 carr
656 2782 698 2814 23
725 2781 814 2814 ratio
841 2782 872 2812 P
895 2792 974 2814 corr
1118 2781 1160 2813 ²25
1185 2780 1370 2823 religiones
1398 2779 1470 2813 Sao
1495 2789 1576 2813 corr
1602 2779 1639 2812 m

154 2852 210 2874 err
325 2851 392 2883 quo
411 2839 719 2874 Ilc'ldcbrandius:
746 2838 837 2882 quod
854 2840 886 2871 P
908 2838 989 2882 quid
1008 2838 1079 2872 Sao
1193 2838 1236 2871 26
1254 2837 1307 2870 dis
1327 2838 1364 2870 in
1381 2836 1449 2870 diis
1467 2847 1547 2870 corr
1564 2838 1597 2869 P

294 2909 352 2942 lV.
1462 2906 1505 2938 10
