2032 3248
338 234 488 266 XCVIII
886 220 1087 256 Caecilii
1113 220 1332 266 Cypriani

339 329 526 371 caelestis
557 327 789 370 animaret?
817 327 920 368 bene
949 326 1050 368 bene
1079 327 1178 368 tunc
1200 327 1241 368 et
1263 339 1358 368 uere
1388 316 1633 380 spiritaliter
1662 327 1854 382 contigit,

338 398 446 452 quod
475 398 541 439 uir
569 397 822 439 necessarius
852 397 940 438 tam
970 396 1117 437 multis
1148 397 1298 438 ettam
1328 391 1445 437 bonis
1474 397 1596 438 rebus
1618 410 1640 438 a
1661 396 1855 450 martyrii

339 467 690 510 consummatione
713 465 867 508 dilatus
889 467 965 507 est.
987 465 1118 507 uultis
1141 465 1244 507 scire
1265 477 1472 507 secessum
1488 466 1612 507 illum
1629 478 1710 507 non
1727 465 1855 508 fuisse

339 536 634 584 formidinem?
657 536 705 577 ut
725 536 831 578 nihil
853 535 969 578 aliud
990 548 1193 586 excusem,
1217 535 1304 588 ipse
1325 535 1590 588 postmodum
1611 547 1755 590 passus
1778 536 1853 586 est,

340 619 464 660 quam
495 605 729 659 passionem
750 606 895 658 utique
917 618 964 647 ex
984 616 1097 646 more
1118 605 1287 655 uitaret,
1317 605 1353 646 si
1375 606 1416 647 et
1437 605 1531 646 ante
1552 606 1739 647 uitasset.
1771 605 1883 664 suite

340 689 434 718 uere
475 675 652 718 formido
688 675 765 717 illa
801 674 873 717 sed
908 675 1031 725 iusta,
1072 674 1248 717 formido
1286 688 1390 729 quae
1424 675 1651 717 Dominum
1685 676 1855 718 timeret

339 746 557 797 offendere,
588 745 765 787 formido
796 758 898 799 quae
919 745 1149 799 praeceptis
1170 744 1249 786 Dei
1270 744 1417 786 mallet
1439 744 1620 798 obsequi,
1651 757 1775 798 quam
1797 746 1855 787 sic

343 815 540 858 coronari.
574 815 711 857 dicata
733 815 845 856 enim
865 815 908 856 in
930 814 1121 856 omnibus
1142 815 1229 856 Deo
1254 827 1371 856 mens
1393 815 1434 856 et
1454 814 1513 856 sic
1534 815 1584 875 de
1606 814 1760 856 diuinis
1782 814 1855 856 ad-

339 886 638 928 monitionibus
668 886 905 939 mancipata
934 885 1111 927 credidit
1133 897 1188 937 se,
1219 884 1300 926 nisi
1321 885 1498 927 Domino
1527 885 1734 928 latebram
1755 885 1855 927 tunc

339 955 500 997 iubenti
520 955 737 1009 paruisset,
762 955 891 997 etiam
911 956 1002 1010 ipsa
1023 955 1209 1009 passione
1230 967 1411 1008 peccare.
1868 969 1901 994 ιο

302 1024 324 1064 8
398 1024 506 1066 Puto
536 1025 711 1078 denique
740 1025 976 1067 etiamnunc
996 1024 1136 1077 aliqua
1157 1023 1206 1066 de
1227 1024 1439 1066 dilationis
1461 1024 1648 1066 utilitate
1670 1023 1854 1075 dicenda,

339 1094 511 1136 tametsi
533 1094 618 1136 iam
641 1095 798 1136 dudum
818 1106 949 1148 pauca
969 1094 1295 1147 perstrinximus
1330 1094 1431 1136 dum
1453 1094 1563 1136 enim
1585 1107 1687 1148 quae
1708 1094 1854 1136 uiden-

339 1164 409 1205 tur
458 1164 723 1217 postmodum
773 1164 993 1206 subsecuta
1041 1164 1254 1215 satiamus,
1306 1164 1492 1217 sequitur
1533 1165 1580 1205 ut
1620 1164 1852 1218 probemus,

340 1246 547 1276 secessum
568 1234 691 1275 illum
712 1245 792 1275 non
813 1233 992 1275 hominis
1014 1234 1251 1287 pusillitate
1273 1234 1530 1287 conceptum,
1553 1233 1624 1275 sed
1646 1233 1770 1275 sicuti
1792 1234 1855 1275 est

339 1316 435 1345 uere
464 1303 592 1346 fuisse
623 1303 827 1345 diuinum.
858 1303 1095 1346 uastauerat
1123 1304 1322 1358 populum
1352 1303 1649 1358 persecutionis
1678 1302 1852 1345 infestae
1867 1318 1899 1342 15

338 1373 520 1415 insolens
542 1374 664 1427 atque
686 1373 831 1415 acerba
853 1373 1069 1428 grassatiO,
1092 1373 1220 1427 etqui
1242 1385 1381 1415 omnes
1404 1373 1587 1427 decipere
1608 1387 1690 1415 una
1712 1373 1854 1415 fraude

338 1455 418 1484 non
446 1443 609 1497 poterat
637 1442 788 1484 artifex
807 1442 952 1494 hostis,
983 1455 1241 1496 quacumque
1263 1443 1384 1484 miles
1406 1443 1596 1485 incautus
1617 1443 1854 1497 prodiderat

338 1512 450 1553 latus
481 1512 653 1562 nudum,
692 1512 848 1565 dispari
879 1525 1025 1568 genere
1056 1513 1266 1554 saeuiendi
1298 1513 1484 1568 singulos
1516 1513 1681 1555 diuersa
1715 1514 1853 1567 strage

340 1580 554 1623 deiecerat.
588 1581 763 1623 debebat
793 1594 880 1623 esse
909 1582 980 1635 qui
1008 1582 1146 1635 posset
1174 1582 1333 1623 saucios
1361 1582 1546 1624 homines
1577 1583 1617 1624 et
1646 1583 1762 1624 uaria
1784 1577 1878 1623 eir-⁴

339 1650 564 1704 pugnantis
606 1651 767 1693 inimici
803 1652 891 1693 arte
926 1651 1127 1693 iaculatos
1168 1650 1356 1692 adhibita
1395 1651 1622 1693 medicinae
1663 1651 1852 1693 caelestis
1867 1667 1900 1692 ρο

340 1719 520 1761 medella
555 1731 628 1774 pro
665 1720 867 1773 qualitate
902 1720 1086 1762 uulneris
1123 1721 1191 1762 uel
1227 1733 1364 1762 secare
1399 1721 1570 1763 interim
1600 1721 1668 1763 uel
1700 1721 1852 1763 fouere.

340 1791 528 1832 seruatus
559 1791 620 1832 est
654 1790 721 1832 uir
751 1790 909 1845 ingenii
945 1791 1108 1843 praeter
1141 1791 1274 1832 cetera
1306 1791 1428 1832 etiam
1465 1791 1714 1844 spiritaliter
1745 1791 1854 1832 tem-

339 1859 484 1911 perati,
527 1859 598 1913 qui
634 1860 741 1901 inter
777 1859 1024 1901 resultantes
1062 1859 1359 1901 confidentium
1390 1860 1662 1902 schismatum
1702 1859 1854 1901 fluctus

410 2022 430 2055 1
447 2022 605 2056 animare
622 2034 653 2056 w
795 2023 882 2057 bene
899 2034 963 2058 om.
985 2034 1042 2068 wy,
1176 2023 1393 2068 spiritalium
1418 2023 1450 2057 T
1581 2022 1760 2066 contingit
1778 2033 1809 2055 w

338 2079 360 2113 2
378 2080 575 2114 necessario
593 2081 641 2115 T2
735 2083 770 2115 et
786 2082 875 2126 tam]
892 2081 1000 2115 etiam
1013 2093 1072 2126 wit
1166 2081 1188 2115 3
1201 2081 1343 2115 dalatus
1362 2082 1393 2116 T
1407 2082 1497 2125 (non
1516 2082 1546 2124 ἰ)
1641 2080 1766 2114 multis
1779 2092 1808 2113 w

338 2136 362 2170 4
381 2136 480 2171 aliud
497 2138 584 2182 quid
606 2139 639 2173 T
770 2150 931 2173 excusam
948 2151 979 2173 w
1115 2140 1137 2174 5
1154 2140 1268 2174 uitare
1288 2140 1320 2173 T
1456 2139 1476 2173 6
1494 2150 1574 2173 11010
1595 2140 1633 2181 Τ,
1651 2149 1732 2173 11010
1750 2150 1809 2183 wa

341 2193 402 2228 sed
419 2195 515 2229 iusta
533 2195 685 2231 formido
701 2207 766 2231 om.
787 2208 818 2231 w
939 2197 1081 2231 domino
1101 2199 1134 2232 Τ
1255 2198 1274 2231 7
1293 2197 1483 2232 offenderet
1502 2198 1534 2231 T
1648 2197 1760 2230 malet
1777 2208 1808 2230 w

341 2262 448 2295 (1113111
465 2253 528 2298 sic]
548 2263 653 2297 quem
671 2254 701 2288 si
724 2256 757 2288 T
892 2254 914 2289 8
932 2255 1028 2289 dicat
1049 2256 1083 2290 T
1210 2256 1246 2289 in
1265 2266 1327 2290 om.
1353 2256 1386 2290 T
1512 2256 1543 2289 si
1561 2255 1603 2289 de
1624 2255 1664 2296 T,
1682 2254 1767 2289 fides
1785 2266 1855 2298 μω,

341 2309 392 2343 sic
407 2320 429 2343 v
567 2311 588 2345 9
606 2312 823 2356 mancipiata
842 2312 874 2346 T
1011 2314 1047 2347 et
1063 2313 1134 2347 nisi
1151 2325 1181 2348 w
1313 2313 1450 2348 latebra
1468 2324 1526 2358 1ομ
1667 2323 1759 2346 1111110
1779 2312 1813 2346 T

342 2366 387 2400 10
403 2367 544 2402 iuuenti
567 2370 606 2410 T,
625 2369 749 2403 uiuens
767 2381 826 2414 1ομ
998 2371 1174 2415 peruisset
1192 2373 1227 2405 et
1245 2371 1317 2405 iam
1335 2383 1366 2406 w
1536 2372 1696 2415 peccaret
1718 2372 1807 2414 Twu

342 2424 385 2457 11
405 2424 566 2470 dicenda]
585 2425 788 2461 disserenda
804 2439 825 2462 v
972 2428 1015 2462 12
1033 2428 1130 2474 dum]
1149 2440 1210 2474 per
1228 2429 1313 2463 haec
1330 2441 1351 2464 v
1491 2438 1596 2473 quem
1613 2428 1757 2463 uidetur
1779 2428 1812 2463 T

342 2482 387 2515 13
404 2482 577 2517 satiamus
599 2485 637 2525 T,
663 2484 835 2519 faciamus
852 2489 877 2527 t,
907 2486 1102 2521 sentiamus
1119 2487 1202 2528 FL,
1231 2487 1383 2521 sciamus
1403 2498 1472 2531 τυμ,
1502 2496 1566 2520 om.
1587 2498 1623 2529 υς
1655 2486 1699 2520 cle
1724 2486 1856 2520 satiare

341 2538 387 2580 cf.
406 2540 566 2575 indicem
659 2542 704 2576 14
719 2543 1022 2587 pusillanimitate
1039 2556 1060 2580 v
1153 2545 1266 2579 secuti
1288 2545 1320 2580 T
1411 2545 1455 2579 15
1470 2543 1525 2578 dei
1542 2544 1712 2587 populum
1730 2555 1810 2588 ωμυ

341 2596 495 2632 infectae
517 2600 549 2634 T
648 2600 692 2635 16
710 2611 833 2635 3001113
854 2602 887 2636 T
903 2603 994 2645 (non
1011 2603 1041 2646 t)
1143 2602 1313 2636 crassatio
1331 2613 1389 2646 1ομ
1490 2601 1552 2646 (1111
1571 2602 1610 2643 T,
1630 2602 1713 2646 quia
1730 2612 1811 2646 ωμυ

343 2654 385 2688 17
405 2664 660 2701 quemcumque
678 2658 712 2692 T
850 2659 1030 2703 prodierat
1053 2662 1086 2693 T
1228 2661 1272 2695 18
1288 2659 1398 2704 latus]
1417 2659 1533 2693 laetus
1554 2659 1586 2693 T
1722 2659 1856 2704 dispari

341 2713 480 2756 genere]
499 2713 720 2759 dispamgere
741 2717 777 2758 T,
796 2716 999 2762 dispargere
1016 2722 1030 2752 t
1178 2718 1221 2752 19
1238 2719 1273 2752 et
1290 2728 1353 2752 om.
1378 2718 1411 2752 T
1546 2717 1760 2762 expugnatis
1780 2718 1813 2751 T

341 2769 388 2803 20
403 2769 549 2805 inimica
567 2772 600 2805 T
697 2773 741 2807 21
759 2773 897 2808 medela
914 2786 979 2816 wv,
996 2774 1167 2810 medellas
1186 2775 1219 2809 T
1310 2785 1425 2809 secure
1441 2785 1472 2808 w
1572 2775 1617 2809 22
1634 2775 1689 2808 uir
1705 2775 1854 2820 ingenii]

343 2826 499 2870 uirginei
516 2842 541 2872 μ
692 2832 843 2876 praeter]
861 2834 1004 2877 propter
1022 2843 1054 2867 w
1204 2832 1419 2877 temperanti
1440 2833 1478 2873 T,
1498 2832 1732 2876 temperantis
1750 2844 1808 2877 ωμ

341 2885 387 2919 23
404 2885 543 2922 fructus
560 2899 591 2923 w
