2032 3248
362 233 412 275 18
764 231 953 266 Arnobii
986 231 1200 266 aduersus
1232 231 1436 266 nationes

357 347 453 389 sari,
498 347 596 389 haec
626 347 752 388 totius
783 358 944 389 summa
974 348 1037 389 est
1068 347 1258 400 actionis,
1291 347 1356 388 hic
1385 347 1614 400 propositus
1644 346 1842 387 terminus

357 415 591 457 diuinorum
621 415 871 467 officiorum,
904 415 970 457 hic
1001 415 1118 468 finis,
1150 415 1246 457 huic
1276 427 1416 457 omnes
1448 427 1493 456 ex
1524 426 1635 457 more
1664 416 1842 469 proster-

357 484 512 534 nimur,
560 484 667 526 hunc
711 483 885 526 conlatis
931 484 1118 537 precibus
1163 484 1399 535 adoramus,
1447 484 1497 525 ab
1543 484 1617 526 hoc
1655 484 1765 525 iusta
1803 484 1843 525 et

356 555 521 595 honesta
551 553 591 595 et
626 552 787 594 auditui
828 552 914 595 eius
959 553 1158 607 condigna
1206 553 1479 606 deposcimus,
1527 563 1606 594 non
1643 564 1719 606 quo
1758 553 1843 605 ipse

354 622 555 664 desideret
600 622 802 676 supplices
847 634 919 664 nos
959 634 1043 664 esse
1084 623 1155 664 aut
1194 623 1304 664 amet
1348 621 1555 663 substerni
1585 622 1648 663 tot
1678 621 1844 662 milium
1876 637 1888 660 5

355 691 657 733 uenerationem
688 690 849 732 uidere:
880 690 1043 732 utilitas
1064 691 1162 733 haec
1182 692 1322 733 nostra
1343 691 1405 732 est
1427 691 1469 732 et
1490 689 1695 732 commodi
1715 690 1841 732 nostri

354 759 552 802 rationem
591 759 788 813 spectans.
840 771 935 800 nam
974 759 1069 812 quia
1106 759 1221 812 proni
1252 759 1303 801 ad
1334 759 1473 812 culpas
1504 758 1546 800 et
1576 759 1626 800 ad
1656 758 1843 800 libidinis

355 828 487 870 uarios
517 827 724 881 adpetitus
756 827 857 869 uitio
889 839 1030 868 sumus
1060 827 1313 869 infirmitatis
1355 827 1579 882 ingenitae,
1619 827 1774 881 patitur
1803 839 1845 869 se

354 910 513 951 semper
543 896 694 938 nostris
725 895 1041 951 cogitationibus
1062 895 1218 949 concipi
1249 897 1306 948 ut,
1343 896 1440 938 dum
1462 895 1585 938 illum
1614 908 1775 938 oramus
1804 898 1845 938 et

355 967 498 1008 mereri
529 967 614 1008 eius
648 965 933 1007 contendimus
970 977 1160 1016 munera,
1205 965 1452 1020 accipiamus
1491 965 1742 1008 innocentiae
1773 977 1891 1008 uo-1o

355 1036 558 1077 luntatem
587 1036 628 1078 et
658 1035 708 1077 ab
739 1034 850 1076 omni
881 1046 952 1076 nos
983 1034 1074 1077 16116
1096 1034 1341 1077 delictorum
1363 1034 1546 1077 omnium
1566 1035 1846 1089 amputatione

289 1111 340 1150 28
355 1116 587 1159 purgemus.
634 1103 731 1158 quid
762 1104 897 1146 dicitis
929 1117 950 1146 o
981 1104 1106 1157 sacri,
1147 1104 1244 1158 quid
1280 1105 1411 1146 diuini
1447 1104 1687 1158 interpretes
1717 1103 1847 1145 iuris?

355 1172 586 1215 meliorisne
623 1174 718 1215 sunt
759 1185 920 1223 causae,
967 1172 1037 1225 qui
1074 1173 1324 1217 Grundulios
1360 1174 1530 1216 adorant
1571 1173 1716 1225 LareS‚
1747 1172 1846 1214 Aios

354 1241 555 1293 Locutios‚
588 1241 858 1292 Limentinos‚
891 1253 1013 1294 quam
1046 1253 1187 1283 sumus
1217 1253 1289 1283 nos
1310 1254 1463 1293 omnes,
1496 1242 1566 1295 qui
1597 1242 1717 1283 deum
1748 1242 1845 1283 0011-

355 1323 445 1352 mus
482 1322 617 1352 rerum
656 1311 814 1364 patrem
852 1310 973 1363 atque
1012 1310 1062 1352 ab
1102 1323 1146 1352 eo
1178 1310 1432 1363 deposcimus
1464 1311 1584 1353 rebus
1611 1310 1728 1352 fessis
1759 1310 1845 1352 lan·
1861 1325 1891 1350 15

353 1379 651 1434 guentibusque
689 1379 923 1421 tutamina?
972 1380 1013 1422 et
1050 1379 1114 1421 illi
1162 1380 1242 1422 cati
1293 1380 1495 1433 sapientes
1539 1379 1845 1434 prudentissimi

354 1448 469 1490 uobis
509 1448 698 1490 uidentur
745 1461 818 1490 nec
866 1449 1189 1503 reprehensionis
1241 1449 1393 1500 ullius,
1439 1449 1509 1503 qui
1549 1449 1731 1501 Faunos,
1777 1447 1846 1502 qui

353 1518 504 1560 Fatuas
555 1516 854 1570 ciuitatumque
902 1518 1063 1572 genios,
1115 1518 1184 1572 qui
1224 1518 1403 1560 Pauores
1446 1519 1683 1560 reuerentur
1727 1519 1847 1571 atque

353 1587 562 1629 Bellona-s:
614 1598 685 1628 1106
729 1586 893 1628 hebetes
938 1586 1077 1628 stolidi
1114 1586 1219 1628 fatui
1256 1586 1419 1628 obtunsi
1455 1587 1768 1640 pronuntiamur
1806 1588 1847 1629 et

354 1655 478 1706 bruti,
510 1654 580 1708 qui
611 1653 842 1696 dedidimus
873 1666 944 1697 nos
967 1654 1052 1705 deo,
1085 1655 1200 1697 cuius
1221 1654 1325 1697 nutu
1347 1657 1388 1697 et
1409 1655 1579 1698 arbitrio
1602 1667 1719 1697 omne
1740 1655 1846 1709 quod
1859 1669 1891 1694 20

355 1724 416 1766 est
436 1723 595 1766 constat
617 1724 658 1765 et
679 1722 722 1765 in
744 1722 973 1765 sententiae
995 1735 1090 1765 suae
1112 1724 1387 1778 perpetuitate
1410 1723 1589 1766 defixum
1611 1725 1703 1766 est?
1724 1725 1845 1766 hanc-

354 1793 442 1835 cine
473 1791 720 1834 sententiam
750 1792 960 1846 promitis,
1003 1792 1109 1834 hanc
1139 1793 1273 1847 legem
1305 1793 1580 1845 constituitis,
1622 1794 1722 1835 hanc
1752 1807 1845 1847 pro-

355 1862 572 1917 mulgatis,
604 1861 651 1902 ut
679 1861 899 1903 honoribus
931 1861 1145 1903 adficiatur
1176 1861 1444 1915 amplissimis
1475 1862 1660 1915 quisquis
1690 1863 1846 1904 uestros

262 1941 284 1974 f.
299 1943 341 1974 10
354 1931 584 1973 adorauerit
614 1930 817 1973 seruulos:
855 1943 1014 1973 crucem
1045 1934 1249 1973 mereatur
1279 1934 1501 1973 extremam
1528 1930 1533 1986 Ι
1560 1931 1742 1985 quisquis
1774 1942 1845 1973 uo-

357 2001 418 2043 bis
448 2000 548 2053 ipsis
578 1999 753 2042 dominis
783 1999 1051 2054 supplicarit?
1091 2000 1133 2042 in
1164 2000 1404 2042 ciuitatibus
1434 2000 1624 2042 maximis
1653 2001 1774 2054 atque
1802 2000 1845 2041 in
1859 2009 1890 2035 2⁵

355 2069 649 2123 potentioribus
699 2069 860 2123 populis
909 2081 1024 2111 sacra
1072 2069 1235 2122 publice
1284 2069 1390 2111 fiunt
1436 2069 1579 2111 scortis
1625 2069 1845 2111 meritoriis

356 2138 560 2192 quondam
590 2138 712 2191 atque
733 2137 776 2179 111
798 2138 1007 2193 uolgarem
1030 2138 1245 2180 libidinem
1266 2138 1521 2192 prostitutis:
1553 2137 1690 2180 nullus
1711 2138 1847 2179 tumor

356 2206 650 2261 indignationis
680 2207 722 2249 in
753 2206 832 2248 diis
869 2207 942 2248 est.
994 2207 1151 2260 templa
1188 2206 1363 2249 faelibus
1401 2207 1602 2249 scarabeis
1641 2208 1682 2248 et
1719 2206 1846 2248 bucu-

404 2401 422 2434 1
447 2399 646 2444 propositus
673 2399 765 2434 Sab:
806 2399 996 2444 propositis
1021 2399 1056 2433 P
1192 2400 1213 2434 2
1238 2382 1293 2433 Hic
1318 2399 1398 2433 finis
1425 2399 1458 2433 P
1595 2400 1847 2444 prosternimur

358 2457 450 2492 Sab:
488 2457 746 2502 prosternimus
770 2457 805 2491 P
956 2458 977 2491 3
1002 2457 1144 2491 conlatis
1171 2457 1206 2491 P
1355 2456 1535 2501 praecibus
1561 2457 1596 2490 P
1741 2457 1764 2491 4
1787 2468 1846 2491 au-

358 2514 437 2548 ditu
463 2514 535 2549 Sab
672 2515 694 2549 6
718 2514 853 2549 comodi
879 2515 914 2549 P
933 2525 1013 2549 corr
1037 2526 1056 2549 ν
1196 2514 1214 2547 7
1240 2513 1399 2548 libidinis
1425 2514 1516 2548 Sab:
1540 2513 1704 2548 libidines
1722 2515 1757 2548 P

360 2572 402 2605 12
426 2571 513 2606 iuris
544 2572 731 2607 Gel:>ui1·i
757 2573 792 2607 P
930 2573 972 2607 13
996 2572 1195 2607 Grundules
1222 2571 1293 2606 Sab
1433 2571 1549 2613 Lares,
1573 2570 1658 2605 Aios
1683 2571 1846 2605 Locutios

365 2627 449 2663 Gel:
489 2629 611 2664 lai-esa.
637 2630 759 2665 iaceos.
784 2629 951 2664 boeotios.
976 2632 1007 2672 (e
1031 2630 1072 2664 in
1095 2630 1209 2663 iaceos
1234 2639 1279 2663 επ
1303 2627 1338 2672 f)
1364 2628 1400 2662 P
1430 2627 1546 2670 Lares,
1572 2628 1729 2670 Aiaceos,
1759 2628 1846 2663 Boe-

358 2687 427 2720 tios
447 2686 519 2721 Sab
648 2687 690 2722 14
716 2687 932 2723 Limentinos
956 2687 1046 2723 Urs:
1070 2687 1263 2722 libentinos
1279 2686 1314 2720 P
1444 2686 1485 2720 16
1509 2685 1705 2719 tutamiaena
1722 2686 1757 2720 P

360 2742 403 2777 18
432 2744 567 2779 statuas
594 2744 666 2779 Sab
843 2745 1098 2790 ciuitatumque
1122 2745 1158 2779 P
1329 2743 1459 2788 genios,
1491 2743 1550 2786 qui
1576 2742 1669 2777 Sao.-
1708 2742 1845 2787 geniosi

359 2799 390 2833 si
416 2801 451 2834 P
587 2801 738 2836 Pauores
762 2802 910 2846 scripsi:
950 2813 1074 2847 pausos
1100 2803 1135 2836 P
1174 2802 1287 2836 Panas
1318 2800 1476 2846 Guyetus
1614 2800 1657 2834 19
1681 2799 1843 2834 haebetes

360 2856 414 2901 (66
439 2868 484 2892 ex
508 2859 537 2897 e)
565 2859 599 2892 P
734 2859 775 2893 21
801 2859 961 2894 hanccine
987 2860 1021 2894 P
1158 2859 1199 2893 27
1226 2858 1407 2902 uulgarem
1434 2858 1495 2901 (uu
1521 2868 1566 2891 em
1593 2859 1648 2900 uo)
1676 2858 1710 2891 P
