2032 3248
344 237 439 267 XCII
882 223 1079 258 Caecilii
1113 223 1329 269 Cypriani

341 329 430 370 eius
451 328 636 379 interfui,
660 329 695 370 si
713 341 793 382 qua
815 328 864 370 de
880 328 1183 381 antiquioribus
1201 328 1394 382 comperi,
1418 328 1567 380 dicam,
1590 330 1694 371 hanc
1715 331 1856 372 tamen

344 398 489 451 petens
523 397 702 448 ueniam,
741 398 788 438 ut
819 397 1014 451 quicquid
1047 397 1184 439 minus
1219 397 1356 439 dixero
1394 397 1547 452 (minus
1578 399 1689 440 enim
1719 398 1856 442 dicam

344 478 507 508 necesse
521 467 599 520 est)
613 466 871 521 ignorantiae
888 478 1003 508 meae
1020 466 1158 520 potius
1176 479 1299 519 quam
1316 466 1431 508 illius
1449 467 1605 522 gloriae
1623 467 1855 522 derogetur.

343 535 454 576 inter
472 534 571 577 fidei
593 547 690 577 suae
711 535 846 588 prima
863 535 1098 576 rudimenta
1115 534 1221 576 nihil
1238 535 1354 577 aliud
1373 535 1551 577 credidit
1563 536 1648 578 Deo
1666 536 1841 591 dignum
1845 578 1856 599 ⁷

344 617 470 658 quam
492 605 527 646 si
549 604 845 646 continentiam
867 605 1064 646 tueretur.
1097 605 1197 646 tunc
1219 604 1329 646 enim
1350 616 1467 658 posse
1488 604 1682 646 idoneum
1703 605 1792 648 fieri
1815 607 1856 649 et
1870 619 1884 644 ⁵

344 674 490 727 pectus
508 674 549 715 et
566 685 732 715 sensum
749 674 799 715 ad
817 674 983 726 plenam
1005 673 1093 715 ueri
1115 673 1401 726 capacitatem,
1425 673 1461 716 si
1483 673 1859 727 concupiscentiam

346 742 482 784 carnis
513 742 680 783 robusto
711 743 835 795 atque
864 742 1025 796 integro
1055 742 1353 784 sanctimoniae
1381 743 1521 784 tenore
1543 743 1730 785 calcaret.
1767 744 1859 797 quis

346 824 547 865 umquam
587 811 696 853 tanti
732 811 926 852 miraculi
963 811 1185 853 meminit?
1226 811 1408 853 nondum
1445 811 1621 854 secunda
1655 812 1859 855 natiuitas

350 893 505 922 nouum
533 880 742 922 hominem
773 880 985 934 splendore
1014 881 1102 922 toto
1126 880 1290 922 diuinae
1311 880 1416 922 lucis
1438 880 1688 932 oculauerat,
1712 882 1753 923 et
1773 881 1858 923 iam

347 949 507 991 ueteres
528 960 575 989 ac
595 948 793 1003 pristinas
814 949 1004 991 tenebras
1027 949 1113 991 sola
1134 950 1240 991 lucis
1261 951 1456 1003 paratura
1477 949 1680 992 uincebat,
1711 950 1859 992 deinde
1874 962 1908 988 10

347 1018 456 1071 quod
488 1019 622 1061 maius
656 1019 730 1073 est,
764 1031 858 1061 cum
881 1018 930 1061 de
950 1018 1124 1060 lectione
1157 1018 1298 1060 diuina
1330 1018 1533 1072 quaedam
1564 1018 1649 1060 iam
1682 1031 1762 1060 non
1790 1030 1862 1073 pro

347 1087 583 1129 condicione
612 1087 812 1130 nouitatis
841 1088 913 1130 sed
941 1101 1013 1142 pro
1042 1087 1139 1129 fidei
1167 1087 1433 1130 festinatione
1463 1087 1691 1139 didicisset,
1715 1087 1861 1130 statim

348 1156 487 1210 rapuit
515 1157 623 1210 quod
653 1157 817 1199 inuenit
845 1157 1112 1211 promerendo
1135 1156 1312 1199 Domino
1341 1156 1619 1211 profuturum.
1653 1157 1863 1199 distractis

350 1225 473 1268 rebus
510 1225 595 1268 suis
628 1226 680 1267 ad
713 1225 994 1280 indigentium
1028 1227 1255 1268 multorum
1288 1238 1430 1280 pacem
1462 1226 1746 1268 sustinendam
1776 1226 1865 1268 tota

349 1307 474 1348 prope
495 1295 629 1349 pretia
650 1295 888 1349 dispensans
910 1295 990 1337 duo
1011 1295 1116 1337 bona
1138 1295 1264 1337 simul
1282 1295 1428 1346 iunxit,
1462 1296 1509 1337 ut
1531 1296 1572 1337 et
1593 1295 1862 1337 ambitionem
1877 1311 1909 1336 15

355 1363 510 1405 saeculi
552 1365 761 1417 sperneret
798 1377 878 1417 qua
915 1364 1185 1418 perniciosius
1221 1364 1328 1406 nihil
1363 1365 1425 1406 est
1461 1366 1502 1406 et
1537 1364 1865 1407 misericordiam

352 1446 478 1486 quam
500 1433 611 1474 Deus
645 1433 775 1475 etiam
808 1433 1020 1477 sacrificiis
1051 1433 1138 1476 suis
1167 1434 1380 1488 praetulit,
1418 1447 1543 1487 quam
1574 1446 1647 1477 nec
1675 1433 1759 1485 ille,
1794 1433 1864 1487 qui

353 1501 459 1556 legis
481 1501 618 1543 omnia
639 1502 839 1544 mandata
860 1514 1044 1545 seruasse
1065 1515 1108 1544 se
1129 1502 1290 1545 dixerat
1312 1503 1422 1554 fecit,
1445 1503 1652 1558 impleret,
1684 1503 1726 1545 et
1745 1514 1863 1557 prae-

352 1584 525 1626 propera
546 1570 768 1614 uelocitate
788 1572 960 1625 pietatis
981 1585 1108 1627 paene
1131 1572 1225 1613 ante
1247 1572 1383 1626 coepit
1403 1571 1609 1626 perfectus
1632 1584 1719 1614 esse
1736 1585 1862 1625 quam

356 1640 545 1683 disceret.
579 1640 671 1693 quis
700 1652 768 1681 oro
798 1641 847 1682 de
871 1641 1080 1683 ueteribus
1108 1640 1184 1683 hoc
1213 1641 1341 1683 fecit?
1370 1642 1462 1695 quis
1487 1641 1536 1683 de
1558 1640 1861 1694 antiquissimis
1875 1653 1910 1678 20

353 1710 397 1751 in
432 1709 512 1751 fide
548 1709 728 1760 senibus,
766 1721 940 1763 quorum
977 1711 1136 1752 mentes
1167 1711 1209 1752 et
1240 1723 1359 1753 aures
1394 1723 1466 1764 per
1499 1710 1702 1763 plurimos
1739 1721 1864 1752 annos

354 1778 497 1820 diuina
533 1778 660 1821 uerba
696 1779 977 1833 pulsauerant,
1015 1780 1099 1822 tale
1134 1780 1293 1834 aliquid
1324 1780 1543 1834 impendit,
1580 1780 1702 1833 quale
1732 1779 1864 1821 adhuc

352 1848 467 1889 rudis
515 1847 611 1890 fidei
651 1849 692 1890 et
733 1847 800 1890 cui
841 1848 1023 1890 nondum
1072 1850 1246 1892 forsitan
1292 1849 1528 1892 crederetur
1576 1861 1864 1904 supergressus

425 2020 444 2054 1
464 2019 556 2065 eius]
575 2029 640 2064 ego
659 2034 683 2066 μ
779 2021 861 2066 qua]
881 2031 985 2065 quem
1001 2032 1033 2055 w
1127 2020 1404 2065 antiquioribus]
1424 2020 1498 2054 eius
1517 2019 1681 2064 operibus
1699 2019 1782 2054 add.
1803 2030 1823 2054 υ

355 2080 454 2114 dicta
475 2081 509 2115 T
608 2079 630 2113 2
647 2079 747 2123 petes
769 2079 824 2119 Τί,
841 2089 931 2113 corr.
953 2079 995 2114 in
1011 2080 1094 2123 peto
1117 2079 1149 2114 T
1163 2090 1206 2113 m.
1226 2079 1251 2112 2
1351 2078 1373 2112 4
1391 2069 1611 2111 erudimenta
1630 2077 1663 2111 T
1753 2076 1869 2121 magis

355 2137 509 2173 credidit
525 2148 556 2171 w
682 2137 704 2171 5
720 2136 820 2180 tunc]
838 2147 932 2171 nunc
951 2137 1024 2178 T1t,
1042 2127 1065 2170 ἶ]
1084 2136 1117 2170 T
1120 2136 1132 2154 ²
1256 2135 1332 2170 fieri
1350 2135 1516 2170 idoneum
1534 2135 1777 2169 arbitrabatur
1793 2145 1824 2168 w

355 2198 391 2230 et
408 2206 474 2231 om.
497 2196 548 2231 Tv
719 2194 740 2228 6
757 2193 816 2238 ad]
835 2195 871 2228 et
887 2205 918 2228 w
1088 2193 1175 2238 ueri]
1194 2194 1383 2227 ueritatem
1408 2193 1441 2227 T
1442 2197 1467 2237 t,
1486 2203 1576 2228 corr.
1596 2193 1637 2227 in
1654 2191 1819 2226 ueritatis
1842 2191 1874 2226 T

354 2265 398 2289 m.
417 2256 441 2289 2
580 2252 830 2297 capacitatem]
848 2251 1032 2296 peruenire
1050 2251 1134 2285 add.
1154 2263 1174 2286 v
1314 2251 1344 2284 si
1362 2261 1450 2285 corr.
1472 2251 1513 2285 in
1530 2250 1600 2284 nisi
1622 2250 1655 2284 T
1791 2259 1870 2282 con-

355 2309 575 2356 cupiscentia
592 2321 623 2344 w
736 2309 754 2343 7
775 2309 1030 2343 sanctimoniae
1047 2310 1167 2343 tenore
1189 2308 1302 2349 TFL,
1320 2308 1443 2352 uigore
1461 2309 1497 2342 et
1515 2306 1749 2341 sanctimonia
1767 2317 1824 2350 wu

356 2369 520 2413 calcaret]
538 2367 716 2402 tenuisset
732 2378 790 2411 wi»
935 2366 957 2400 8
974 2367 1080 2400 tanta
1096 2366 1269 2400 miracula
1288 2377 1347 2410 τομ
1487 2365 1509 2399 9
1525 2365 1641 2398 totum
1659 2363 1782 2398 diuina
1800 2377 1824 2408 μ

358 2428 402 2461 10
419 2426 550 2461 ueteris
577 2427 622 2461 Τι
715 2424 876 2470 paritura
892 2423 949 2465 Τ),
967 2426 1159 2469 aparatura
1177 2438 1201 2469 μ
1219 2424 1282 2458 sed
1301 2435 1321 2458 a
1333 2435 1358 2458 s.
1376 2423 1395 2458 l.
1413 2434 1458 2457 m.
1472 2425 1494 2459 ,2
1589 2422 1630 2456 11
1649 2421 1690 2456 de
1708 2422 1870 2467 lectione]

357 2484 549 2519 dilectione
571 2485 661 2529 Τμω
834 2483 877 2517 12
895 2482 1083 2528 nouitatis]
1103 2482 1259 2516 humana
1276 2494 1333 2526 ιυμ
1506 2479 1747 2525 festinatione]
1767 2479 1872 2514 testi-

359 2542 578 2576 moniatione
596 2555 620 2586 μ
785 2541 828 2575 13
846 2530 930 2576 (11ιῖ11
949 2554 985 2586 μ,
1003 2540 1087 2574 dum
1104 2551 1147 2581 w,
1166 2539 1228 2575 deo
1245 2552 1266 2575 v
1428 2539 1472 2573 14
1488 2537 1727 2581 indigentiam
1745 2547 1827 2581 ιυμυ

359 2589 555 2633 multoruixi
571 2591 696 2644 pacem
719 2599 759 2640 T,
775 2610 969 2644 pauperum
986 2609 1068 2643 τομυ
1194 2595 1465 2631 substincndam
1482 2606 1553 2639 ωμ,
1572 2594 1778 2628 sustendam
1801 2595 1874 2635 T¹t‚

361 2656 631 2691 sustentandam
651 2657 684 2690 T
690 2658 720 2691 'v
867 2656 910 2691 15
927 2666 1034 2700 prope
1052 2655 1197 2699 scripsi,
1216 2664 1277 2699 pro
1298 2654 1338 2695 T,
1358 2663 1421 2687 om.
1442 2663 1523 2696 ωμυ
1671 2650 1788 2695 pretia
1805 2662 1874 2696 ωμ,

357 2714 493 2759 proelia
521 2714 629 2758 preda
656 2714 696 2756 T,
730 2714 843 2758 pretio
869 2725 900 2754 v,
929 2713 1075 2758 praedia
1102 2712 1216 2757 pretio
1248 2711 1376 2754 Oxon„
1407 2709 1469 2744 sed
1499 2708 1544 2751 cf.
1572 2720 1598 2743 c.
1625 2711 1669 2743 13
1700 2712 1733 2742 et
1764 2708 1875 2752 Cypr.

354 2782 394 2815 p.
412 2773 548 2814 232,14
682 2771 725 2805 16
743 2773 779 2805 ct
796 2785 820 2815 μ
838 2781 862 2805 s.
882 2771 901 2805 l.
920 2781 964 2804 m.
985 2772 1010 2805 2
1149 2770 1192 2804 17
1211 2769 1320 2803 etiam
1338 2778 1401 2802 om.
1421 2777 1453 2800 w
1583 2765 1734 2810 pertulit
1751 2765 1828 2809 wu'

360 2828 404 2863 18
422 2830 458 2862 et
482 2839 547 2863 om.
572 2828 703 2872 Twpstv
913 2829 1119 2872 praepotera
1141 2828 1214 2868 Pt,
1240 2825 1467 2870 praepostera
1489 2823 1546 2864 T',
1571 2825 1715 2867 propter
1740 2833 1780 2856 ea
1797 2833 1828 2856 w

358 2887 402 2921 21
418 2886 572 2930 senibus]
594 2887 751 2921 senimus
767 2886 807 2926 T,
825 2885 983 2929 spatium
1002 2895 1161 2919 uacuum
1178 2884 1219 2918 in
1236 2888 1249 2917 t
1343 2881 1574 2926 plurimorum
1594 2881 1625 2914 T
1715 2879 1759 2913 23
1777 2878 1873 2923 fidei]

360 2945 465 2978 homo
482 2943 566 2978 add.
587 2956 607 2979 v
