2032 3248
397 233 481 274 262
1028 229 1271 274 Appendix.

398 350 536 376 nouum
551 339 821 377 testamentum
838 337 1069 375 confirmare.
1093 335 1146 374 sic
1163 335 1303 374 etenim
1321 335 1534 374 audiuimus
1551 337 1727 384 angelum
1746 337 1905 375 Daniele

398 407 559 445 dixisse:
592 406 914 444 confirmabit
943 406 1293 443 testamentum
1312 404 1482 442 multis
1515 405 1771 444 hebdomas
1801 418 1904 444 una.

399 477 445 512 et
475 475 522 512 in
553 475 777 522 dimidio,
800 475 936 522 inquit,
968 474 1285 512 hebdomadis
1307 474 1562 513 auferetur
1582 486 1732 512 meum
1754 475 1904 513 sacri-

399 543 568 582 ficium
600 545 646 582 et
675 543 868 582 libatio,
901 543 1096 581 dimidium
1132 544 1258 581 autem
1293 543 1538 581 hebdomadis
1568 544 1718 591 tempus
1750 545 1788 581 et
1808 544 1905 581 tem-

398 624 490 661 pora
512 614 550 650 et
571 612 767 650 dimidium
803 613 982 661 temporis
1018 612 1204 651 ostendit:
1243 613 1342 659 quod
1377 613 1433 649 est
1470 612 1674 650 triennium
1699 613 1737 649 et
1758 623 1938 650 mensess

399 692 476 728 sex,
499 681 564 729 qui
586 683 675 719 sunt
697 681 777 719 dies
800 682 1005 720 secundum
1026 681 1282 730 Apocalypsin
1302 681 1407 719 mille
1429 681 1562 718 CCLX.
1595 681 1635 718 in
1666 681 1801 728 quibus
1824 681 1904 719 die-

397 751 469 789 bus
498 750 564 789 ille
588 750 834 789 antichristus
855 761 1031 798 magnam
1061 750 1175 788 faciet
1196 750 1468 788 uastationem:
1507 751 1544 788 et
1575 749 1657 788 ideo
1679 751 1769 788 tunc
1799 760 1906 788 nemo

400 819 701 858 Christianorum
720 819 862 868 poterit
882 819 961 857 Deo
983 818 1208 857 sacrificium
1229 819 1374 866 offerre,
1407 818 1584 867 quoniam
1606 818 1686 867 ipse
1720 818 1906 857 antichri-

400 890 484 928 stus
505 888 660 937 incipiet
681 888 720 926 in
740 888 882 936 templo
904 888 974 926 Dei
996 888 1196 927 consedere
1228 890 1265 927 et
1295 889 1560 937 ignorantibus
1594 899 1633 927 se
1656 887 1777 926 Deum
1799 887 1904 926 affir-

399 969 522 997 mare:
555 969 665 1005 quem
695 959 843 1006 oportet
864 958 990 995 Iesum
1010 957 1210 996 Dominum
1241 959 1279 996 et
1310 958 1537 996 saluatorem
1568 959 1739 996 nostrum
1771 957 1906 1004 spiritu
1921 968 1956 992 10

399 1027 474 1066 oris
498 1027 556 1065 sui
576 1027 786 1065 interficere
809 1027 846 1064 et
866 1026 1080 1074 praesentia
1099 1026 1285 1065 aduentus
1307 1026 1367 1064 sui
1388 1037 1571 1065 euacuare
1589 1027 1624 1064 et
1642 1026 1681 1063 in
1698 1026 1779 1074 ipso
1796 1037 1906 1063 mun-

398 1097 487 1134 dum
509 1107 780 1145 consummare,
818 1096 917 1134 sicut
947 1095 1129 1143 scriptum
1161 1096 1239 1134 est:
1272 1097 1317 1133 et
1349 1107 1493 1143 super
1523 1095 1650 1133 illud
1691 1096 1909 1133 sanctum

399 1165 650 1203 execratio
681 1164 1040 1210 uastationum,
1088 1166 1134 1202 et
1164 1175 1314 1212 usque
1361 1165 1417 1202 ad
1448 1163 1910 1203 consummationem

398 1233 637 1281 temporis
693 1233 1048 1271 consummatio
1105 1233 1308 1272 dabitur
1367 1244 1514 1282 super
1571 1233 1693 1271 hanc
1743 1234 1904 1271 uasta-

397 1305 413 1340 t
424 1302 436 1340 i
447 1314 467 1340 o
478 1314 502 1339 n
513 1314 531 1340 e
542 1314 591 1340 m.
1923 1315 1961 1339 15>>

334 1371 386 1408 15
463 1372 557 1409 Post
577 1372 669 1409 haec
689 1373 926 1409 reuertamur
961 1371 1009 1408 ad
1039 1371 1113 1409 VII
1135 1373 1174 1409 et
1195 1372 1249 1410 sie
1285 1372 1333 1410 ad
1368 1372 1475 1409 LXII
1506 1371 1772 1410 hebdomadas.
1816 1382 1910 1418 quae

400 1442 545 1488 septem
562 1440 817 1478 hebdomadae
839 1440 1035 1478 continent
1056 1452 1174 1478 annos
1196 1441 1401 1479 XLVIIII:
1425 1440 1561 1489 quibus
1584 1440 1768 1488 suppletis
1785 1439 1850 1478 illo
1871 1440 1911 1477 in

398 1510 565 1557 tempore
587 1510 625 1546 et
645 1508 884 1547 Hierusalem
905 1509 1083 1547 restituta
1105 1510 1402 1558 cognoscebatur
1423 1511 1461 1548 et
1491 1509 1619 1558 platea
1648 1521 1715 1557 per
1746 1509 1911 1547 medium

399 1578 481 1617 eius
503 1578 700 1617 aedificata
717 1578 1028 1616 considerabatur
1047 1580 1083 1617 et
1099 1591 1227 1617 murus
1244 1579 1283 1616 in
1299 1578 1460 1617 circuitu
1478 1578 1647 1617 ciuitatis
1668 1578 1788 1626 ipsius
1809 1590 1909 1617 erec-

397 1649 460 1685 tus
478 1647 545 1685 illa
567 1647 691 1685 omnia
714 1659 808 1695 quae
829 1647 932 1685 intus
954 1649 1062 1685 erant
1083 1647 1235 1686 fortiter
1255 1648 1445 1686 tuebatur.
1481 1648 1521 1685 in
1542 1660 1616 1696 qua
1636 1647 1789 1685 ciuitate
1811 1650 1908 1686 tem·
1924 1660 1961 1685 20

397 1716 502 1764 plum
523 1716 618 1754 illud
640 1716 738 1764 quod
759 1716 799 1753 in
820 1715 1068 1754 similitudine
1083 1716 1189 1754 Adae
1205 1716 1330 1755 fuerat
1347 1718 1582 1755 destructum
1603 1717 1642 1754 in
1662 1716 1811 1754 nomine
1829 1716 1911 1754 eius

397 1784 535 1823 iterum
583 1797 651 1833 per
685 1785 809 1824 XLVI
844 1796 961 1823 annos
998 1786 1056 1823 est
1098 1785 1336 1824 aedificatum
1372 1788 1410 1824 et
1431 1786 1470 1823 in
1492 1787 1725 1824 sacramento
1754 1785 1910 1833 spiritus

399 1854 521 1893 sancti
542 1854 623 1893 oleo
646 1856 705 1893 est
726 1856 894 1901 unctum,
919 1855 1101 1902 quomodo
1125 1855 1173 1892 ab
1195 1855 1330 1903 angelo
1351 1854 1476 1894 fuerat
1498 1855 1652 1902 dictum,
1677 1856 1721 1893 ut
1737 1866 1909 1893 consum-

400 1925 523 1961 metur
543 1923 640 1962 uisio
663 1925 701 1962 et
720 1923 920 1971 prophetia
936 1925 974 1962 et
990 1925 1204 1971 ungueatur
1223 1925 1394 1962 sanctum
1410 1925 1637 1962 sanctorum.
1656 1923 1766 1971 ipsud
1783 1924 1909 1961 autem

400 1992 474 2030 fuit
495 1994 666 2030 sanctum
687 1995 902 2031 sanctorum
922 1993 962 2030 in
983 1993 1186 2041 imaginem
1208 1993 1371 2032 hominis
1393 1995 1568 2040 unctum,
1601 1994 1699 2040 quod
1720 2003 1804 2030 cum
1825 1993 1908 2040 ipsa
1926 2006 1962 2032 25

399 2061 554 2099 ciuitate
576 2073 642 2109 pro
665 2061 890 2100 infidelitate
912 2062 1136 2100 Iudaeorum
1157 2062 1204 2100 ab
1226 2062 1306 2109 ipso
1328 2062 1486 2100 Domino
1507 2063 1638 2100 nostro
1655 2063 1792 2100 iterum
1814 2064 1910 2100 tem-

401 2131 555 2178 poribus
577 2131 804 2179 Vespasiani
826 2133 884 2170 est
906 2131 1210 2170 exterminatum.
1244 2132 1297 2170 sic
1327 2132 1452 2170 fuerat
1473 2131 1573 2170 enim
1595 2131 1635 2168 in
1657 2132 1785 2170 eodem
1806 2130 1909 2179 capi-

494 2277 513 2311 1
540 2277 590 2311 sic
616 2278 760 2323 etenim]
788 2277 881 2312 sicut
906 2288 924 2312 c
1086 2277 1227 2312 danielo
1254 2279 1285 2321 b,
1311 2289 1331 2312 a
1357 2277 1495 2312 daniele
1521 2288 1538 2312 c
1677 2277 1698 2311 2
1723 2278 1759 2311 et
1783 2276 1908 2310 confir-

400 2334 515 2367 mauit
538 2344 556 2368 c
727 2335 747 2369 6
773 2335 835 2379 qui
860 2336 943 2369 sunt
967 2336 1106 2379 scripsi,
1133 2336 1213 2380 quis
1239 2336 1269 2377 b,
1295 2335 1357 2380 qui
1382 2335 1475 2369 fiunt
1500 2346 1540 2370 cv
1706 2334 1910 2378 apocalypsi

399 2391 436 2425 in
462 2392 482 2426 b
620 2392 642 2426 8
667 2391 904 2426 antichristus
929 2393 960 2434 b,
986 2392 1224 2437 nequissimus
1249 2403 1288 2428 cv
1427 2393 1448 2427 9
1474 2392 1593 2426 sedere
1617 2403 1657 2427 cv
1796 2391 1910 2426 domi-

399 2458 484 2481 num
511 2459 546 2482 se
572 2449 592 2483 b
803 2449 847 2483 10
871 2449 1069 2494 dominum]
1097 2450 1271 2484 christum
1297 2460 1315 2485 c
1534 2449 1577 2483 13
1602 2448 1820 2483 uastationis
1846 2458 1864 2482 c

401 2504 445 2538 14
469 2506 505 2538 et
530 2516 634 2550 super
659 2517 677 2541 c
887 2507 931 2541 16
956 2507 1054 2551 haec]
1079 2507 1147 2541 hoc
1173 2507 1192 2542 b
1398 2506 1515 2551 LXII]
1540 2505 1673 2540 LXXII
1698 2506 1727 2547 b,
1753 2505 1849 2539 LXX
1874 2506 1911 2539 et

399 2561 487 2596 duas
513 2572 530 2596 ο
693 2563 739 2598 20
762 2563 957 2598 tuebantur
983 2565 1003 2599 b
1158 2564 1203 2599 21
1230 2564 1503 2599 similitudinem
1530 2574 1547 2598 c
1703 2563 1820 2597 omine
1845 2573 1863 2597 c

399 2619 445 2653 22
470 2629 600 2663 per...
617 2620 843 2655 aedificatum
869 2632 935 2656 om.
962 2632 980 2656 c
1179 2623 1437 2657 sacramentum
1462 2631 1480 2656 c
1679 2621 1724 2655 23
1749 2630 1909 2654 consum-

400 2678 557 2711 maretur
582 2688 600 2712 c
833 2679 879 2713 24
903 2679 1078 2724 propheta
1103 2680 1134 2721 b,
1160 2680 1368 2724 prophetiae
1394 2689 1411 2714 c
1642 2678 1818 2722 ungeatur
1844 2677 1863 2711 b

400 2736 543 2769 sanctus
569 2745 588 2769 c
713 2736 829 2780 ipsum
862 2736 907 2771 W
1031 2737 1076 2771 25
1101 2737 1260 2782 unctum]
1288 2737 1425 2771 uictum
1450 2747 1468 2771 c
1607 2736 1651 2770 26
1676 2745 1737 2779 pro
1768 2734 1826 2775 W,
1850 2743 1911 2777 per

399 2792 430 2833 b,
455 2802 535 2826 cum
561 2802 579 2826 c
765 2794 808 2827 27
835 2794 886 2828 sic
912 2794 1027 2828 fuerat
1052 2795 1158 2839 enim]
1186 2794 1358 2838 quomodo
1385 2795 1421 2828 et
1446 2793 1563 2827 fuerat
1589 2804 1607 2827 c
1799 2791 1911 2825 eunde

397 2849 555 2893 capitulo
582 2860 599 2883 c
