2032 3248
381 210 461 254 152
781 207 972 243 Arnobii
1004 209 1213 243 aduersus
1252 208 1457 244 nationes

379 326 443 367 set
478 323 566 365 Nili
604 322 676 376 qui
713 322 839 364 fuerit
875 322 1005 373 filiuS,
1048 324 1220 376 quartus
1251 322 1380 377 Ialysi
1409 323 1549 377 pater,
1582 337 1703 378 quem
1734 324 1868 367 Rhodi

378 393 534 447 peperit
563 391 735 433 heroicis
766 391 1017 445 temporibus
1049 391 1248 443 Acantho,
1280 392 1448 445 quintus
1478 391 1659 447 Scythici
1688 394 1797 448 regis
1829 393 1869 434 et

380 461 610 515 uersipellis
658 461 832 503 habetur
875 459 1029 503 Circae.
1087 459 1173 502 iam
1217 459 1444 503 Mercurius
1489 461 1666 514 primus,
1713 462 1782 515 qui
1826 462 1869 503 in

378 530 663 584 Proserpinam
694 529 846 572 dicitur
876 528 1125 584 genitalibus
1145 529 1424 571 adhinniuisse
1445 530 1657 582 subrectis,
1689 530 1870 584 supremi

377 599 590 654 progenies
620 597 734 640 Caeli
764 598 845 650 est,
887 598 961 640 sub
993 599 1103 639 terra
1133 598 1195 639 est
1230 597 1355 650 alter,
1394 599 1650 653 Trophonius
1681 600 1751 653 qui
1782 612 1869 642 esse
1901 616 1915 641 s

377 669 572 717 iactatur,
616 667 729 709 Maia
769 666 917 709 tertius
961 667 1092 708 matre
1129 668 1170 708 et
1207 666 1304 708 Ioue
1342 667 1575 720 procreatus
1619 668 1690 710 sed
1734 668 1869 720 tertio,

378 737 547 791 quartus
587 736 748 779 suboles
778 735 867 777 Nili
905 737 989 787 est,
1028 735 1142 777 cuius
1181 747 1327 777 nomen
1357 736 1567 790 Aegyptia
1605 749 1705 792 gens
1734 737 1872 779 horret

378 807 419 848 et
449 807 659 848 reueretur
689 816 932 858 expromere,
963 805 1133 859 quintus
1154 804 1259 859 Argi
1280 806 1342 847 est
1362 805 1642 859 interemptor,
1665 805 1871 861 fugitiuus

378 874 501 927 atque
547 874 640 916 exul
684 874 725 916 et
767 874 951 929 proditor
994 873 1103 927 apud
1139 874 1378 928 Aegyptum
1422 875 1668 917 litterarum.
1718 875 1788 917 sed
1832 875 1873 917 et

377 943 600 996 Mineruae,
631 943 835 998 inquiunt,
868 943 976 985 sicut
1006 942 1117 985 Soles
1148 943 1189 984 et
1219 943 1414 985 Mercurii
1452 944 1630 998 quinque
1668 946 1784 996 sunt,
1825 957 1873 986 ex
1887 958 1919 984 ιο

378 1013 526 1066 quibus
555 1012 690 1066 prima
718 1025 799 1054 non
829 1012 947 1067 uirgo
979 1011 1050 1054 sed
1080 1024 1127 1054 ex
1156 1011 1334 1054 Volcano
1371 1012 1580 1067 Apollinis
1610 1013 1871 1067 procreatrix,

377 1081 465 1123 Nili
502 1081 633 1123 altera
668 1081 803 1135 proles
844 1082 886 1123 et
924 1093 1028 1134 quae
1067 1092 1155 1122 esse
1194 1081 1433 1134 perhibetur
1469 1081 1700 1136 Aegyptia,
1747 1082 1872 1135 stirps

376 1149 543 1192 Saturni
558 1149 684 1193 tertia
699 1151 761 1192 est
778 1150 819 1191 et
835 1162 936 1203 quae
951 1162 1073 1191 usum
1088 1149 1336 1203 excogitauit
1351 1162 1572 1202 armorum,
1594 1151 1706 1193 Iouis
1727 1153 1874 1204 quarta

375 1219 588 1273 progenies
635 1231 758 1273 quam
803 1218 998 1261 Messenii
1049 1217 1341 1273 Coryphasiam
1385 1220 1641 1272 nuncupant,
1689 1221 1730 1261 et
1771 1231 1874 1273 quae

376 1288 610 1330 Pallantem
648 1287 799 1330 occidit
836 1289 998 1342 patrem
1034 1287 1283 1329 incestorum
1320 1287 1593 1341 adpetitorem
1623 1289 1685 1331 est
1716 1289 1871 1342 quinta.
1887 1304 1919 1330 15

313 1358 362 1400 15
376 1369 423 1399 ac
452 1369 501 1399 ne
530 1356 702 1412 longum
732 1356 923 1399 uideatur
953 1356 994 1398 et
1024 1355 1214 1408 nimium,
1246 1356 1489 1398 minutatim
1518 1356 1626 1399 uelle
1655 1357 1787 1410 capita
1815 1358 1875 1399 ire

378 1438 448 1480 per
478 1425 654 1480 singula,
685 1425 802 1467 aiunt
831 1425 942 1467 idem
962 1424 1155 1479 theologi,
1187 1426 1381 1479 quattuor
1411 1437 1497 1467 esse
1517 1425 1718 1467 Volcanos
1736 1426 1777 1467 et
1798 1425 1875 1468 tris

379 1494 553 1546 Dianas,
586 1493 852 1548 Aesculapios
891 1493 1066 1536 totidem
1105 1494 1148 1536 et
1177 1494 1381 1548 Dionysos
1420 1494 1618 1547 quinque,
1658 1494 1722 1536 ter
1758 1494 1874 1536 binos

285 1574 370 1609 286
382 1563 578 1605 Hercules
617 1565 658 1605 et
703 1563 898 1616 quattuor
927 1562 1124 1613 Veneres,
1171 1562 1251 1604 tria
1286 1561 1291 1617 Ι
1327 1574 1475 1618 genera
1514 1561 1729 1605 Castorum
1771 1563 1872 1605 toti-

380 1632 553 1685 demque
583 1631 809 1682 Musarum,
840 1631 1105 1686 pinnatorum
1136 1630 1387 1684 Cupidinum
1416 1631 1546 1686 trigas
1578 1634 1618 1673 et
1649 1632 1872 1686 quadrigas
1886 1645 1920 1670 20

379 1700 687 1754 Apollinarium
717 1700 949 1751 nominum,
989 1711 1161 1753 quorum
1192 1699 1385 1742 similiter
1415 1700 1637 1754 genitores,
1679 1699 1874 1742 similiter

381 1770 545 1820 matreS‚
575 1769 666 1812 loca
697 1769 845 1823 quibus
875 1769 963 1811 nati
994 1769 1092 1810 sunt
1120 1768 1305 1810 indicant
1333 1770 1374 1810 et
1395 1769 1593 1823 originem
1615 1769 1875 1824 singulorum

381 1838 467 1879 suis
505 1850 599 1880 cum
636 1838 838 1893 prosapiis
875 1838 1118 1879 monstrant.
1165 1838 1272 1891 quod
1303 1837 1338 1879 si
1368 1850 1512 1879 uerum
1553 1839 1594 1880 et
1624 1840 1783 1880 certum
1812 1838 1876 1880 est

382 1908 423 1949 et
452 1919 499 1948 ex
528 1907 588 1949 rei
618 1907 804 1962 cognitae
835 1906 1140 1949 adseueratione
1170 1906 1431 1958 monstratur,
1465 1908 1536 1949 aut
1556 1919 1694 1948 omnes
1716 1907 1774 1948 dii
1795 1919 1876 1949 non

382 1977 499 2027 sunt,
549 1976 746 2029 quoniam
797 1975 933 2030 plures
979 1975 1053 2017 sub
1105 1975 1247 2017 eodem
1291 1975 1478 2026 nomine,
1530 1976 1876 2029 quemadmodum
1890 1990 1922 2016 25

382 2044 632 2098 accepimus,
664 2056 749 2086 esse
779 2056 858 2086 non
889 2044 1082 2098 possunt,
1123 2045 1195 2086 aut
1225 2044 1260 2086 si
1292 2044 1441 2098 aliquis
1473 2057 1518 2086 ex
1551 2045 1614 2087 his
1645 2046 1727 2097 est,
1760 2045 1876 2101 igno-

519 2158 563 2193 10
587 2157 657 2194 Cic.
682 2157 706 2192 1.
732 2168 760 2194 c.
784 2157 829 2192 59
860 2157 1020 2193 Clemens
1044 2158 1142 2192 Alex.
1167 2159 1277 2203 protr.
1302 2157 1335 2201 2,
1359 2157 1404 2193 28
1622 2157 1665 2193 17
1698 2157 1769 2195 Cic.
1793 2158 1822 2193 l.
1848 2169 1877 2194 c.

383 2215 428 2249 53
451 2225 526 2259 sqq.

428 2318 447 2351 1
473 2317 550 2352 Nili
575 2317 667 2354 Sab:
697 2319 768 2353 nisi
792 2319 828 2354 P
975 2318 1086 2364 Ialysi
1111 2317 1205 2353 Sab:
1237 2318 1329 2362 alysi
1354 2317 1390 2352 P
1532 2317 1649 2353 Rhodi
1674 2318 1765 2354 Sab:
1796 2318 1879 2353 rho-

383 2375 434 2409 dii
459 2375 495 2410 P
630 2376 652 2410 2
675 2375 836 2411 Acantho
866 2376 956 2411 Urs.-
992 2376 1140 2411 achanto
1165 2376 1201 2410 P
1343 2375 1517 2420 scythichi
1542 2376 1578 2410 P
1713 2376 1735 2410 3
1760 2375 1878 2411 Circae

384 2433 504 2467 Salm:
534 2433 621 2468 circe
644 2433 680 2468 P
708 2433 824 2468 Circes
849 2433 922 2469 Sab
1074 2433 1147 2467 iarn
1170 2433 1375 2468 Meursius:
1406 2443 1488 2467 nam
1513 2433 1549 2467 P
1698 2433 1721 2467 4
1744 2432 1878 2467 adinni—

383 2489 477 2524 uisse
502 2491 540 2525 P
704 2491 881 2535 supraemi
905 2491 941 2526 P
1107 2491 1130 2525 5
1153 2490 1240 2524 coeli
1264 2491 1318 2524 est
1344 2489 1435 2525 Sab:
1468 2489 1553 2524 caeli
1570 2490 1605 2524 P
1771 2489 1877 2524 trofo-

384 2547 464 2581 nius
482 2548 518 2582 P
641 2548 663 2584 7
680 2547 815 2583 soboles
833 2547 921 2583 Sab:
948 2547 1084 2583 subolis
1101 2548 1137 2582 P
1262 2547 1304 2581 11
1322 2547 1469 2581 uulcano
1494 2547 1555 2590 (uu
1571 2547 1613 2581 in
1629 2557 1672 2581 uo
1690 2548 1732 2591 ε’)
1751 2547 1787 2581 Ρ

383 2604 537 2648 apolinis
560 2605 598 2640 P
630 2605 804 2650 appolinis
829 2608 858 2640 θ’
1026 2605 1070 2639 12
1093 2604 1272 2649 Aegyptia
1303 2603 1390 2639 θεῖε
1421 2603 1607 2649 aegyptiae
1632 2603 1668 2638 P
1689 2603 1878 2648 Aegyptiis

385 2661 459 2696 Sab
476 2662 518 2696 in
534 2672 595 2697 err
717 2662 826 2707 stirps
844 2662 964 2698 Salm:
982 2662 1091 2707 strips
1109 2662 1145 2696 P
1161 2661 1238 2696 Sais
1257 2660 1329 2696 Sab
1468 2661 1512 2695 14
1527 2660 1735 2704 coryfasiam
1753 2661 1789 2695 P

386 2718 430 2753 15
464 2718 665 2754 Pallantem
702 2720 786 2755 Gel:
823 2720 1083 2765 corypalantem
1119 2720 1155 2754 P
1189 2719 1302 2764 Corya
1334 2719 1528 2764 pallantem
1561 2718 1632 2753 sab
1660 2718 1702 2753 in
1726 2728 1787 2752 err

386 2776 430 2810 16
453 2775 631 2811 minutum
657 2777 728 2812 Sab
867 2778 910 2811 17
935 2777 1101 2811 uuleanos
1126 2777 1162 2811 P
1184 2787 1266 2811 corr
1403 2778 1476 2811 tres
1500 2787 1518 2811 c
1655 2776 1699 2810 18
1723 2774 1877 2810 aescula-

385 2832 465 2877 pius
490 2833 526 2867 P
540 2844 622 2868 corr
753 2834 907 2870 dionisos
931 2834 967 2869 P
990 2834 1160 2869 dionisios
1184 2837 1214 2869 ε’
1347 2834 1389 2868 19
1413 2844 1538 2879 genere
1563 2833 1599 2868 P
1616 2843 1699 2868 corr
1722 2843 1741 2868 c
