2032 3248
361 217 445 260 340

407 331 453 366 24
478 330 635 375 puerculi
659 329 823 375 pusiones
848 329 926 374 275,
946 330 988 364 19
1021 330 1109 365 zelo-

407 388 487 433 typi
511 387 589 430 255,
608 388 627 422 1

363 457 430 491 quo
455 445 626 491 putrefiat
656 444 796 479 facilius
821 446 856 480 et
878 445 1111 489 percoquatur

409 503 508 538 cibus
533 501 610 544 263,
629 502 671 536 11

360 674 570 720 quadriiugo
596 683 702 713 curru
727 673 803 717 207,
824 673 867 708 10

358 732 524 778 quadrini
556 731 714 767 cardines
745 731 822 775 217,
838 732 882 766 29
922 742 993 766 una
1017 742 1109 767 com-

405 789 530 825 mixtio
555 788 740 834 quadrinis
772 789 936 834 copulata
961 789 1003 824 de
1035 789 1108 824 fru-

407 847 513 892 gibus
539 846 615 889 258,
635 847 679 882 10

358 905 538 950 quaesitor
564 904 640 948 155,
657 904 680 938 4

359 963 604 1008 quaestionem
630 971 702 996 non
730 961 894 1005 exiguam
920 971 975 996 res
1001 961 1107 996 habet

405 1020 482 1063 144,
508 1020 551 1055 12
591 1019 629 1054 in
656 1018 818 1063 ingressu
859 1019 1108 1063 quaestionum

403 1077 482 1120 110,
499 1077 544 1112 24
579 1076 761 1122 litigiosas
787 1086 899 1111 serere
923 1078 1030 1121 atque
1054 1077 1107 1111 in-

404 1135 550 1170 tendere
575 1133 799 1179 quaestiones
824 1133 878 1177 96,
897 1133 939 1168 21

357 1192 566 1237 quandoque
590 1206 634 1222 =
659 1191 859 1236 aliquando
883 1191 960 1233 105,
981 1191 1023 1226 19

359 1250 532 1294 quantum
549 1249 676 1292 fuerat,
693 1250 734 1283 ut
751 1248 1014 1294 restinguerent
1029 1248 1107 1291 233,

403 1307 447 1342 26

359 1363 606 1409 quassationes
632 1363 873 1408 cymbalorum
899 1363 976 1407 265,
994 1363 1040 1398 20

358 1421 523 1466 quatitur
546 1421 815 1465 concutiturque
840 1421 949 1455 nullis
973 1421 1108 1455 animo-

406 1492 486 1516 rum
502 1479 701 1515 adfectibus
719 1489 840 1513 eorum
857 1480 989 1513 natura
999 1478 1108 1522 271,5

362 1537 479 1573 uentis
509 1537 597 1572 caeli
625 1534 968 1580 conuexionibusque
991 1535 1108 1577 37,14

405 1596 525 1630 uestro
566 1594 807 1637 intestinoque
847 1594 974 1628 conatu
1015 1593 1069 1636 75,
1088 1594 1107 1627 1

404 1651 462 1696 (cf.
473 1651 579 1695 71,11
599 1653 694 1686 artes
708 1661 788 1685 suas
806 1651 911 1695 atque
924 1650 1106 1694 antiquas)

410 1709 519 1754 deque
542 1709 659 1743 uestro
685 1707 830 1743 numine
861 1709 1047 1752 uestraque
1073 1709 1108 1742 et

405 1766 576 1812 religione
589 1766 667 1809 280,
684 1765 728 1800 14
751 1765 803 1800 sic
817 1775 883 1809 que
901 1766 937 1799 et
954 1765 1107 1801 coniun-

399 1827 537 1869 ρωπίαν
562 1823 670 1858 etiam
693 1822 772 1866 254,
791 1822 843 1857 17.
872 1822 914 1857 19

358 1995 574 2030 radiationee
603 1994 878 2039 augustissimae
909 1994 998 2029 lucis
1029 1994 1107 2036 235,

403 2052 446 2086 13

360 2109 471 2144 radiis
495 2110 558 2143 aut
582 2108 800 2153 imaginibus
826 2119 963 2144 cernere
990 2108 1065 2151 124,
1086 2109 1106 2142 9

360 2165 444 2201 deus
467 2165 585 2200 radice
610 2165 654 2200 ab
679 2166 809 2200 intima
833 2166 888 2209 36,
907 2166 951 2201 15
976 2166 1107 2200 solium

401 2223 520 2258 radice
544 2223 730 2268 complecti
755 2224 833 2266 185,
850 2224 869 2257 1
908 2233 953 2258 ex
977 2222 1106 2268 quibus

402 2281 631 2325 proruperint
667 2280 946 2325 emicuerintque
978 2280 1106 2315 radici-

401 2338 467 2372 bus
493 2337 570 2381 105,
586 2338 629 2372 13

355 2394 476 2429 radere
493 2395 608 2429 solum
631 2396 752 2430 mento
776 2397 812 2429 et
828 2398 967 2440 pectore
990 2395 1068 2437 279,
1084 2394 1107 2429 4

356 2462 557 2487 rancescere
581 2452 635 2495 15,
653 2452 674 2486 8

357 2509 393 2543 ui
431 2519 551 2554 rapere
583 2509 660 2552 177,
677 2509 721 2543 24
754 2519 807 2544 res
839 2509 950 2544 Italas
987 2519 1105 2554 rapere

406 2566 483 2609 107,
501 2566 546 2600 21

360 2623 479 2667 raptio
504 2623 736 2667 Proserpinae
759 2623 838 2668 207,
857 2623 900 2658 13

357 2680 494 2723 raptari
518 2680 703 2725 praecipiti
727 2680 956 2716 uolubilitate
980 2681 1013 2725 4,
1032 2682 1074 2716 13

355 2736 446 2771 ratio
472 2737 548 2780 154,
567 2738 620 2772 18.
647 2738 701 2772 23.
727 2738 772 2772 24
806 2737 969 2773 inducere
1000 2740 1106 2783 atque

402 2793 560 2837 expedire
599 2795 774 2829 rationem
806 2795 861 2838 94,
886 2796 908 2830 3
955 2795 1105 2830 rationis

401 2849 551 2885 alicuius
575 2861 717 2887 causam
742 2852 900 2897 aliquam
926 2853 1106 2888 continere
1136 2872 1141 2897 3

1078 215 1215 250 Index

1222 329 1300 372 257,
1318 329 1339 363 6
1380 329 1532 365 rationis
1557 330 1691 365 nullius
1717 330 1845 366 habere
1868 332 1927 366 fir-

1222 386 1386 421 mitatem
1411 387 1490 430 256,
1506 388 1528 423 5
1567 388 1721 422 rationis
1750 390 1929 432 potestate

1223 445 1255 487 8,
1274 443 1317 478 14
1352 444 1528 479 rationem
1545 444 1714 480 imbrium
1738 447 1929 491 tempesta—

1222 502 1367 546 tumque
1375 502 1506 547 fingere
1515 502 1570 545 20,
1582 503 1625 537 17
1642 503 1811 547 quidnam
1819 503 1836 538 f
1839 504 1928 538 uerit

1222 559 1372 594 rationis
1385 562 1420 594 et
1435 570 1558 594 causae
1571 560 1625 603 94,
1640 560 1682 594 11
1707 561 1800 604 perit
1815 561 1927 595 omnis

1221 617 1314 651 ratio
1331 619 1437 661 atque
1454 618 1643 662 integritas
1665 617 1831 652 ueritatis
1847 619 1925 660 231,

1223 673 1267 708 14
1302 674 1346 708 ad
1362 674 1482 709 nullas
1499 675 1680 719 pertinens
1697 675 1853 710 rationes
1870 676 1926 717 85,

1220 731 1263 766 21
1289 731 1446 766 rationes
1471 743 1512 766 ex
1529 731 1758 767 stultissimis
1775 732 1927 767 creditae

1222 788 1486 834 opinationibus
1503 789 1584 831 252,
1602 789 1646 823 27
1671 789 1873 824 rationibus
1890 800 1926 825 se

1220 845 1372 881 inserere
1387 847 1442 889 20,
1457 847 1501 881 22
1533 846 1605 881 suis
1623 847 1799 881 continere
1815 847 1852 881 in
1870 857 1927 881 ra—

1219 903 1376 938 tionibus
1401 903 1604 938 inuolutum
1628 904 1696 947 9,4
1727 904 1927 938 rationibus

1218 961 1322 997 homo
1336 961 1603 1007 augustissimis
1616 960 1799 1006 praeditus
1812 961 1866 1003 68,
1883 961 1925 995 17

1218 1019 1349 1054 uestris
1374 1029 1444 1053 non
1469 1020 1524 1052 est
1548 1017 1750 1053 rationibus
1774 1018 1924 1053 liberum

1219 1077 1274 1120 97,
1294 1077 1337 1111 14
1375 1077 1554 1111 rationum
1578 1077 1776 1120 proprietas
1809 1075 1863 1118 20,
1881 1076 1925 1110 15

1218 1134 1400 1169 rationum
1413 1133 1696 1178 facultatumque
1710 1135 1857 1168 naturae
1869 1133 1924 1176 35,

1220 1192 1263 1226 16
1280 1191 1436 1226 rationes
1449 1192 1587 1227 numeri
1600 1192 1709 1235 67,15
1725 1190 1924 1226 rationibus

1220 1249 1369 1294 pectoris
1405 1249 1544 1284 amissis
1583 1250 1659 1292 159,
1684 1249 1729 1284 24
1769 1249 1923 1283 rationes

1221 1306 1395 1341 seminum
1420 1306 1476 1349 25,
1493 1307 1539 1341 20
1573 1308 1729 1342 terrenas
1755 1305 1922 1341 adminis-

1219 1366 1315 1399 trare
1355 1364 1510 1399 rationes
1551 1364 1605 1408 93,
1623 1365 1644 1399 3
1693 1364 1848 1398 rationes
1889 1365 1923 1397 et

1220 1422 1497 1456 constitutiones
1515 1421 1641 1456 mundi
1655 1422 1708 1463 79,
1723 1422 1744 1456 5
1768 1421 1921 1455 rationes

1220 1479 1427 1523 ordinesque
1452 1480 1601 1513 naturae
1627 1479 1680 1521 10,
1700 1479 1718 1512 7

1174 1536 1366 1571 rationales
1390 1546 1513 1570 sumus
1539 1536 1594 1578 61,
1612 1536 1657 1570 24

1173 1593 1211 1628 in
1236 1595 1337 1628 reatu
1362 1595 1479 1628 tenere
1502 1593 1669 1627 facinoris
1695 1592 1750 1636 44,
1771 1593 1812 1626 14

1172 1651 1431 1696 receptaculum
1456 1650 1591 1684 uentris
1617 1649 1695 1693 279,
1713 1650 1734 1684 9
1767 1650 1920 1694 recepta-

1218 1708 1296 1744 cula
1321 1708 1494 1753 genitalia
1513 1707 1588 1750 183,
1608 1707 1651 1742 10

1174 1765 1331 1800 recidiua
1355 1765 1564 1799 substitutio
1591 1765 1667 1807 117,
1685 1765 1706 1798 9

1172 1823 1388 1867 reciprocans
1407 1832 1518 1856 sermo
1537 1821 1613 1865 133,
1632 1822 1651 1856 7
1678 1832 1791 1856 aerem
1815 1822 1919 1856 uitali

1217 1880 1431 1924 reciprocare
1464 1879 1593 1923 spiritu
1618 1879 1674 1921 20,
1693 1880 1737 1913 12
1772 1879 1922 1924 recipro-

1219 1938 1320 1972 catur
1347 1937 1460 1971 oratio
1487 1936 1564 1979 133,
1581 1937 1603 1971 5
1634 1946 1695 1980 per
1720 1937 1917 1971 anhelitum

1219 1994 1455 2038 reciprocatas
1494 2004 1596 2027 auras
1636 1993 1780 2028 reddere
1819 1994 1873 2036 61,
1899 1994 1920 2027 2

1218 2051 1436 2096 reciprocata
1449 2050 1699 2086 uicissitudine
1716 2053 1917 2095 retorquere

1219 2109 1296 2152 105,
1327 2109 1370 2144 16

1171 2157 1366 2210 reciprocos
1390 2165 1526 2200 halitus
1559 2165 1656 2199 auris
1681 2163 1920 2199 commeabili-

1217 2222 1283 2257 bus
1301 2222 1424 2257 ducere
1444 2223 1521 2266 261,
1539 2223 1583 2257 23
1608 2223 1785 2267 reciproca
1809 2221 1920 2255 uarie·

1218 2281 1295 2314 tate
1321 2279 1482 2315 fortunae
1508 2280 1589 2322 284,
1607 2280 1627 2314 6

1172 2348 1416 2382 recognoscere
1440 2353 1483 2368 =
1510 2337 1672 2382 experiri
1702 2336 1756 2380 36,
1774 2337 1795 2371 6
1827 2345 1918 2370 reeo-

1217 2395 1340 2439 gnosci
1365 2395 1401 2429 in
1426 2406 1544 2430 rerum
1568 2405 1712 2429 numero
1738 2394 1791 2437 19,
1809 2394 1828 2427 7

1170 2452 1345 2487 reconditi
1371 2462 1547 2487 sacrorum
1573 2452 1663 2486 ritus
1690 2451 1767 2495 209,
1784 2451 1806 2485 3

1170 2509 1336 2544 recreatis
1370 2509 1532 2544 reducere
1563 2508 1724 2544 sensibus
1760 2508 1915 2542 mentem

1216 2566 1254 2600 in
1278 2577 1400 2601 sanam
1426 2567 1504 2609 233,
1518 2566 1562 2601 27

1169 2625 1286 2659 rector
1316 2624 1389 2669 poli
1423 2624 1497 2667 157,
1515 2624 1561 2659 24
1607 2623 1757 2658 rectores
1787 2621 1913 2656 mundi

1216 2681 1270 2724 36,
1289 2682 1333 2716 18

1170 2740 1259 2774 recti
1286 2740 1392 2783 atque
1409 2737 1635 2782 integritatis
1653 2738 1811 2772 auctores
1829 2735 1884 2778 72,
1898 2736 1919 2768 2

1217 2796 1307 2830 recti
1332 2797 1369 2830 et
1405 2805 1615 2839 magnarum
1651 2793 1824 2828 mentium
1857 2790 1918 2825 ad-

1219 2853 1407 2887 miratione
1431 2851 1625 2886 laudabiles
1650 2851 1727 2893 215,
1746 2850 1787 2884 17
1826 2850 1920 2884 recta
