2032 3248
467 187 525 221 De
551 187 780 220 duodecim
806 187 1011 220 abusiuis
1038 187 1211 220 saeculi
1237 199 1264 222 c.
1290 187 1390 221 5—6.
1599 191 1668 231 161

178 293 352 340 propriae
375 293 547 340 iniuriae,
571 295 636 331 sed
657 293 755 341 legis
773 294 842 330 Dei
859 293 1009 330 studeat
1030 296 1071 330 ut
1092 295 1292 330 metuatur.
1315 295 1513 340 propterea
1531 303 1676 339 quoque

178 362 266 398 dum
287 362 397 398 multi
418 363 580 409 pendent
603 362 641 398 in
663 374 705 400 eo
719 392 727 408 ,
760 363 840 409 ipse
862 362 938 400 Deo
961 362 1164 399 adhaerere
1196 363 1305 399 debet
1328 362 1392 408 qui
1413 362 1521 398 illum
1543 362 1581 398 in
1605 361 1675 398 du-

177 432 302 468 catum
322 431 530 477 constituit,
554 431 618 478 qui
640 432 686 469 ad
708 432 891 477 portanda
912 430 1113 468 multorum
1131 442 1242 468 onera
1263 430 1386 478 ipsum
1407 430 1526 467 ueluti
1548 430 1677 467 fortio-

178 510 255 537 rem
277 499 467 538 solidauit.
490 500 654 546 paxillus
673 500 772 538 enim
793 500 868 537 nisi
889 501 982 537 bene
1004 499 1103 537 fixus
1124 499 1281 536 firmiter
1302 498 1416 536 alicui
1438 498 1586 536 fortiori
1607 499 1674 535 ad-

150 578 166 602 5
180 568 354 614 haereat,
378 579 484 605 omne
507 570 604 615 quod
626 569 664 605 in
686 580 727 606 eo
749 569 888 616 pendet
918 569 990 606 cito
1019 568 1160 606 labitur
1183 570 1219 605 et
1240 568 1322 614 ipse
1344 567 1490 605 solutus
1511 579 1533 604 a
1554 567 1678 613 rigore

178 647 268 673 suae
291 636 482 674 firmitatis
504 650 586 675 cum
610 638 784 675 oneribus
807 638 854 674 ad
874 639 1015 675 terram
1037 637 1249 674 delabitur:
1273 636 1327 674 sic
1348 638 1386 674 et
1407 636 1582 682 princeps
1603 634 1677 672 nisi

178 716 244 742 suo
266 705 452 743 conditori
473 706 717 753 pertinaciter
738 706 966 752 adhaeserit,
991 707 1028 743 et
1044 706 1124 753 ipse
1147 708 1184 743 et
1206 705 1326 742 omnis
1348 704 1412 751 qui
1437 704 1470 741 ei
1492 704 1679 741 consentit

177 774 251 811 cito
274 774 432 821 deperit.
463 774 615 822 quidam
636 786 795 822 namque
815 787 881 823 per
903 774 1117 813 dominandi
1147 774 1310 812 officium
1331 772 1490 810 solidius
1511 772 1587 810 Deo
1609 772 1677 809 ad-

176 842 453 889 propinquant,
490 843 640 890 quidam
661 843 825 891 inposito
847 843 920 881 sibi
950 843 1147 890 dignitatis
1175 842 1314 880 honore
1346 842 1548 879 deteriores
1570 840 1677 877 fiunt.

131 918 165 942 10
178 910 327 958 Moyses
363 911 461 948 enim
491 913 642 959 accepto
679 913 816 950 ducatu
851 911 1078 950 familiarius
1099 911 1169 948 Dei
1204 911 1456 949 locutionibus
1478 910 1676 947 utebatur:

179 978 267 1016 Saul
300 990 386 1017 uero
408 979 509 1017 filius
532 980 593 1017 Cis
613 982 812 1027 postquam
835 983 986 1028 sceptra
1001 980 1109 1028 regni
1127 980 1316 1027 suscepit,
1347 991 1412 1027 per
1433 977 1677 1017 inoboedien-

177 1046 254 1084 tiae
277 1048 493 1094 superbiam
514 1049 633 1086 Deum
655 1049 823 1087 offendit.
841 1060 907 1086 rex
930 1048 1103 1086 Salomon
1124 1050 1324 1096 postquam
1343 1047 1463 1096 patris
1483 1047 1541 1085 sui
1557 1047 1680 1084 Dauid

177 1116 303 1153 sedem
324 1117 507 1164 optinuit,
531 1118 632 1155 Deus
653 1117 760 1155 illum
782 1117 884 1154 ultra
905 1129 1031 1155 omnes
1055 1117 1234 1155 mortales
1255 1117 1361 1154 uelut
1382 1118 1428 1154 ad
1450 1116 1682 1154 innumerosi

176 1185 307 1232 populi
324 1186 635 1233 gubernationem
653 1186 860 1233 sapientiae
878 1198 1029 1223 munere
1044 1186 1217 1223 donauit:
1240 1197 1258 1223 e
1281 1185 1467 1223 contrario
1484 1197 1571 1223 uero
1586 1184 1680 1222 Hie-

130 1263 164 1288 15
179 1255 331 1292 roboam
349 1266 481 1292 seruus
499 1255 718 1301 Salomonis,
736 1256 933 1303 postquam
949 1255 1058 1302 regni
1074 1255 1205 1293 domus
1222 1254 1345 1292 Dauid
1357 1256 1504 1302 partem
1523 1253 1681 1301 accepit,

177 1323 226 1360 ad
247 1323 430 1361 idolorum
461 1323 602 1361 cultum
623 1325 749 1361 decem
770 1323 892 1361 tribus
914 1324 1034 1360 Israel
1056 1335 1152 1371 quae
1173 1324 1280 1361 erant
1300 1322 1340 1359 in
1360 1324 1468 1370 parte
1491 1321 1682 1359 Samariae

177 1392 355 1429 adtraxit.
377 1403 442 1438 per
463 1403 557 1439 quae
575 1392 744 1439 exempla
762 1392 956 1429 euidenter
979 1392 1191 1429 ostenditur
1208 1391 1389 1439 quosdam
1409 1391 1448 1428 in
1470 1390 1682 1428 sublimiori

178 1462 281 1497 statu
304 1461 349 1497 ad
366 1460 543 1498 maiorem
561 1460 829 1508 perfectionem
846 1472 1033 1507 erescere,
1057 1461 1238 1508 quosdam
1254 1472 1340 1498 uero
1358 1471 1424 1508 per
1440 1459 1683 1507 supercilium

178 1529 446 1567 dominationis
468 1530 515 1567 ad
537 1529 723 1567 deteriora
744 1530 917 1567 defluere.
941 1541 1008 1576 per
1029 1531 1127 1578 quod
1146 1532 1345 1577 utrumque
1367 1529 1606 1577 intellegitur
1622 1540 1684 1566 eos

131 1607 165 1632 20
179 1598 244 1647 qui
266 1599 312 1635 ad
334 1598 489 1636 meliora
511 1599 765 1636 conscendunt
786 1610 852 1645 per
873 1598 1054 1636 uirtutem
1075 1598 1190 1636 animi
1222 1600 1259 1636 et
1279 1598 1349 1636 Dei
1370 1597 1550 1635 auxilium
1571 1608 1683 1645 posse

178 1667 216 1703 id
238 1666 358 1704 facere
382 1669 418 1703 et
440 1679 502 1704 eos
538 1668 602 1715 qui
623 1668 672 1705 ad
693 1667 880 1705 deteriora
902 1668 1104 1705 deuertunt
1139 1679 1205 1714 per
1226 1666 1364 1704 mentis
1393 1665 1681 1704 inbecillitatem

178 1735 322 1783 pariter
345 1737 381 1772 et
403 1735 683 1783 neglegentiam
705 1747 840 1773 errare.
871 1737 968 1773 unde
990 1735 1163 1773 dominus
1185 1736 1323 1783 absque
1345 1735 1486 1772 uirtute
1508 1734 1590 1772 fieri
1612 1745 1684 1771 non

180 1804 304 1850 debet,
340 1815 451 1851 quam
482 1804 662 1842 uirtutem
684 1803 764 1842 sine
793 1803 863 1842 Dei
892 1804 1031 1842 auxilio
1053 1804 1271 1842 nullatenus
1300 1804 1427 1841 habet.
1460 1803 1524 1850 qui
1545 1803 1683 1840 etenim

180 1872 301 1910 multa
322 1874 462 1919 tuetur,
486 1873 518 1910 si
539 1884 614 1910 non
635 1873 750 1911 habet
772 1873 1046 1920 fortitudinem,
1079 1886 1153 1911 non
1174 1873 1279 1910 ualet
1300 1873 1338 1909 id
1360 1883 1484 1920 agere,
1508 1872 1682 1920 quoniam

271 2058 292 2091 2
318 2058 472 2101 pendent
501 2059 530 2091 G
556 2057 597 2091 <le
621 2058 662 2092 in
685 2068 757 2092 ras.
898 2058 920 2091 3
945 2058 1158 2101 portandum
1188 2057 1222 2093 V
1356 2058 1378 2092 4
1402 2058 1490 2091 fixus
1515 2055 1682 2099 firmiter]

182 2116 322 2149 fortiter
347 2116 509 2149 firmetur
533 2117 568 2149 et
592 2127 613 2149 v
753 2115 862 2149 alicui
887 2115 1044 2159 fortiori]
1072 2115 1200 2159 parieti
1225 2114 1264 2148 X
1401 2115 1423 2148 5
1447 2114 1572 2148 hereat
1599 2113 1639 2146 X

180 2173 304 2217 pendit
333 2174 379 2206 G¹
559 2173 707 2217 solutus]
736 2173 831 2206 solus
857 2172 896 2206 X
1080 2172 1098 2205 7
1126 2183 1245 2206 omnes
1275 2171 1365 2205 G¹X
1551 2170 1611 2213 qui
1636 2169 1682 2213 ei]

180 2231 274 2274 quod
298 2242 318 2265 v
481 2230 668 2274 consentit]
695 2230 867 2263 adherent
892 2230 939 2271 X,
966 2229 1125 2263 continet
1149 2241 1170 2264 v
1332 2229 1354 2263 8
1379 2229 1571 2272 depereunt
1597 2226 1638 2261 X

179 2288 333 2323 officium
361 2289 392 2321 G
419 2300 444 2322 s.
470 2289 492 2322 l.
518 2299 562 2322 m.
588 2290 623 2328 2,
650 2289 866 2331 potestatem
898 2288 932 2322 V
1058 2286 1218 2331 solidius]
1245 2286 1325 2330 plus
1350 2298 1371 2321 v
1504 2285 1549 2319 10
1573 2283 1680 2327 enim]

178 2356 329 2390 namque
360 2346 412 2380 Vv
519 2345 640 2389 populi
666 2344 796 2378 ducatu
821 2356 841 2379 v
957 2344 1126 2378 utebatur
1151 2343 1388 2378 locutionibus
1419 2342 1452 2377 V
1563 2342 1606 2375 11
1632 2341 1682 2375 cis

180 2414 226 2437 ea>
251 2403 317 2436 scis
348 2403 381 2437 V
525 2404 680 2446 screptra
709 2403 772 2443 G¹;
800 2402 900 2445 regni
924 2404 1099 2445 sceptrum
1124 2401 1164 2435 X
1311 2401 1354 2434 13
1380 2399 1550 2444 optinuit]
1577 2398 1681 2433 deum

180 2460 327 2494 offendit
360 2460 446 2494 add.
478 2459 589 2494 GXV
769 2459 945 2493 numerosi
972 2459 1012 2492 X
1196 2459 1240 2492 14
1271 2458 1428 2501 donauit]
1457 2457 1590 2491 ditauit
1613 2468 1635 2491 υ

182 2518 224 2551 15
249 2518 373 2551 domus
398 2517 431 2551 d.
457 2519 594 2561 partem
620 2516 757 2559 accepit
786 2517 864 2557 GV,
898 2516 1046 2551 sortitus
1073 2518 1127 2550 est
1152 2516 1390 2559 gubernacula
1415 2515 1464 2553 X,
1499 2514 1621 2548 domus
1648 2512 1680 2546 d.

180 2575 367 2619 occupauit
392 2576 528 2618 partem
552 2584 573 2607 υ
697 2574 739 2607 16
765 2573 940 2607 culturam
971 2574 1006 2607 V
1126 2574 1167 2607 17
1196 2572 1365 2616 adtraxit]
1393 2572 1589 2606 diuerterat
1613 2582 1634 2605 v

180 2632 358 2665 euidenter
383 2642 448 2665 om.
474 2631 514 2664 X
654 2631 696 2664 19
722 2630 981 2664 dominationes
1009 2631 1057 2664 G¹
1203 2630 1247 2663 20
1273 2629 1316 2663 ad
1341 2629 1488 2663 meliora
1513 2628 1574 2672 qui
1603 2627 1638 2661 V

181 2689 435 2723 transcendunt
459 2699 480 2723 v
604 2698 663 2731 per
689 2678 750 2720 drii
776 2688 946 2721 auxilium
973 2690 1008 2721 et
1033 2688 1168 2721 uirtute
1195 2687 1306 2720 animi
1329 2687 1369 2720 X
1489 2686 1532 2720 21
1558 2685 1680 2719 deuer-

180 2748 305 2780 tuntur
336 2746 386 2780 Vv
533 2745 576 2778 22
601 2745 777 2789 dominus]
805 2746 840 2778 et
865 2745 1045 2779 dominum
1070 2757 1091 2779 υ
1236 2744 1280 2778 23
1306 2743 1409 2778 debet
1435 2743 1555 2788 quam]
1580 2741 1681 2776 decet

182 2803 243 2846 qui
269 2814 289 2837 υ
427 2804 472 2837 24
496 2802 745 2837 fortitudinem
772 2802 882 2836 animi
907 2814 927 2837 v
1066 2802 1103 2836 id
1128 2813 1231 2846 agere
1256 2802 1353 2836 ualet
1383 2801 1416 2836 V

317 2873 371 2902 111
397 2873 426 2902 A
1351 2865 1399 2900 11
