2032 3248
798 203 925 237 Liber
958 204 1001 237 11.
1584 205 1636 245 57

160 320 265 360 enim
298 320 466 371 possunt
499 320 619 371 atque
650 319 692 359 in
723 331 842 359 usum
874 318 1188 370 computationis
1222 318 1356 359 uenire
1388 331 1433 359 ea
1465 331 1567 371 quae
1598 318 1639 358 in

160 387 276 428 India
314 390 427 440 gesta
466 389 578 435 sunt,
625 387 730 439 apud
776 386 892 428 Seras
938 386 1081 427 Persas
1123 390 1162 427 et
1194 386 1353 436 Medos,
1400 386 1442 427 in
1473 386 1639 435 Arabia,

160 458 356 510 Aegypto,
399 456 440 496 in
472 457 584 505 Asia,
632 455 761 509 Syria,
806 455 912 508 apud
945 454 1111 496 Galatas
1152 455 1323 497 Parthos
1354 455 1551 509 Phrygas,
1597 456 1640 497 in

158 525 315 565 Achaia
360 525 597 565 Macedonia
646 524 789 577 Epiro,
836 525 876 564 in
915 523 1058 564 insulis
1106 525 1147 564 et
1188 524 1408 577 prouinciis
1454 525 1640 565 omnibus

130 605 256 645 squas
297 593 356 633 sol
395 592 526 633 oriens
568 594 689 644 atque
727 591 912 633 occidens
948 591 1115 640 lustrat,
1162 592 1295 645 ipsam
1333 593 1504 645 denique
1535 593 1641 645 apud

158 661 362 702 dominam
401 661 591 710 Romam,
632 664 671 701 in
711 673 790 713 qua
829 673 921 701 cum
960 660 1141 701 homines
1181 664 1314 701 essent
1345 661 1504 702 Numae
1534 661 1641 715 regis

158 729 313 770 artibus
335 732 456 782 atque
477 729 657 782 antiquis
679 728 1033 781 superstitionibus
1061 729 1258 780 occupati,
1292 740 1369 770 non
1392 728 1640 771 distulerunt

164 797 168 852 Ι
196 800 329 838 tamen
361 811 423 839 res
455 799 606 850 patrias
637 797 817 849 linquere
849 798 888 838 et
919 797 1084 838 ueritati
1120 797 1338 838 coalescere
1369 797 1637 839 Christianae.
1653 807 1675 839 f.
1692 808 1733 838 33

159 867 345 908 uiderant
376 868 483 907 enim
514 879 677 908 currum
699 866 876 908 Simonis
907 866 1017 919 magi
1049 868 1088 906 et
1120 866 1336 919 quadrigas
1368 866 1506 919 igneas
1528 866 1641 907 Petri

114 949 146 973 ιο
159 948 224 977 ore
255 935 431 975 difflatas
464 938 504 975 et
537 935 746 975 nominato
768 933 929 975 Christo
962 935 1192 975 euanuisse:
1225 933 1427 983 uiderant,
1459 935 1641 987 inquam,

160 1005 348 1045 fidentem
385 1004 447 1045 dis
486 1003 599 1044 falsis
639 1008 678 1045 et
716 1004 765 1044 ab
797 1003 947 1044 eisdem
984 1003 1260 1044 metuentibus
1302 1003 1504 1055 proditum
1548 1015 1642 1056 pon-

160 1074 251 1114 dere
273 1072 583 1125 praecipitatum
608 1085 678 1113 suo
708 1072 891 1113 cruribus
913 1071 1084 1112 iacuisse
1106 1072 1356 1123 praefractis,
1389 1073 1479 1124 post
1501 1072 1644 1114 deinde

160 1142 364 1194 perlatum
387 1141 599 1182 Brundam
633 1141 879 1182 cruciatibus
912 1141 952 1181 et
973 1140 1123 1193 pudore
1155 1140 1358 1181 defessum
1382 1154 1427 1181 ex
1450 1141 1644 1182 altissimi

161 1210 348 1251 culminis
381 1222 421 1250 se
452 1223 614 1250 rursum
635 1210 923 1261 praecipitasse
945 1209 1125 1262 fastigio.
1159 1221 1259 1261 quae
1280 1209 1415 1251 omnia
1437 1222 1507 1251 uos
1529 1214 1645 1263 gesta

116 1293 146 1317 is
163 1291 289 1331 neque
320 1279 434 1319 scitis
468 1291 596 1330 neque
627 1278 729 1318 scire
759 1277 947 1318 uoluistis
980 1290 1106 1330 neque
1137 1291 1331 1330 umquam
1364 1278 1478 1319 uobis
1510 1291 1645 1320 neces-

162 1348 267 1389 saria
299 1346 523 1395 iudicastis,
556 1359 602 1388 ac
624 1347 721 1387 dum
754 1346 902 1387 uestris
934 1346 1058 1387 fiditis
1090 1346 1275 1387 cordibus
1307 1352 1346 1387 et
1369 1348 1472 1399 quod
1495 1347 1645 1400 typhus

162 1418 223 1457 est
256 1417 499 1468 sapientiam
531 1416 699 1465 uocatis,
733 1415 903 1456 dedistis
925 1416 1515 1469 circumscriptoribuslocum,
1549 1418 1645 1469 illis,

161 1485 341 1537 inquam,
376 1484 516 1533 noxiis,
549 1497 719 1536 quorum
739 1496 884 1524 nomen
906 1484 1074 1525 interest
1105 1484 1327 1525 obsolefieri
1352 1485 1643 1537 Christianum,

161 1553 477 1605 superfundendi
508 1552 703 1606 caligines
736 1555 855 1604 atque
888 1551 1130 1593 obscurandi
1152 1565 1214 1594 res
1237 1556 1383 1603 tantas,
1417 1554 1647 1607 eripiendae

116 1622 275 1662 2ouobis
306 1621 399 1661 fidei
431 1620 736 1672 subiciendique
765 1622 1032 1673 contemptus,
1065 1622 1121 1670 ut,
1154 1621 1248 1673 quia
1270 1622 1346 1662 sibi
1368 1623 1647 1674 praesentiunt

161 1690 282 1730 finem
312 1701 382 1741 pro
413 1689 570 1730 meritis
602 1689 824 1740 imminere,
859 1689 974 1729 uobis
996 1701 1152 1741 quoque
1172 1689 1445 1731 immitterent
1467 1703 1644 1742 causam,

162 1771 231 1810 per
253 1771 373 1810 quam
395 1758 622 1811 periculum
646 1757 754 1798 adire
776 1758 947 1811 possetis
970 1761 1008 1798 et
1031 1758 1192 1798 niduari
1214 1759 1468 1812 benignitate
1490 1760 1644 1801 diuina.

162 1827 316 1867 interea
348 1830 486 1867 tamen
517 1838 538 1866 o
569 1826 659 1876 isti,
701 1826 769 1878 qui
801 1826 1081 1874 admiramini,
1125 1828 1192 1879 qui
1233 1827 1404 1879 stupetis
1436 1828 1647 1869 doctorum
1667 1830 1713 1870 13

163 1898 203 1936 et
234 1895 511 1948 philosophiae
543 1896 656 1938 scita.
690 1896 749 1936 ita
780 1908 857 1936 non
889 1895 1205 1936 iniustissimum
1229 1895 1378 1938 ducitis
1410 1897 1647 1950 inequitare,

118 1979 148 2004 25
163 1965 345 2005 inludere
387 1968 596 2016 tamquam
636 1965 764 2005 stulta
806 1964 918 2006 nobis
951 1968 989 2004 et
1021 1964 1141 2005 bruta
1172 1965 1421 2015 dicentibus,
1459 1979 1551 2007 cuni
1583 1966 1647 2007 uel

164 2046 209 2074 ea
240 2034 305 2073 uel
347 2033 448 2073 talia
487 2033 745 2084 reperiamini
785 2041 823 2073 et
862 2045 932 2073 uos
965 2032 1096 2073 dicere
1135 2046 1236 2085 quae
1274 2034 1389 2074 nobis
1439 2035 1517 2075 dici
1556 2047 1647 2087 pro-

164 2102 420 2153 nuntiarique
452 2101 622 2142 ridetis?
654 2114 724 2143 nec
755 2102 856 2142 mihi
888 2114 979 2142 cum
1001 2101 1063 2142 his
1086 2115 1215 2142 sermo
1246 2106 1305 2143 est
1337 2103 1405 2154 qui
1437 2115 1506 2154 per
1535 2104 1648 2144 uaria

165 2176 365 2211 sectarum
398 2171 647 2211 deuerticula
679 2170 864 2222 dissipati
896 2169 969 2210 has
1001 2173 1121 2221 atque
1144 2170 1236 2211 illas
1257 2173 1391 2222 partes
1414 2171 1648 2223 opinionum

165 2238 399 2279 diuersitate
444 2238 646 2279 fecerunt:
684 2238 688 2292 1
725 2250 815 2287 uos,
858 2252 928 2278 uos
969 2238 1125 2291 appello
1164 2239 1231 2290 qui
1272 2238 1538 2290 Mercurium,
1579 2240 1647 2292 qui
1662 2249 1683 2281 f.
1699 2249 1760 2281 33b

210 2466 230 2497 ἱ.)
256 2469 338 2507 aput
365 2464 491 2497 I’wrr
628 2464 647 2495 :3
674 2468 759 2506 aput
788 2464 911 2496 I'corr
1050 2464 1166 2507 frygas
1188 2465 1220 2497 l'
1356 2465 1376 2497 4
1402 2466 1497 2498 acaia
1525 2466 1558 2499 P

166 2531 268 2563 epyro
291 2521 321 2553 J’
457 2521 476 2552 ⁴5
498 2522 611 2553 essent
631 2521 862 2553 Stewcclcius:
891 2520 964 2553 sint
986 2521 1016 2553 I'
1153 2521 1170 2553 7
1199 2521 1325 2554 ritibus
1345 2523 1559 2557 &temer-hius

166 2579 185 2608 ξ’
211 2588 349 2610 currum
367 2578 561 2615 Mem-sius,
584 2588 619 2609 r:
646 2587 782 2609 cursum
806 2577 836 2609 Ι)
970 2576 1079 2619 pii-*tri
1110 2578 1139 2610 Ι)
1156 2588 1235 2611 corr
1374 2580 1411 2613 11
1440 2579 1504 2612 diis
1529 2580 1564 2613 1²

171 2635 208 2666 13
234 2633 405 2667 Breudam
433 2634 618 2667 Illeursius
778 2633 960 2666 altissimis
990 2634 1020 2665 1¹
1041 2645 1122 2667 corr
1284 2636 1324 2668 16
1350 2639 1384 2668 ct
1411 2636 1480 2669 Sub
1505 2637 1545 2670 in
1571 2647 1648 2670 err:

169 2696 205 2722 ut
226 2691 258 2722 1²
395 2691 523 2733 typhus
546 2690 629 2723 Gcl:
658 2697 763 2732 typus
782 2690 814 2722 Ι)
948 2691 1221 2733 19212·i·i1›ie11dae
1240 2692 1272 2724 1¹
1289 2703 1369 2725 corr
1505 2694 1549 2726 <20
1568 2693 1649 2726 sub-

170 2746 378 2790 iciendiquae
413 2748 447 2780 Ι)
474 2758 552 2780 corr
736 2747 776 2779 24
812 2747 1026 2790 philosoi'yac
1063 2748 1094 2780 1⁵
1279 2749 1494 2792 inaequitare
1526 2751 1559 2783 1¹

168 2804 210 2835 2ss
229 2804 473 2846 repperiamini
493 2805 526 2837 1¹
634 2804 941 2847 pronuntiariqum¹
965 2803 995 2835 1>
1011 2815 1090 2837 eurr
1197 2807 1239 2838 2³
1257 2805 1465 2839 di11‹·1·ticula
1485 2807 1556 2840 Sub
