2032 3248
369 254 449 295 120
779 252 965 286 Arnobii
995 252 1210 287 aduersus
1242 253 1445 288 nationes

367 368 541 409 firmari:
574 380 676 421 quae
707 368 778 409 aut
809 367 915 408 nihil
945 368 995 409 ad
1026 379 1097 409 nos
1128 368 1309 411 attinent
1340 381 1411 410 nec
1442 382 1489 411 ex
1520 369 1658 422 aliqua
1678 370 1861 424 portione

368 438 586 491 quicquam
616 437 769 478 habent
801 448 1014 478 commune
1045 437 1270 487 nobiscum,
1302 440 1374 479 aut
1405 438 1440 479 si
1475 440 1571 480 sunt
1601 439 1649 480 ut
1684 439 1862 481 creditur

368 506 513 556 sociae,
545 505 766 559 quaerendi
797 507 894 547 sunt
914 506 1032 548 uobis
1053 507 1212 548 altioris
1233 507 1543 562 intellegentiae
1564 507 1760 559 doctores,
1792 521 1863 561 per

368 588 468 629 quos
512 575 678 628 possitis
724 575 954 626 addiscere,
999 575 1148 628 quibus
1191 576 1323 617 modis
1369 577 1585 618 conueniat
1629 577 1861 619 litterarum

368 645 537 686 illarum
566 645 696 686 nubes
727 645 849 697 atque
878 645 1093 686 inuolucra
1123 645 1315 687 relaxare.
1363 646 1504 687 nostra
1535 645 1584 687 de
1605 645 1680 687 hoc
1702 647 1861 688 senten·
1894 663 1907 684 ⁵

366 714 427 755 tia
457 714 553 755 talis
585 715 659 756 est.
706 714 897 755 naturam
928 725 1093 755 omnem
1126 713 1329 764 diuinam,
1363 726 1464 767 quae
1495 727 1625 768 neque
1657 726 1742 756 esse
1773 727 1862 757 coe-

367 783 475 836 perit
514 783 732 836 aliquando
771 796 844 825 nec
882 783 1057 824 uitalem
1088 783 1140 824 ad
1170 783 1395 825 terminum
1427 783 1483 825 sit
1513 783 1734 836 aliquando
1765 796 1863 825 uen-

366 853 473 902 tura,
505 852 758 893 liniamentis
789 864 923 893 carere
954 853 1156 905 corporeis
1177 865 1307 905 neque
1328 852 1435 894 ullas
1457 852 1683 894 formarum
1707 852 1864 907 effigies

368 920 584 974 possidere,
617 920 766 974 quibus
798 920 950 962 extima
970 920 1295 974 circumscriptio
1317 921 1597 962 membrorum
1618 922 1722 963 solet
1743 933 1865 976 coag-

368 992 507 1032 menta
536 989 664 1032 finire.
711 989 906 1042 quicquid
937 990 1047 1031 enim
1078 990 1162 1031 tale
1194 990 1268 1039 est,
1301 990 1477 1031 mortale
1505 1003 1592 1032 esse
1614 990 1866 1033 arbitramur
1881 1011 1911 1034 ιο

369 1061 410 1100 et
440 1058 586 1108 labile3
628 1071 702 1100 nec
739 1058 923 1100 obtinere
963 1062 1205 1112 perpetuam
1241 1071 1358 1113 posse
1397 1058 1602 1100 credimus
1641 1060 1865 1102 acuitatem

367 1129 474 1181 quod
513 1129 704 1170 extremis
743 1128 967 1170 coercitum
1008 1128 1160 1171 finibus
1199 1128 1426 1170 necessaria
1466 1129 1753 1171 circumcludit
1796 1142 1865 1170 ex-

304 1198 571 1242 l3tremitas.
620 1199 663 1239 at
700 1210 796 1239 uero
837 1210 909 1239 uos
948 1198 1041 1240 deos
1081 1210 1228 1251 parum
1267 1199 1329 1240 est
1367 1199 1592 1240 formarum
1630 1198 1737 1251 quod
1775 1211 1865 1240 am-

367 1267 598 1321 plectimini
637 1267 864 1317 mensione,
904 1266 973 1308 filo
1013 1267 1135 1308 etiam
1176 1267 1411 1308 terminatis
1450 1267 1646 1317 humano,
1688 1268 1728 1308 et
1759 1267 1865 1320 quod

367 1336 577 1390 indignius
608 1336 742 1378 multo
763 1337 837 1388 est,
870 1337 1122 1378 terrenorum
1144 1348 1358 1390 corporum
1379 1336 1700 1377 circumcaesura
1721 1335 1864 1378 finitis.
1883 1353 1912 1375 15

369 1406 467 1458 quid
498 1417 592 1459 ergo
622 1405 836 1446 dicemus?
868 1408 991 1458 caput
1022 1405 1115 1446 deos
1144 1406 1307 1459 gestare
1335 1405 1457 1446 tereti
1485 1405 1739 1446 rotunditate
1770 1405 1865 1446 colli

371 1475 573 1523 erectum,
612 1474 850 1515 retinaculis
882 1486 1099 1515 neruorum
1131 1474 1247 1515 dorso
1287 1474 1508 1529 inligatum
1547 1485 1593 1515 ac
1632 1473 1786 1526 pectori
1815 1463 1867 1514 ‘et

370 1544 422 1584 ad
461 1543 668 1585 ceruicum
709 1543 957 1585 necessarias
989 1543 1180 1585 flexiones
1211 1543 1538 1585 consertionibus
1568 1542 1865 1584 nerticularum

370 1613 492 1665 atque
523 1624 636 1654 ossea
666 1612 969 1654 substructione
1001 1612 1168 1654 fulciri?
1200 1612 1306 1665 quod
1328 1612 1363 1653 si
1384 1612 1632 1665 accipiemus
1654 1613 1701 1652 ut
1723 1623 1867 1652 uerum

368 1681 437 1729 sit,
468 1693 585 1723 aures
616 1682 740 1723 etiam
778 1682 962 1734 sequitur
992 1683 1039 1722 ut
1069 1681 1248 1723 habeant
1287 1681 1423 1723 curuis
1454 1680 1763 1734 perterebratas
1795 1693 1868 1722 an·
1882 1699 1914 1721 ’.ιο

366 1749 584 1802 fractibus,
618 1751 829 1793 oculorum
861 1751 1068 1793 orbiculos
1099 1751 1291 1801 mobiles,
1323 1750 1635 1803 superciliorum
1666 1749 1865 1803 margini-

368 1820 443 1862 bus
483 1821 767 1868 obumbratOS‚
809 1832 1047 1874 suspensum
1088 1820 1306 1862 imbricem
1337 1819 1521 1869 narium,
1560 1818 1867 1861 munctionibus

368 1889 618 1931 muculentis
650 1891 690 1931 et
720 1889 897 1942 spiritali
928 1889 1241 1931 commeabilem
1271 1889 1436 1939 tractui,
1468 1887 1779 1930 subactionibus
1812 1887 1867 1929 ci-

367 1958 512 1999 borum
550 1959 690 2000 dentes
729 1958 829 1999 trini
868 1959 1030 2013 generis
1072 1959 1194 2011 atque
1224 1958 1267 1999 in
1298 1957 1432 1999 officia
1463 1958 1574 1999 trina
1605 1957 1866 2009 compositos,

273 2035 355 2071 f.69
368 2040 515 2068 manus
560 2027 775 2069 ministras
811 2025 818 2080 1
853 2038 1042 2080 operum,
1090 2026 1322 2068 articulatis
1363 2026 1507 2081 digitis
1550 2027 1592 2068 et
1633 2024 1867 2067 cubitorum
1882 2040 1912 2062 ‘35

370 2095 604 2138 mobilitate
635 2097 885 2147 tractabileS,
918 2096 1154 2149 corporibus
1175 2095 1425 2137 sustinendis
1446 2096 1581 2149 pedes,
1615 2093 1867 2147 explicandis

368 2166 576 2219 gressibus
607 2168 649 2207 et
669 2166 936 2220 suggerendis
959 2165 1322 2218 anticipationibus
1343 2165 1521 2206 itionum
1542 2176 1687 2218 genua.
1721 2162 1865 2216 quodsi

417 2373 435 2405 1
461 2371 519 2416 ad]
547 2371 601 2406 lat
626 2371 660 2405 P
677 2382 760 2406 corr
898 2371 1058 2405 attinent
1083 2370 1175 2405 Sab:
1200 2370 1333 2404 attinet
1357 2370 1393 2404 P
1524 2369 1546 2403 2
1570 2378 1752 2402 commune
1778 2366 1868 2402 Surb.-

367 2439 589 2463 communem
614 2430 650 2463 P
801 2430 843 2463 ut
865 2428 939 2463 add
965 2428 1060 2463 Salm
1211 2426 1364 2462 creditae
1390 2426 1462 2461 Sab
1610 2426 1631 2459 8
1657 2425 1748 2459 ullas
1774 2424 1868 2458 Sab:

367 2485 441 2519 ulla
466 2486 500 2520 P
644 2486 687 2520 14
710 2486 818 2520 etiam
842 2486 1046 2520 terminatis
1070 2485 1220 2529 scripsi:
1245 2486 1281 2519 et
1305 2483 1547 2518 atterminatis
1572 2483 1608 2516 P
1627 2482 1733 2516 etiam
1760 2483 1868 2516 atter-

367 2543 515 2577 minatis
532 2543 603 2578 Sab
743 2543 787 2577 16
811 2543 893 2578 colli
917 2544 1070 2577 erectum
1086 2543 1237 2586 scripsi:
1264 2542 1449 2576 collectum
1474 2541 1509 2575 P
1647 2540 1690 2574 18
1715 2539 1759 2573 ad
1785 2538 1867 2581 ›8‹th7

367 2611 408 2635 r.-
441 2611 461 2634 a
486 2601 522 2635 P
658 2601 907 2635 uerticularum
933 2600 977 2636 F.
1004 2601 1152 2635 Dousa:
1178 2600 1353 2634 uerticum
1377 2599 1413 2633 P
1433 2597 1675 2632 uertebrarum
1708 2596 1776 2631 Urs

367 2658 412 2691 20
437 2658 597 2702 sequitur
623 2657 713 2693 Sab:
751 2660 918 2692 secuntur
942 2658 978 2692 P
1142 2659 1180 2691 ut
1206 2656 1280 2690 add
1304 2658 1333 2690 θ’
1497 2653 1615 2689 curbis
1639 2654 1673 2686 P
1695 2664 1777 2687 corr

368 2714 411 2749 21
429 2715 576 2749 mouiles
594 2715 629 2748 P
645 2725 727 2749 corr
863 2715 908 2749 22
925 2714 1107 2748 imbricem
1125 2713 1218 2749 sab.-
1244 2713 1413 2747 imbricen
1432 2712 1466 2746 P
1603 2710 1866 2745 munctionibus

368 2772 449 2812 Sab,
474 2782 515 2806 r:
555 2771 781 2807 unctionibus
806 2773 841 2807 P
1024 2771 1068 2805 23
1092 2771 1323 2806 mucculentis
1349 2770 1442 2805 Sab:
1483 2768 1721 2802 munculentis
1747 2768 1782 2801 P

369 2828 528 2863 ciuorum
546 2829 582 2863 P
594 2840 676 2863 corr
693 2840 712 2863 r
872 2830 918 2863 25
941 2828 1140 2863 articulatis
1164 2829 1316 2872 scripsi:
1345 2826 1505 2862 articulis
1522 2826 1558 2860 P
1691 2825 1735 2859 27
1754 2834 1868 2868 genua

369 2885 499 2921 addidi·
