2032 3248
301 211 379 250 136
924 205 1165 249 Appendix.

295 315 412 351 testes
441 312 591 350 Domini
622 311 926 359 inpugnauerunt
962 311 1028 348 sed
1059 312 1097 348 et
1125 310 1250 357 ipsum
1273 310 1472 347 Dominum
1507 309 1641 357 perfidi
1663 308 1801 355 coloni,

295 381 558 420 contumeliam
581 381 751 419 fecerunt
776 379 877 427 patri
906 379 945 416 in
965 379 1056 417 filio.
1089 380 1179 427 quid
1201 379 1319 427 igitur
1344 379 1450 426 digni
1471 378 1624 417 fuerunt
1647 378 1729 425 pati
1751 378 1798 416 ob

295 451 364 488 hoc
393 450 627 487 admissum?
665 448 810 487 scilicet
840 447 965 495 fugari
994 448 1038 485 de
1059 459 1189 495 regno,
1227 447 1395 485 abdicari
1416 447 1653 485 hereditate:
1687 449 1726 484 et
1747 447 1803 485 ita

295 519 436 556 factum
458 519 516 555 est
539 519 576 554 et
598 517 652 554 ita
672 517 810 563 euenit,
842 516 957 564 digna
985 516 1112 563 dignis
1142 516 1372 564 optigerunt.
1404 517 1513 563 pater
1533 515 1635 553 enim
1657 516 1791 554 contu-

294 587 427 624 melias
448 597 580 633 passus
602 586 641 622 in
662 585 753 631 filio,
792 584 893 622 filius
915 595 1116 632 perpessus
1137 585 1177 622 in
1198 584 1393 632 prophetis
1415 586 1583 632 tempore
1615 596 1687 632 quo
1708 596 1792 622 mo-
1815 596 1832 621 5

294 655 481 692 riebatur:
514 654 554 691 in
588 665 654 692 suo
684 656 850 701 tempore
879 654 1031 691 coactus
1067 655 1125 691 est
1161 652 1420 701 indignatione
1456 652 1619 691 scribere
1652 665 1793 692 nouum

295 724 565 761 testamentum
598 722 781 760 adhibitis
816 721 981 759 testibus
1017 721 1121 760 caelo
1158 724 1195 760 et
1231 723 1333 760 terra
1369 723 1406 759 et
1427 721 1562 769 angelo
1584 722 1630 759 de
1651 721 1794 769 templo

295 791 568 830 adsistentibus
590 790 717 839 Moyse
738 792 775 828 et
796 790 921 828 Helia.
944 791 1013 828 hos
1035 790 1134 829 enim
1150 792 1269 828 testes
1286 790 1473 838 adhibuit,
1498 802 1582 828 cum
1597 791 1796 837 pateretur

296 860 335 897 iu
369 859 509 898 Israel:
541 861 634 898 haec
669 860 724 897 ita
759 859 863 897 facta
889 859 1079 906 praedixit
1109 871 1177 907 per
1197 859 1402 908 prophetas
1424 859 1485 897 his
1506 859 1654 898 uerbis:
1687 858 1802 897 audi

298 929 477 967 caelum
526 930 572 966 et
620 928 797 976 praebe
855 939 1012 966 aurem
1061 929 1222 975 terra,
1282 928 1508 976 quoniam
1558 928 1794 966 Dominus
1819 942 1854 967 lo

297 997 489 1035 locutus
527 999 621 1035 est:
663 997 805 1035 filios
843 996 989 1045 genui
1030 998 1077 1035 et
1116 997 1357 1044 exaltaui,
1397 997 1494 1045 ipsi
1533 998 1689 1035 autem
1729 1007 1798 1034 me

299 1066 700 1113 repudiauerunt.

255 1131 281 1167 4
351 1135 431 1172 Has
452 1146 562 1173 uoces
584 1135 716 1172 effudit
737 1134 920 1172 Dominus
949 1134 989 1171 in
1009 1134 1129 1172 Israel
1150 1134 1363 1172 uociferans
1385 1134 1514 1172 dicens
1533 1148 1541 1172 z
1573 1126 1656 1172 ‘uos
1678 1133 1802 1172 nolui-

294 1203 376 1250 stis,
399 1203 466 1240 alii
487 1215 544 1241 me
565 1203 749 1251 recipient
770 1203 835 1251 qui
856 1204 1023 1241 nondum
1043 1215 1113 1241 nec
1133 1203 1364 1241 mentionem
1384 1202 1461 1241 mei
1483 1203 1697 1240 audierunt.
1731 1214 1799 1241 uos

296 1272 448 1320 nuptias
483 1284 585 1310 meas
623 1272 836 1320 spreuistis,
874 1272 941 1310 alii
977 1272 1086 1310 ibunt
1115 1272 1180 1319 qui
1209 1283 1284 1310 non
1306 1275 1396 1310 sunt
1416 1272 1553 1310 uocati.
1585 1283 1652 1309 uos
1674 1283 1800 1309 meum
1817 1285 1853 1309 15

296 1353 358 1379 rus
395 1343 432 1379 et
470 1342 620 1379 uineam
654 1341 774 1380 colere
802 1341 1022 1388 recusastis,
1059 1341 1159 1379 unde
1188 1341 1335 1379 fructus
1357 1340 1528 1378 iustitiae
1550 1340 1799 1388 proueniunt:

297 1411 361 1447 alii
396 1411 520 1449 colent
541 1412 578 1448 et
606 1410 751 1448 fructus
774 1409 921 1457 capient
941 1410 982 1447 in
1001 1403 1104 1448 Deo’.
1136 1421 1231 1458 quae
1253 1411 1312 1448 est
1332 1409 1410 1447 ista
1429 1411 1508 1447 tam
1528 1409 1611 1447 dira
1632 1420 1739 1447 mens
1763 1411 1803 1446 et

298 1479 505 1517 execranda
540 1479 748 1526 cogitatio?
781 1478 991 1517 interficere
1028 1490 1116 1527 ergo
1151 1478 1330 1526 potuistis
1364 1489 1492 1526 regem
1527 1480 1566 1515 et
1588 1480 1798 1525 sponsum?

300 1550 452 1596 propter
482 1550 551 1586 hoc
573 1548 681 1586 testis
703 1551 761 1587 est
791 1548 936 1587 caelum
958 1549 995 1586 et
1016 1549 1118 1586 terra
1139 1550 1177 1587 et
1198 1559 1294 1596 quae
1316 1547 1355 1585 in
1375 1547 1455 1585 illis
1478 1545 1568 1586 sunt
1589 1546 1799 1586 elementa:

300 1617 453 1664 insuper
487 1619 525 1655 et
561 1618 679 1655 omnis
716 1620 888 1656 creatura
920 1617 1034 1657 testis
1062 1618 1121 1656 est
1153 1617 1193 1655 in
1225 1618 1385 1655 mortem
1421 1616 1575 1654 Christi.
1610 1628 1630 1655 o
1662 1627 1799 1654 nouam
1820 1627 1856 1651 ρο

295 1685 570 1724 crudelitatem.
620 1689 804 1725 commota
851 1689 908 1725 est
948 1686 1070 1726 omnis
1110 1685 1294 1724 natiuitas
1335 1686 1375 1723 iu
1414 1685 1565 1723 Domini
1605 1684 1797 1732 passione,

295 1754 455 1802 populus
476 1755 616 1793 mansit
645 1755 837 1794 inmobilis
871 1756 951 1794 sine
972 1756 1247 1803 trepidatione:
1280 1754 1438 1803 angelus
1459 1754 1496 1792 in
1518 1753 1795 1802 paenitentiam

295 1823 482 1862 conscisso
498 1824 684 1862 uelamine
705 1825 859 1874 refugit,
881 1825 989 1873 plebs
1010 1825 1090 1862 sine
1111 1815 1417 1872 pauore'integra
1433 1825 1539 1862 ueste
1562 1823 1796 1870 permansit:

392 1980 414 2014 9
439 1979 496 2014 Es.
523 1980 554 2022 1,
579 1981 610 2015 2.

389 2134 408 2166 1
433 2133 503 2178 ipsi
527 2133 671 2169 domino
696 2146 729 2177 v,
754 2134 870 2178 ipsum
895 2123 1016 2169 dffi‘B
1133 2134 1162 2169 Ο
1187 2134 1311 2178 perfidi
1337 2134 1373 2168 Β
1488 2133 1510 2167 2
1534 2132 1695 2167 fecerunt
1719 2142 1754 2176 p.
1780 2132 1806 2164 i.

297 2190 334 2234 f.]
360 2191 454 2234 patri
478 2191 516 2225 in
540 2191 614 2226 filio
639 2191 830 2226 inferentes
856 2192 891 2226 Β
1054 2191 1141 2236 quid
1164 2191 1290 2236 igitur]
1319 2191 1380 2235 qui
1405 2190 1537 2225 dicitur
1564 2190 1597 2224 T
1748 2189 1807 2234 ob]

296 2247 340 2281 ab
369 2247 452 2292 Q¹T
601 2248 623 2282 3
648 2259 726 2283 cum
752 2249 889 2283 scilicet
915 2249 951 2283 Β
1107 2249 1342 2283 hereditatem
1369 2248 1473 2294 BTQ
1486 2248 1542 2282 ’Μ
1546 2250 1556 2265 ¹
1708 2248 1731 2282 4
1757 2249 1812 2282 est

298 2315 361 2338 om.
388 2305 424 2339 B
587 2308 797 2352 optegerunt
825 2307 894 2353 ΩΤ
1062 2307 1315 2342 contumeliam
1341 2318 1361 2342 v
1532 2308 1554 2341 5
1578 2306 1654 2340 filio
1680 2306 1705 2342 f.
1731 2316 1810 2350 per-

298 2372 418 2405 pessus
443 2373 506 2397 om.
534 2363 570 2397 Β
720 2364 965 2399 moriebantur
990 2376 1011 2399 v
1165 2365 1184 2398 7
1211 2364 1264 2409 de]
1292 2366 1327 2399 et
1352 2365 1419 2411 BQ
1557 2364 1579 2398 8
1603 2374 1750 2408 moysen
1776 2365 1813 2397 et

296 2418 416 2452 helian
444 2419 516 2465 ΩΤ,
541 2431 683 2465 moysen
709 2422 744 2456 et
769 2422 895 2466 angelo
925 2422 960 2456 Β
1184 2422 1205 2456 9
1230 2423 1420 2467 prophetas
1446 2422 1500 2456 ita
1524 2421 1702 2466 praedixit
1727 2421 1763 2455 B

302 2475 345 2509 10
368 2477 500 2511 terram
525 2478 559 2511 Β
667 2479 709 2512 12
733 2478 1022 2524 repudiauerunt]
1049 2481 1258 2523 spreuerunt
1284 2480 1342 2515 Βυ
1447 2479 1491 2513 13
1515 2478 1668 2513 effundit
1693 2478 1763 2524 BQ

301 2533 475 2568 uociferas
502 2534 534 2568 Τ
698 2538 735 2570 et
759 2535 878 2571 dicens
904 2536 991 2571 ΒΜ
996 2537 1027 2571 'v
1195 2537 1364 2571 noluistis
1389 2536 1477 2578 BT,
1501 2547 1556 2570 me
1581 2536 1751 2570 noluistis
1775 2546 1809 2577 v,

299 2590 465 2624 noluistis
489 2602 545 2626 me
568 2592 719 2636 recipere
746 2593 776 2639 Q
933 2593 978 2627 14
1000 2604 1064 2628 nec
1088 2605 1173 2638 emp.
1200 2594 1250 2628 M
1401 2594 1445 2627 15
1470 2593 1705 2638 expraeuistis
1733 2593 1763 2638 Q

300 2646 415 2691 ibunt]
443 2650 526 2681 sunt
552 2649 584 2682 Τ
730 2650 851 2685 uocati
876 2650 954 2696 ΜΩ
978 2651 1020 2685 in
1043 2654 1196 2695 utroque
1221 2661 1241 2685 a
1267 2661 1360 2685 corr.
1509 2650 1551 2685 16
1575 2660 1631 2684 ros
1658 2650 1767 2695 BQT

303 2705 444 2738 uineam
469 2716 583 2739 meam
610 2718 630 2741 υ
769 2708 811 2741 17
837 2708 993 2742 fructum
1021 2708 1051 2754 Q
1190 2710 1245 2743 est
1270 2719 1335 2743 om.
1361 2719 1382 2743 v
1522 2708 1565 2742 19
1590 2709 1699 2741 testes
1725 2709 1812 2741 sunt

304 2772 333 2802 v,
359 2761 463 2795 testis
489 2764 523 2796 et
552 2764 585 2797 Τ
730 2766 825 2799 terra
850 2765 897 2810 et]
924 2767 1054 2799 terram
1080 2766 1115 2800 Β
1263 2765 1309 2800 20
1332 2765 1475 2810 insuper
1499 2765 1547 2810 et]
1574 2765 1720 2808 insuper
1746 2775 1766 2798 v

301 2818 346 2852 21
370 2819 566 2862 passionem
594 2820 625 2853 Τ
776 2821 821 2855 23
847 2822 984 2857 conciso
1009 2823 1066 2857 Bv
1204 2823 1304 2867 pleps
1333 2823 1372 2863 T,
1398 2822 1499 2867 plebs
1523 2823 1643 2856 autem
1674 2821 1765 2868 BQv
