2032 3248
459 246 516 280 De
542 245 879 289 singularitate
905 243 1170 277 clericorum
1196 253 1224 276 c.
1251 243 1397 277 29—32.
1592 245 1675 286 207

173 355 309 393 cuitu
331 354 496 391 uestro
519 351 734 389 fecistis.
777 350 991 397 pudendum
1023 348 1148 387 nescio
1171 349 1261 396 quid
1284 348 1435 386 dilectio
1458 348 1532 386 ista
1555 348 1673 396 signi-

173 423 272 469 ficat,
297 434 379 460 eum
403 420 617 467 extorqueri
639 422 769 458 contra
789 421 964 456 naturam
983 420 1149 465 putatur.

229 491 365 529 Adhuc
388 489 507 527 habeo
530 489 619 536 quid
642 488 792 525 mirari:
836 499 918 524 curn
954 487 1103 524 uideam
1139 487 1183 524 de
1214 486 1442 523 Christianis
1475 486 1673 534 plerosque
1690 485 1740 522 31

172 560 326 598 maritos
348 558 492 606 pariter
512 559 550 595 et
566 569 700 595 uxores
718 555 990 594 continentiam
1007 555 1241 592 destinantes
1259 554 1448 592 domicilia
1465 555 1676 602 singularia

146 642 159 665 5
174 628 295 676 magis
317 628 471 675 eligere,
494 629 536 663 ut
558 636 761 664 consensus
779 624 1029 662 communium
1048 625 1218 661 uotorum
1236 623 1316 661 sine
1334 623 1547 661 irritatione
1565 635 1675 671 prae·-

171 697 314 735 sentiae
337 696 583 734 concordante
606 705 757 732 secessu
780 693 933 731 ualeant
964 693 1152 737 obtinere,
1178 692 1238 741 [et]
1263 692 1425 730 eunuchi
1460 692 1580 730 nostri
1602 704 1675 730 non

173 767 310 803 durant
331 764 410 802 sine
432 764 595 802 feminae
618 762 818 801 sodalitate
842 761 1029 799 dormire?
1073 762 1172 809 apud
1208 761 1294 798 illos
1331 772 1433 799 amor
1465 761 1675 809 coniugalis

171 833 424 872 continentiae
447 843 572 870 amore
594 832 787 878 pensatur,
831 832 869 868 et
905 830 1006 877 apud
1036 831 1221 878 spadones
1244 830 1474 868 cohabitatio
1514 830 1675 869 feminae

170 914 373 949 numquam
396 903 521 949 potest
543 901 682 938 habere
704 899 911 937 fastidium.
951 899 1055 937 dicat
1091 911 1189 936 nunc
1226 899 1482 937 eunuchorum
1515 899 1674 946 caritas,

127 987 157 1011 ιο
172 971 292 1016 dicat,
335 982 380 1008 ne
402 970 498 1007 forte
520 969 558 1006 in
580 969 651 1006 hac
679 967 889 1005 secessione
912 967 1034 1014 magis
1057 967 1267 1014 coniugalis
1298 967 1437 1005 caritas
1460 969 1601 1015 peccet,
1634 968 1677 1004 ut

171 1039 332 1088 apostoli
368 1038 478 1076 Pauli
515 1036 711 1075 consilium
748 1036 922 1074 uideatur
962 1036 1187 1083 coniugibus
1218 1036 1430 1074 insinuasse
1449 1035 1674 1074 diuortium:

170 1112 383 1156 tempus,
417 1107 552 1154 inquit,
599 1107 718 1153 quod
749 1107 910 1142 restat
940 1105 1083 1142 breue
1115 1106 1199 1142 est.
1245 1105 1489 1152 reliquum
1520 1105 1676 1143 estut

171 1182 218 1216 et
264 1178 343 1225 qui
390 1176 571 1214 habent
615 1185 790 1212 uxores
841 1174 909 1211 sie
955 1173 1053 1211 sint
1106 1174 1246 1221 quasi
1290 1185 1380 1211 non
1425 1173 1673 1212 habentes.

171 1249 313 1295 quanta
349 1245 579 1293 peruersitas
615 1243 828 1281 dilectionis
864 1243 1095 1289 intenditur,
1129 1245 1172 1279 ut
1207 1242 1271 1289 qui
1309 1243 1450 1280 habent
1472 1243 1580 1290 quasi
1601 1254 1676 1280 non

124 1333 155 1357 ιε,
170 1317 353 1354 habentes
375 1326 458 1353 esse
480 1314 651 1351 nitantur
673 1315 710 1350 et
732 1313 796 1360 qui
819 1324 891 1349 non
913 1312 1055 1349 habent
1077 1311 1185 1359 quasi
1206 1312 1388 1349 habentes
1410 1323 1492 1350 esse
1511 1312 1675 1359 glorien-

169 1388 241 1423 tur.
265 1386 308 1422 de
331 1383 391 1421 his
414 1384 492 1430 ipse
515 1382 710 1430 apostolus
732 1382 804 1419 ait:
837 1381 994 1428 gloria
1026 1380 1071 1418 in
1101 1380 1411 1428 turpitudine
1448 1380 1672 1428 ipsorum.

228 1452 387 1491 Dilectio
410 1455 487 1492 est.
512 1451 699 1498 inquiunt.
742 1461 761 1487 o
785 1449 936 1487 dilectio
967 1461 1061 1496 quae
1100 1449 1244 1487 inuidet
1266 1449 1351 1487 sibi.
1375 1461 1394 1488 o
1417 1449 1556 1487 caritas
1579 1461 1673 1497 quae
1691 1453 1742 1490 32

170 1522 274 1570 cupit
296 1533 334 1560 se
356 1520 635 1568 uituperatione
658 1518 818 1557 laudari.
851 1519 993 1566 grande
1010 1518 1247 1564 miraculum,
1270 1521 1312 1555 ut
1329 1518 1518 1566 uirginum
1536 1519 1675 1556 caritas

174 1591 340 1638 uirgines
378 1589 496 1627 saciat
532 1588 638 1626 uelut
676 1588 852 1635 coniuges
889 1587 989 1625 credi
1026 1588 1064 1624 et
1101 1587 1302 1634 coniugum
1335 1587 1473 1624 caritas
1496 1587 1674 1635 coniuges

127 1674 158 1699 20
173 1659 285 1697 faciat
307 1659 414 1696 uelut
435 1658 602 1705 uirgines
623 1656 829 1694 aestimari.
855 1667 938 1694 ecce
956 1668 1045 1694 uera
1062 1656 1215 1694 dileetio
1233 1668 1327 1703 quae
1347 1656 1385 1693 in
1403 1657 1674 1704 coniugalitate

171 1727 329 1773 diuidit,
352 1729 394 1764 ut
416 1727 453 1763 in
476 1726 651 1764 castitate
678 1725 896 1773 coniungat.
939 1736 1022 1763 ecce
1047 1727 1178 1762 sancta
1200 1724 1350 1762 dilectio
1375 1736 1469 1772 quae
1493 1726 1674 1773 coniuga-

171 1796 271 1833 libus
294 1796 340 1833 ad
363 1806 595 1833 communem
618 1795 765 1832 laudem
790 1793 934 1831 inducit
956 1794 1180 1831 absentiam.
1224 1794 1263 1830 hi
1295 1805 1360 1840 pro
1384 1797 1484 1831 certo
1508 1805 1588 1832 sese
1612 1795 1671 1832 in-

172 1863 436 1912 separabiliter
457 1863 647 1911 diligunt.
672 1862 735 1910 qui
758 1865 799 1899 nt
821 1863 1035 1909 triumphos
1058 1862 1130 1899 sibi
1153 1862 1319 1900 inferant
1349 1875 1370 1899 a
1393 1874 1431 1900 se
1454 1863 1525 1910 ipsi
1549 1863 1674 1901 disce-

171 1933 285 1970 dunt:
310 1933 444 1980 quibus
464 1944 530 1970 nec
551 1932 691 1969 crimen
713 1943 780 1969 nec
802 1934 938 1968 natura
960 1943 1027 1969 nec
1050 1932 1111 1968 lex
1132 1943 1199 1969 nec
1222 1931 1404 1969 Dominus
1427 1943 1495 1969 nec
1516 1934 1671 1979 aposto-

124 2002 229 2039 251115
250 2004 475 2049 potestatem
500 2001 610 2038 unius
634 2001 932 2038 conuersationis
956 2000 1153 2037 interdixit
1174 2002 1239 2037 aut
1261 2000 1368 2050 tulit,
1389 2001 1454 2038 sed
1474 2013 1539 2048 pro
1561 2003 1672 2039 tuen-

171 2071 228 2107 dis
270 2071 423 2117 paribus
456 2070 552 2107 uotis
595 2071 737 2107 semota
774 2069 1021 2106 unanimitate
1059 2069 1253 2106 absentari
1291 2069 1431 2107 caritas
1467 2070 1670 2117 persuasit.

171 2140 228 2176 illi
251 2151 339 2177 uero
362 2139 515 2176 uideant
539 2139 643 2176 cuius
667 2139 717 2176 sit
738 2140 877 2176 caritas
900 2151 1010 2186 quam
1033 2140 1231 2183 uouerunt,
1256 2138 1318 2185 qui
1346 2149 1413 2176 nec
1436 2138 1585 2175 crimini
1606 2149 1674 2176 nec

170 2211 327 2246 naturae
351 2220 416 2246 nec
439 2208 515 2255 legi
547 2219 613 2245 nec
638 2208 793 2245 Domino
817 2219 884 2245 uec
906 2207 1074 2255 apostolo
1113 2218 1179 2244 nec
1203 2207 1275 2254 ipsi
1298 2207 1561 2254 coniugalitati
1586 2218 1670 2244 suc-

264 2353 304 2386 12
332 2352 347 2385 Ι
375 2353 449 2386 Cor.
478 2352 506 2391 7,
533 2352 586 2384 ⁸29.
730 2352 771 2385 16
798 2351 892 2385 Phil.
919 2352 950 2386 3.
979 2352 1029 2385 19.

260 2512 282 2546 2
308 2522 386 2545 cum
411 2512 550 2555 scripsi,
577 2513 632 2545 cui
658 2512 695 2550 C,
722 2522 809 2555 quae¹
835 2524 855 2546 v
950 2514 1095 2556 putatur
1119 2513 1146 2547 C
1162 2523 1187 2546 s.
1207 2513 1226 2546 l.
1249 2523 1291 2546 m.
1312 2514 1336 2545 2
1430 2512 1451 2546 3
1476 2512 1568 2555 quod
1592 2512 1620 2547 G

170 2568 269 2602 uideo
297 2569 340 2603 C*
479 2570 499 2602 ἴ)
525 2580 692 2602 consensu
717 2581 736 2603 T
884 2571 1103 2612 praesentiae
1129 2572 1164 2603 et
1191 2581 1208 2603 v
1341 2570 1358 2603 7
1386 2570 1570 2603 soliditate
1598 2570 1627 2604 C

168 2627 189 2658 9
214 2636 304 2659 nunc
330 2637 394 2659 0172.
423 2638 440 2660 z·
609 2627 652 2660 10
676 2630 794 2670 peccet
826 2627 854 2661 C
878 2629 913 2659 ct
938 2628 975 2660 1η
1001 2638 1070 2660 ras.
1239 2628 1278 2660 11
1306 2627 1552 2670 coniugalibus
1579 2628 1623 2661 (J1

172 2683 212 2715 13
238 2683 310 2716 sint
336 2694 400 2716 mn.
428 2695 447 2717 v
588 2684 630 2717 14
656 2688 833 2726 quanta..
852 2695 942 2717 ‚non
970 2684 1139 2718 habentes
1166 2695 1230 2718 om.
1260 2696 1277 2718 v
1425 2701 1499 2717 *Η
1519 2685 1619 2727 quasi
1644 2684 1673 2719 C

170 2739 198 2771 si
224 2750 248 2772 s.
275 2740 296 2772 l.
443 2741 485 2773 Ιὸ
511 2751 545 2773 se
572 2751 615 2773 ω·
641 2742 675 2774 te
702 2742 730 2774 ζ’
882 2741 918 2774 111
945 2741 1207 2785 uituperatione
1233 2754 1251 2773 v
1394 2743 1435 2775 13>
1461 2742 1548 2775 facit
1579 2742 1623 2777 C¹

168 2795 211 2828 23
235 2796 319 2839 ipsis
348 2809 363 2830 ι·
502 2797 546 2830 25
572 2798 848 2831 conuersationis
874 2809 938 2832 om.
970 2810 986 2832 ι·
1111 2799 1152 2832 27
1181 2798 1326 2832 uideant
1357 2799 1393 2834 C.
1420 2798 1576 2832 uiderint
1601 2809 1620 2833 v

169 2852 265 2884 cuius
293 2854 329 2887 (J.
356 2853 440 2896 quid
466 2865 485 2888 2·
626 2858 798 2888 nonerunt
826 2855 854 2889 C
992 2856 1136 2890 crimine
1166 2858 1210 2890 (2¹¹
