2032 3248
451 221 504 262 66
1082 214 1327 260 Appendix.

450 325 496 361 et
536 334 637 361 cum
689 323 964 369 inuenerit,
1017 324 1256 360 conuocat
1304 322 1486 360 amicas
1527 323 1574 361 et
1614 321 1809 360 uicinas
1851 334 1963 360 suas

449 392 637 430 dicens:
680 391 1008 440 gratulamini
1049 391 1187 438 mihi,
1230 392 1459 439 quoniam
1500 391 1670 429 inueni
1711 391 1963 429 denarium

449 472 582 509 quem
617 461 937 508 perdideram.
980 460 1086 498 dico
1122 459 1263 498 uobis
1301 461 1414 508 quia
1462 461 1562 498 tale
1599 460 1828 508 gaudium
1865 461 1963 498 erit

447 530 495 567 in
525 532 790 577 conspectu
820 529 1105 578 angelorum
1127 529 1214 566 Dei
1235 541 1382 577 super
1402 541 1492 567 uno
1514 530 1777 577 peccatore
1798 530 1962 577 paeni-

446 599 653 637 tentiam
688 600 876 647 agente.
919 609 938 636 e
968 598 1155 636 contrario
1185 599 1312 636 autem
1343 609 1417 636 non
1447 599 1603 646 agentes
1634 598 1843 636 facinorum
1873 609 1991 636 suo-5

446 680 530 706 rum
558 668 830 716 paenitentiam
859 679 954 716 quae
983 679 1045 705 eos
1075 669 1251 705 maneant
1282 679 1326 706 ex
1358 668 1480 715 ipsius
1513 667 1666 706 Domini
1693 679 1875 715 responso
1898 679 1961 706 co-

448 739 644 784 gnoscant.
686 737 849 786 legimus
872 737 971 774 enim
993 737 1033 774 in
1053 736 1250 785 euangelio
1282 737 1380 784 quod
1410 737 1604 785 quidam
1633 738 1877 774 uenerunt
1906 736 1959 775 de

447 805 685 844 Galilaeis
734 807 791 844 ad
830 804 1108 852 Dominum,
1160 805 1515 843 adnuntiantes
1553 805 1594 843 ei
1646 806 1697 843 de
1743 804 1815 843 eis
1853 816 1960 853 quo-

445 886 547 912 rum
569 875 851 923 sanguinem
871 874 1285 912 miscuitPilatus
1307 885 1407 912 cum
1428 873 1958 922 sacrificiisipsorum:

444 943 624 990 quibus
664 943 920 991 respondit
961 942 1196 981 Dominus
1235 943 1427 981 dicens:
1472 943 1676 991 putatis
1718 943 1832 992 quia
1872 943 2007 981 illim

445 1012 662 1050 Galilaei
699 1023 845 1061 super
883 1013 1076 1051 ceteros
1120 1012 1382 1051 Galilaeos
1412 1014 1707 1060 peccatores
1739 1012 1954 1065 fuerant,

446 1081 562 1129 quia
602 1081 735 1129 passi
783 1082 899 1119 sunt
938 1081 1094 1119 talia?
1134 1093 1236 1120 11011.
1286 1081 1396 1120 (1100
1436 1081 1564 1120 0111111
1602 1082 1773 1129 uobis,
1819 1081 1958 1130 inquit,

447 1149 558 1197 quia
595 1150 698 1188 nisi
736 1150 1094 1198 paenitentiam
1126 1149 1365 1198 egeritis,
1410 1162 1571 1189 omnes
1603 1150 1852 1189 similiter
1882 1162 1957 1199 pe-

443 1218 599 1256 rietis.
656 1221 739 1257 aut
784 1219 865 1257 illi
921 1220 1081 1257 decem
1138 1221 1185 1257 et
1238 1221 1346 1258 octo
1399 1230 1547 1267 super
1600 1231 1718 1268 quos
1777 1219 1960 1258 cecidit

443 1287 600 1325 turris
631 1288 678 1325 in
718 1288 872 1335 Siloa,
904 1288 1098 1335 putatis
1139 1288 1255 1336 quia
1285 1288 1546 1326 debitores
1577 1288 1782 1327 fuerunt
1812 1288 2004 1327 morti15

442 1368 586 1404 super
625 1368 786 1395 omnes
827 1358 1046 1396 homines
1079 1357 1161 1405 qui
1198 1357 1500 1395 habitabant
1530 1358 1579 1395 in
1609 1357 1956 1396 Hierusalem?

442 1437 544 1472 non,
577 1425 683 1464 dico
712 1426 867 1473 uobis,
900 1426 1037 1474 inquit,
1060 1427 1171 1474 quia
1201 1426 1299 1464 nisi
1331 1426 1697 1474 paenitentiam
1729 1426 1955 1475 egeritis,

442 1506 606 1533 omnes
638 1495 884 1533 similiter
915 1495 1146 1543 perietis.

379 1564 429 1602 16
499 1563 718 1602 Excitemus
747 1564 874 1612 itaque
902 1576 970 1602 nos
992 1566 1177 1613 quantum
1212 1576 1426 1613 possumus,
1459 1565 1598 1603 fratres
1621 1564 1883 1612 dilectissimi,
1917 1565 1956 1602 et

444 1632 604 1680 abrupto
634 1633 792 1670 inertiae
821 1635 859 1671 et
897 1634 1114 1671 securitatis
1149 1645 1277 1672 somno
1309 1634 1356 1671 ad
1390 1634 1627 1671 obseruanda
1659 1633 1811 1671 Domini
1842 1644 1952 1681 prae·
1967 1644 2001 1670 20

442 1702 551 1748 cepta
573 1700 790 1749 uigilemus.
820 1713 1044 1750 quaeramus
1081 1704 1162 1740 tota
1183 1704 1307 1740 mente
1330 1702 1431 1750 quod
1451 1702 1696 1749 perdidimus,
1719 1703 1761 1739 ut
1783 1701 1954 1740 inuenire

440 1769 649 1817 possimus:
697 1770 808 1818 quia
849 1770 1130 1821 quaerenti,
1178 1771 1231 1809 ait
1278 1770 1479 1819 scriptura,
1527 1770 1734 1809 dabitur
1774 1772 1819 1808 et
1849 1769 1953 1818 pul-

441 1838 578 1875 santi
608 1839 888 1887 aperietur.
931 1841 1156 1878 mundemus
1186 1841 1337 1879 domum
1373 1842 1543 1879 nostram
1565 1840 1751 1878 munditia
1773 1838 1952 1887 spiritali,

439 1908 481 1944 ut
518 1909 663 1946 secreta
699 1920 867 1956 quaeque
897 1910 935 1946 et
964 1909 1094 1946 abdita
1130 1909 1295 1957 pectoris
1327 1909 1447 1947 nostri
1478 1921 1566 1947 uero
1596 1908 1785 1956 euangelii
1807 1907 1951 1946 lumine

439 1976 586 2015 radiata
615 1977 764 2016 dicant:
801 1978 896 2015 tibi
934 1977 1033 2016 soli
1068 1978 1258 2026 deliqui
1295 1980 1344 2016 et
1387 1978 1741 2026 nequissimum
1769 1977 1815 2014 in
1844 1988 1997 2018 con-2⁵

439 2047 612 2096 spectu
646 2048 729 2085 tuo
764 2046 880 2085 feci:
922 2047 1010 2095 quia
1046 2058 1171 2085 mors
1212 2049 1532 2095 peccatorum
1572 2047 1698 2085 mala
1741 2048 1787 2084 et
1828 2046 1952 2094 apud

437 2113 624 2154 inferos
661 2115 981 2163 paenitentia
1017 2116 1179 2155 nulla:
1222 2117 1406 2156 habentes
1444 2117 1484 2154 in
1517 2114 1836 2164 contemplatione
1868 2127 1949 2153 ma-

439 2184 537 2222 xime
558 2183 657 2222 diem
678 2183 808 2222 iudicii
830 2186 868 2223 et
888 2185 1174 2224 retributionis:
1209 2187 1247 2224 et
1270 2186 1371 2233 quod
1392 2186 1439 2224 ab
1462 2186 1635 2224 omnibus
1656 2185 1766 2224 nobis
1789 2185 1946 2222 creden-

528 2347 548 2381 7
574 2347 658 2382 Luc.
692 2347 751 2390 13,
777 2348 876 2383 1—5.
1111 2348 1156 2383 22
1189 2348 1270 2383 Luc.
1306 2348 1360 2390 11,
1387 2348 1441 2383 10.
1674 2348 1719 2382 25
1744 2348 1801 2381 Ps.
1833 2347 1888 2389 50,
1915 2347 1947 2381 6.

436 2404 481 2438 26
505 2404 561 2438 Ps.
588 2405 643 2447 33,
669 2405 723 2439 22.

529 2553 548 2587 1
574 2564 655 2588 suas
681 2564 750 2588 om.
776 2565 798 2590 v
966 2555 989 2590 2
1014 2555 1315 2600 congratulamini
1338 2567 1360 2591 v
1530 2554 1556 2591 4
1580 2545 1624 2588 df>
1650 2553 1694 2588 K
1715 2564 1734 2588 0
1759 2553 1801 2587 in
1826 2562 1900 2587 ‘ra-s.

437 2609 459 2643 5
483 2610 674 2654 agentibus
700 2611 743 2645 K
877 2612 899 2647 6
926 2615 1122 2658 agnoscant
1146 2613 1188 2648 K
1324 2614 1343 2647 7
1370 2614 1464 2648 enim
1489 2623 1556 2647 om.
1581 2611 1626 2646 K
1759 2610 1802 2644 12
1827 2609 1946 2653 inquit

435 2667 518 2711 quia
544 2678 611 2703 om.
636 2680 657 2703 v
796 2670 841 2705 15
864 2670 946 2705 silia
970 2671 1014 2705 K
1023 2673 1033 2689 ¹
1176 2671 1220 2707 17
1246 2671 1315 2705 nisi
1341 2682 1386 2706 ex
1410 2670 1448 2704 ni
1473 2670 1515 2704 K
1535 2681 1580 2704 m.
1599 2671 1622 2703 2
1761 2668 1804 2702 19
1829 2677 1946 2711 posse-

433 2735 512 2759 mus
537 2725 580 2759 K
690 2727 736 2761 20
760 2728 796 2761 01
821 2728 1037 2774 securitatis]
1064 2729 1231 2763 ueritatis
1257 2729 1300 2764 K
1413 2727 1548 2762 somnio
1574 2726 1618 2760 K
1721 2725 1776 2769 ad]
1803 2725 1838 2758 eb
1862 2724 1906 2758 K

432 2782 477 2816 21
502 2782 671 2829 inuenire]
698 2795 779 2819 uere
804 2785 846 2820 K
852 2798 861 2828 ;
886 2787 933 2830 cf.
953 2797 1043 2831 pay.
1068 2789 1123 2828 57,
1149 2790 1193 2823 10
1344 2785 1389 2821 23
1413 2784 1608 2820 munditias
1635 2782 1810 2831 spiritalis
1836 2781 1879 2815 K
1889 2782 1901 2799 ¹

431 2839 477 2874 24
502 2849 522 2873 a
546 2841 696 2884 pectoris
721 2842 764 2876 K
938 2844 983 2878 25
1007 2843 1167 2888 delinqui
1192 2844 1236 2879 K
1243 2845 1254 2862 ¹
1430 2842 1473 2877 27
1500 2839 1834 2885 contemplationem
1860 2838 1904 2872 K
