2032 3248
463 243 529 274 LII

463 334 640 388 quodam
657 333 857 388 magistro
875 347 922 375 ex
942 333 1162 376 Veronensi
1184 334 1406 388 exemplari
1422 335 1490 377 uel
1506 335 1593 378 eius
1610 347 1777 390 prorsus
1794 336 1970 391 gemello

462 410 576 452 totus
597 409 656 451 sic
678 408 918 451 emendatus
940 408 1080 460 fuerit,
1107 410 1156 450 ut
1176 409 1371 451 lectiones
1395 423 1518 463 supra
1537 411 1667 452 lineas
1689 411 1968 453 adscriberen-

463 485 546 535 tur,
576 484 683 526 unde
712 484 833 526 modo
854 484 897 525 in
919 483 949 526 O
969 484 1090 525 modo
1111 484 1155 525 in
1174 484 1224 535 R,
1246 484 1409 538 saepius
1430 485 1472 526 in
1493 486 1715 539 utrumque
1736 485 1970 536 transirent,

465 559 657 613 equidem
679 559 820 600 nullus
842 559 998 601 dubito.
1022 560 1070 601 tu
1088 572 1184 601 uero
1201 559 1306 601 hanc
1327 560 1603 613 opinationem
1625 560 1712 602 siue
1733 560 1970 614 probaueris

465 634 552 676 siue
573 633 774 685 reieceris‚
804 633 848 675 id
870 633 1065 676 concedas
1086 646 1247 676 necesse
1269 634 1331 676 est
1353 635 1523 676 eandem
1543 635 1746 677 rationem
1768 636 1968 687 criticam,

262 723 331 750 nius
349 723 439 750 inter·
465 709 635 751 eandem
666 709 996 751 coniecturarum
1026 708 1291 764 farraginem,
1325 710 1499 751 eandem
1528 710 1808 764 interpolandi
1842 710 1969 752 auda-

243 771 454 845 Poffffig‘c’ffiag‘
465 783 574 826 ciam
602 784 724 837 atque
746 784 989 826 Veronensis
1018 796 1105 826 esse
1132 784 1459 826 demonstratum
1484 785 1557 836 est,
1588 784 1629 826 in
1651 785 1727 826 hoc
1747 784 1854 826 libro
1876 797 1972 827 con-

464 858 581 913 spici.
613 871 710 900 nam
732 859 773 900 et
793 858 882 913 ipse
912 859 1085 901 obscura
1118 859 1366 913 explanaust,
1399 861 1590 913 corrupta
1621 860 1689 901 uel
1720 872 1822 913 quae
1853 860 1970 902 uide-

463 933 614 976 bantur
649 934 771 989 longe
807 947 831 976 a
867 934 1046 989 genuina
1083 934 1327 976 mendorum
1362 933 1496 976 forma
1532 933 1749 976 deflectens
1785 934 1973 986 correxit‚

463 1008 606 1050 durius
628 1008 741 1051 dicta
760 1009 996 1062 perpoliuit‚
1027 1009 1183 1051 rariora
1203 1009 1448 1064 uulgaribus
1470 1009 1737 1063 permutauit,
1761 1010 1809 1051 ut
1829 1008 1972 1051 fallaci

464 1083 597 1137 specie
618 1083 780 1138 decepti
800 1084 1030 1138 permultas
1051 1083 1247 1126 lectiones
1262 1083 1358 1125 inde
1374 1083 1529 1137 petitas
1551 1083 1758 1126 mordicus
1779 1083 1972 1125 tenerent
2017 1109 2019 1111 -

465 1159 655 1201 editores.
696 1170 778 1200 non
817 1159 965 1200 multis
1007 1158 1205 1212 exemplis
1238 1158 1316 1200 hoc
1352 1158 1590 1201 confirmare
1625 1170 1725 1212 opus
1760 1159 1836 1209 est,
1878 1171 1972 1200 cum

463 1233 660 1276 lectiones
690 1233 1018 1286 interpolationis
1039 1233 1147 1275 notis
1167 1233 1370 1287 plurimae
1389 1233 1610 1288 insignitae
1631 1234 1726 1285 sint,
1761 1246 1793 1276 e.
1817 1246 1850 1275 c.
1872 1233 1975 1275 haec

465 1308 686 1363 ponantur:
718 1308 762 1350 in
792 1308 987 1361 loquendi
1018 1308 1144 1351 uerbo
1175 1309 1282 1362 quod
1315 1322 1410 1351 cum
1440 1309 1675 1351 accusatiuo
1709 1309 1972 1351 coniunctum

467 1383 628 1437 saepius
657 1385 800 1426 auctor
827 1383 1045 1436 usurpauit
1065 1383 1184 1425 uelut
1204 1383 1330 1434 255,8
1351 1383 1525 1437 facinus
1538 1383 1689 1436 puella
1710 1384 1973 1425 commissam

467 1461 556 1500 tam
591 1459 704 1511 loqui
735 1461 770 1499 et
800 1458 993 1500 indicare
1027 1470 1114 1499 non
1141 1458 1296 1510 potnit,
1333 1471 1461 1510 qaam
1490 1471 1562 1500 nec
1591 1458 1824 1512 intellegere
1848 1459 1976 1511 prins
2007 1478 2032 1513 ῃ

461 1535 602 1587 potuit
626 1537 663 1575 et
682 1547 837 1584 arcere,
866 1533 1023 1584 255‚25
1045 1533 1101 1574 ad
1122 1532 1372 1585 loquendam
1400 1533 1593 1575 alienum
1620 1533 1733 1575 circa
1754 1546 1795 1575 se
1815 1534 1974 1575 crimen
2029 1518 2032 1595 1

468 1610 644 1651 necdum
671 1609 816 1650 habuit
845 1611 1034 1658 aetatem,
1064 1608 1217 1659 398,21
1249 1621 1334 1649 non
1364 1607 1576 1660 loquimar
1595 1621 1755 1662 mayna
1774 1608 1844 1650 sed
1865 1608 1979 1649 nini-
2027 1611 2032 1647 ὲ

469 1697 576 1735 mas,
594 1684 750 1735 603‚13
766 1683 1075 1724 ordinationem
1090 1686 1127 1724 et
1141 1683 1346 1724 rationem
1362 1683 1424 1724 rei
1437 1686 1572 1737 yestae
1589 1682 1829 1736 loquantur,
1851 1683 1977 1734 576,7

470 1772 564 1800 cnm
593 1758 812 1800 caritatem
842 1758 954 1799 circa
987 1771 1050 1799 me
1079 1760 1263 1799 nestram
1294 1757 1472 1798 dulciter
1501 1771 1550 1799 ac
1580 1770 1700 1810 saepe
1731 1757 1978 1810 loqueretar,

469 1834 675 1888 postremo
691 1832 778 1874 loco
794 1833 927 1874 haesit
944 1832 1015 1874 ille
1027 1832 1068 1874 et
1080 1832 1243 1885 scripsit
1258 1845 1352 1873 cam
1364 1832 1412 1873 de
1424 1831 1597 1873 caritate
1613 1832 1726 1873 circa
1742 1845 1806 1874 me
1820 1833 1974 1881 uestra,

469 1908 581 1950 idem
610 1908 718 1961 quod
738 1907 772 1948 P
794 1907 860 1962 (cf.
882 1920 920 1960 p.
941 1906 1143 1961 XXXIII)
1167 1908 1208 1949 et
1229 1907 1317 1960 ipse
1345 1907 1564 1949 meliorum
1590 1907 1814 1949 acerrimus
1835 1906 1974 1949 defen-

470 1995 534 2025 sor
554 1984 596 2025 et
616 1983 764 2025 uindex
784 1995 823 2036 p.
842 1983 996 2032 603,13
1016 1982 1210 2024 tentauit.
1231 2006 1283 2011 —
1301 1994 1522 2036 pronomen
1544 1995 1645 2023 sans
1665 1982 1700 2023 si
1721 1982 1832 2023 idem
1854 1981 1908 2023 sit
1930 1993 1976 2022 ac

461 2057 666 2110 proprias
697 2057 970 2099 seuerioribus
1003 2056 1164 2111 legibus
1199 2056 1447 2098 adstrictum
1479 2056 1607 2097 nullis
1638 2055 1768 2097 teneri
1799 2056 1976 2108 optimo-

467 2145 561 2173 rum
590 2132 839 2186 scriptorum
867 2131 1064 2184 exemplis
1087 2132 1245 2173 constat
1266 2131 1307 2172 et
1329 2131 1438 2185 apud
1459 2129 1713 2185 prrianum
1735 2130 1975 2184 saepissime

468 2206 645 2249 occurrit
677 2205 747 2262 (cf.
768 2205 977 2259 indicem).
1010 2218 1090 2248 non
1118 2206 1322 2247 intactum
1352 2206 1523 2259 reliquit
1552 2205 1625 2247 1116
1654 2206 1808 2257 598‚21
1841 2204 1975 2247 catho-

468 2281 574 2324 licae
605 2280 794 2322 ecclesiae
825 2293 973 2333 corpas
1004 2293 1127 2322 snam
1164 2280 1330 2336 (corpas
1358 2294 1492 2321 annm
1514 2279 1556 2331 C,
1593 2293 1727 2321 annm
1756 2293 1905 2332 corpas
1926 2279 1975 2331 R,

468 2369 616 2409 corpus
631 2356 683 2410 P)
699 2356 885 2397 scindere
901 2370 949 2397 ac
966 2355 1136 2397 laniare
1155 2355 1367 2407 nitantur,
1392 2355 1548 2406 76520
1567 2354 1771 2407 baptismo
1790 2354 1976 2396 ecclesia-

469 2431 568 2473 stico
595 2430 794 2472 maiestas
821 2444 901 2472 saa
923 2430 1031 2486 (cias
1051 2430 1105 2485 R)
1129 2433 1165 2472 et
1186 2431 1392 2472 sanctitas
1413 2430 1648 2483 deroyatar,
1679 2430 1837 2480 693‚1O
1857 2427 1978 2481 quale

469 2506 519 2547 in
546 2508 760 2558 conspecta
789 2505 947 2547 Christi
976 2506 1064 2547 eius
1093 2505 1280 2547 ecclesiae
1310 2518 1409 2546 snae
1441 2504 1557 2558 (suae
1583 2503 1744 2545 omittit
1766 2501 1851 2559 CR)
1872 2516 1974 2556 yan-

470 2579 600 2622 diam.
623 2605 678 2609 —
700 2579 814 2621 alias
836 2581 876 2622 et
897 2579 1002 2621 alter
1023 2580 1252 2634 promiscue
1273 2579 1476 2621 habentur
1496 2578 1611 2620 uelut
1635 2578 1758 2631 197,9
1780 2578 1873 2630 qais
1893 2588 1976 2618 non

470 2653 517 2694 id
538 2656 767 2695 exsecretur
787 2657 823 2696 et
842 2654 985 2707 faciat
1005 2654 1112 2706 qaod
1132 2653 1213 2695 alii
1231 2654 1363 2707 faerit
1383 2652 1540 2694 exitio?
1569 2651 1663 2704 quis
1684 2652 1730 2693 id
1750 2652 1922 2704 adpetat
1941 2652 1978 2692 et

474 2727 671 2769 adsumat
702 2728 809 2781 qaod
831 2729 887 2770 ad
907 2742 1043 2770 necem
1071 2729 1250 2770 alterius
1273 2741 1355 2781 pro
1381 2727 1525 2781 yladz'o
1551 2727 1684 2780 fucrit
1704 2729 1739 2767 et
1760 2726 1847 2768 telo.
1885 2726 1927 2767 in
1947 2722 1975 2766 G

475 2802 515 2843 et
535 2802 572 2843 R
602 2802 739 2844 aliam
769 2804 980 2845 mutatum
1014 2804 1077 2846 est
1104 2804 1148 2845 in
1178 2803 1357 2844 alteram
1388 2802 1541 2853 64521
1576 2801 1713 2843 alium
1737 2815 1818 2853 pro
1849 2800 1975 2841 altero

474 2889 591 2917 reum
609 2876 714 2928 fleri.
748 2890 842 2919 sane
863 2889 1037 2930 pronum
1060 2879 1148 2920 erat
1168 2880 1225 2919 sic
1246 2877 1435 2930 scribere,
1460 2876 1556 2929 quia
1576 2876 1603 2917 1.
1631 2876 1684 2917 14
1704 2870 1974 2928 praecesserat
