2032 3248
803 231 931 266 Liber
966 231 1004 265 v,
1564 234 1642 275 201

157 345 284 385 immo
327 344 440 385 uobis
477 345 740 387 matrimonio
771 347 1009 400 coniugatas
1040 347 1091 388 ad
1121 347 1409 388 uerecundiam
1441 347 1648 388 Baubonis

155 413 367 466 impellere
407 414 529 466 atque
572 415 622 455 ad
664 415 831 468 pudicas
863 415 1019 457 Cereris
1050 418 1314 470 uoluptates?
1361 416 1490 457 uultis
1521 415 1647 456 uestri

156 482 321 523 iuuenes
361 482 492 522 sciant
531 483 698 524 audiant
736 483 911 534 discant,
956 485 1140 538 luppiter
1171 486 1257 538 ipse
1289 485 1422 538 qualis
1454 485 1494 524 in
1526 497 1649 524 unam

156 550 339 591 extiterit
380 551 500 602 atque
541 551 714 592 alteram
758 554 964 594 matrem}>
1012 553 1140 594 uultis
1177 555 1343 595 adultae
1374 554 1553 607 uirgines
1584 564 1649 593 ro-

128 618 347 671 sbustique
389 619 520 660 adhuc
559 621 708 672 patres,
746 620 855 661 idem
895 621 973 662 iste
1014 621 1055 662 in
1096 622 1223 663 filiam
1255 635 1334 674 qua
1373 623 1518 663 luserit
1549 622 1648 671 arte,

157 688 428 742 cognoscant?
479 689 608 729 uultis
658 701 870 742 germanae
920 690 1002 730 iam
1049 689 1229 732 feruidae
1271 692 1392 743 atque
1434 703 1479 731 ex
1519 690 1649 730 isdem

157 756 379 797 seminibus
410 755 556 797 fratres
591 758 763 798 eundem
795 770 933 799 rursus
965 759 1165 811 accipiant
1201 759 1448 809 concubitus,
1482 759 1649 800 lectulos

156 835 233 865 non
264 837 348 866 esse
380 827 642 879 aspernatum
674 827 851 868 sororis?
882 828 942 868 ita
974 839 1067 882 ergo
1099 840 1177 869 non
1208 828 1393 881 protinus
1425 827 1474 869 ab
1508 828 1649 868 huius-

158 893 268 934 modi
310 893 551 948 fugiendum
592 896 670 936 diis
710 896 830 950 longe
876 909 922 938 ac
964 909 1011 937 ne
1052 897 1211 949 inrepat
1252 897 1292 937 in
1337 897 1520 937 animum
1563 898 1650 936 tam

114 975 145 999 10
158 962 325 1015 inpurae
356 963 566 1017 religionis
587 965 827 1014 obscenitas,
861 965 1071 1006 audientia
1091 967 1178 1006 tota
1200 965 1420 1007 claudenda
1441 967 1529 1006 est?
1560 964 1651 1017 quis

158 1034 219 1072 est
250 1032 359 1073 enim
391 1033 630 1074 mortalium
661 1035 746 1075 tam
779 1034 938 1087 pudicis
967 1035 1148 1075 moribus
1171 1035 1399 1084 institutus,
1431 1047 1551 1086 quem
1574 1045 1651 1073 non

159 1101 209 1142 ad
239 1100 473 1142 huiusmodi
514 1102 642 1143 furias
684 1102 851 1144 deorum
892 1102 1134 1144 documenta
1173 1103 1403 1155 proritent?
1449 1104 1520 1143 aut
1561 1101 1651 1154 quis

159 1181 251 1211 suas
284 1170 549 1222 comprimere
584 1170 589 1225 1
626 1171 870 1225 cupiditates
902 1185 925 1213 a
956 1172 1140 1225 cognatis
1171 1171 1307 1213 ualeat
1338 1171 1649 1222 reuerendisque
1663 1181 1767 1213 f.114

159 1241 350 1294 personia
384 1253 475 1281 cum
509 1239 615 1292 apud
647 1252 811 1292 superos
843 1242 1028 1282 sanctum
1060 1240 1164 1280 nihil
1196 1241 1238 1281 in
1269 1240 1489 1280 libidinum
1512 1239 1651 1280 uideat

116 1319 146 1345 1⁵
160 1310 391 1352 confusione
423 1310 663 1350 seruatum?
707 1309 778 1349 ubi
811 1309 918 1350 enim
941 1309 1118 1361 primam
1139 1309 1441 1361 perfectamque
1462 1308 1650 1348 naturam

160 1380 269 1420 intra
298 1379 396 1419 fines
429 1378 659 1419 constiterit
690 1378 819 1419 iustos
852 1379 1085 1430 cupidinem
1116 1391 1231 1419 suam
1261 1391 1339 1419 non
1372 1377 1549 1418 ualuisse
1571 1375 1651 1416 fre—

162 1460 275 1502 nare,
322 1459 392 1488 cur
433 1459 511 1487 non
542 1447 583 1487 in
621 1447 872 1500 promiscuos
911 1447 1117 1498 adpetitus
1157 1445 1338 1487 effundat
1369 1459 1410 1487 se
1450 1446 1567 1486 homo
1613 1444 1653 1485 et

163 1516 348 1571 ingenita
380 1515 608 1569 fragilitate
640 1528 830 1568 praeceps
853 1515 972 1556 datus
995 1518 1035 1555 et
1056 1515 1294 1569 magisterio
1317 1515 1478 1556 sanctae
1499 1512 1651 1553 diuini—

162 1586 260 1627 tatis
301 1585 499 1626 adiutus‘?
544 1584 626 1625 iam
667 1584 820 1624 dudum
865 1596 929 1624 me
970 1584 1099 1624 fateor
1130 1585 1389 1636 reputantem
1420 1595 1579 1623 mecum
1609 1582 1719 1623 11130

116 1664 148 1688 20
162 1653 301 1696 animo
333 1665 468 1694 rerum
499 1652 779 1693 huiuscemodi
811 1654 994 1692 monstra
1024 1652 1189 1693 solitum
1215 1664 1299 1692 esse
1322 1651 1475 1701 mirari,
1509 1651 1654 1692 audere

162 1733 233 1763 uos
265 1722 395 1763 dicere
438 1733 685 1773 quemquam
726 1734 774 1761 ex
809 1721 842 1761 is
881 1721 1047 1761 atheum
1088 1720 1370 1774 inreligiosum
1408 1719 1654 1773 sacrilegum

163 1791 233 1844 qui
275 1790 368 1831 deos
410 1801 495 1830 esse
539 1790 701 1830 omnino
743 1790 813 1830 aut
855 1790 1003 1842 negent
1045 1791 1116 1830 aut
1158 1788 1349 1829 dubitent
1385 1790 1456 1829 aut
1489 1789 1557 1840 qui
1590 1799 1655 1828 eos

162 1859 344 1899 homines
376 1858 501 1899 fuisse
534 1857 780 1899 contendant
811 1860 851 1898 et
872 1857 1092 1910 potestatis
1115 1856 1289 1897 alicuius
1312 1858 1352 1897 et
1374 1857 1511 1898 meriti
1535 1868 1656 1897 causa

163 1928 329 1969 deorum
361 1927 401 1968 in
433 1939 647 1967 numerum
669 1926 829 1974 relatos,
863 1939 956 1966 cum
988 1925 1022 1966 si
1054 1938 1195 1966 uerum
1224 1925 1295 1966 fiat
1318 1927 1437 1977 atque
1459 1924 1656 1966 habeatur

118 2008 149 2033 2⁵
163 2009 349 2045 examen,
383 1996 516 2036 nullos
548 2007 670 2047 quam
702 2005 772 2035 uos
805 1994 936 2046 magis
967 1994 1200 2034 huiusmodi
1232 2007 1304 2046 par
1336 1994 1392 2034 sit
1413 1993 1655 2046 appellatio-

164 2066 285 2107 nibus
316 2064 552 2116 nuncupari,
586 2063 656 2115 qui
687 2063 760 2104 sub
794 2063 926 2115 specie
958 2063 1150 2104 cultionis
1182 2063 1274 2115 plus
1306 2062 1347 2102 in
1374 2075 1438 2103 eos
1461 2062 1654 2115 ingeratis

165 2134 498 2175 maledictionum
537 2134 576 2173 et
614 2132 832 2173 criminum
879 2144 1001 2184 quam
1041 2131 1074 2171 si
1113 2132 1248 2184 aperte
1286 2131 1359 2171 hoc
1396 2131 1523 2172 facere
1563 2144 1656 2172 con-

165 2202 281 2244 fessis
333 2201 691 2243 maledictionibus
742 2200 1054 2242 coinbibissetis.
1116 2201 1208 2241 deos
1249 2212 1335 2240 esso
1376 2200 1444 2252 qui
1495 2198 1658 2240 dubitat

165 2272 236 2313 aut
268 2283 352 2312 esse
385 2271 546 2312 omnino
579 2270 647 2322 qui
679 2271 818 2324 negat,
858 2270 1046 2322 quamuis
1078 2269 1191 2321 sequi
1223 2269 1443 2310 sententias
1473 2269 1657 2309 inmanes

209 2440 230 2473 2
256 2440 451 2484 simpellerc
470 2440 505 2474 P
521 2451 603 2473 corr
741 2440 761 2472 6
786 2449 970 2481 germanae
992 2438 1138 2481 scripsi.-
1164 2437 1339 2480 germanis
1366 2439 1395 2480 (s
1421 2440 1512 2481 eras)
1539 2439 1573 2471 P

167 2497 322 2531 feruidae
338 2498 488 2540 scripsi.-
514 2496 642 2530 ἴοι-111111
665 2498 697 2530 P
834 2495 962 2529 hisdem
982 2496 1015 2528 P
1039 2495 1164 2528 iisdem
1183 2495 1253 2528 Sal)
1390 2497 1411 2528 8
1436 2497 1656 2538 aspernatum

167 2556 258 2590 Sab:
277 2557 521 2598 aspernaturos
541 2555 573 2587 P
708 2553 853 2587 *sororis
871 2554 906 2586 P
1035 2553 1056 2585 9
1074 2563 1116 2585 ne
1135 2551 1225 2585 Sab:
1252 2562 1311 2584 noc
1332 2552 1366 2584 P
1499 2553 1538 2586 11
1557 2563 1658 2596 quem

169 2613 249 2655 Sab,
275 2624 314 2646 r.-
345 2623 410 2656 que
438 2613 472 2646 P
611 2611 652 2645 16
677 2611 771 2643 intra
792 2610 874 2643 Gel:
899 2610 992 2643 inter
1014 2610 1045 2642 Ι)
1182 2609 1221 2641 17
1249 2608 1297 2641 1111
1316 2609 1350 2641 P
1490 2610 1530 2642 18
1556 2620 1658 2643 sanc-

167 2673 223 2704 tae
242 2671 276 2704 P
399 2670 443 2702 20
458 2668 580 2702 audere
599 2668 693 2702 Sab:
720 2667 839 2700 audire
857 2667 890 2698 P
1006 2666 1046 2699 ‘21
1068 2665 1121 2698 his
1138 2677 1172 2698 m
1188 2677 1204 2698 s
1223 2665 1307 2706 XV,
1327 2665 1396 2699 Sub
1510 2666 1555 2700 22
1579 2666 1659 2699 deos

168 2727 230 2760 lios
249 2727 465 2761 Stewechius
580 2725 623 2758 24
642 2735 757 2757 rerum
777 2723 964 2757 Meum-ius
1079 2723 1122 2756 25
1140 2722 1254 2755 nullos
1275 2723 1362 2755 (iel.-
1386 2723 1517 2755 nullius
1536 2723 1571 2756 P

167 2786 210 2817 ‘243
247 2784 325 2827 quis
352 2784 423 2818 &ab
576 2785 619 2816 28
655 2779 928 2815 coimbibissetis
956 2779 1076 2813 Salm:
1113 2778 1359 2812 conbibissetis
1395 2780 1428 2812 P
1576 2780 1658 2814 dens

170 2841 203 2873 P
226 2852 306 2875 corr
