2032 3248
793 284 920 317 Liber
947 284 971 316 l.
1564 285 1614 326 21

146 399 281 440 finitus
326 398 528 452 ingenitus
570 398 797 439 inmortalis
842 399 1054 451 perpetuus
1086 397 1213 441 solus,
1247 409 1364 449 quem
1407 397 1518 438 nulla
1549 398 1616 438 de-

148 467 259 507 liniat
291 467 418 507 forma
449 467 678 519 corporalis,
710 466 822 507 nulla
852 466 1095 507 determinat
1119 466 1450 519 circumscriptio,
1484 466 1617 519 qnali-

147 535 243 576 tatis
273 547 427 586 expers,
460 547 595 588 expers
628 534 889 587 quantitatis,
932 535 1018 575 sine
1050 534 1131 574 situ
1164 538 1275 575 motu
1307 537 1347 575 et
1378 535 1538 584 habitu,
1571 536 1617 576 de

145 616 221 655 quo
268 603 366 643 nihil
409 603 488 644 dici
530 606 569 644 et
605 603 773 656 exprimi
820 603 1051 644 mortalium
1097 602 1203 656 potis
1236 604 1296 643 est
1327 603 1617 656 significatione

119 673 368 721 suerborum,
403 672 469 724 qni
503 674 547 712 ut
579 671 828 726 intellegaris
860 673 1070 713 tacendum
1104 672 1165 712 est
1195 676 1315 724 atque
1346 673 1391 713 ut
1426 685 1496 725 per
1534 687 1618 714 um-

145 741 259 782 bram
291 742 329 781 te
362 741 486 793 possit
526 754 662 782 errans
703 740 948 794 inuestigare
980 740 1172 792 suspicio,
1223 740 1322 781 nihil
1361 742 1421 782 est
1458 743 1617 782 omnino

144 808 428 850 muttiendum.
481 809 531 850 da
577 809 754 856 ueniam,
793 822 858 850 rex
890 821 1068 859 summe,
1107 810 1198 850 tuos
1243 810 1572 862 persequentibus
1608 810 1730 863 lfillb

145 877 336 930 famulos,
375 879 414 918 et
445 879 549 930 qnod
580 878 671 919 tuae
703 877 964 931 benignitatis
1005 878 1065 918 est
1103 877 1329 930 proprium,
1368 877 1616 932 fugientibus

144 947 301 999 ignosce
332 946 392 987 tui
433 946 606 986 nominis
639 947 677 987 et
709 946 915 1000 religionis
954 947 1122 987 cultum.
1186 959 1261 987 non
1293 947 1354 987 est
1385 947 1552 996 mirum,
1584 947 1617 988 si

101 1035 129 1057 ιο
142 1015 357 1067 ignoraris,
390 1015 552 1056 maioris
584 1017 644 1056 est
675 1015 966 1065 admirationis,
1000 1015 1034 1056 si
1065 1015 1222 1064 sciaris,
1256 1014 1334 1056 nisi
1366 1015 1468 1057 forte
1499 1017 1618 1058 audet

142 1083 353 1135 quisquam
390 1107 436 1113 —
471 1084 543 1124 hoc
583 1083 691 1124 enim
735 1083 903 1125 furiosae
942 1084 1068 1124 restat
1105 1084 1284 1125 insaniae
1317 1108 1369 1113 —
1399 1085 1615 1139 ambigere,

141 1151 350 1204 dubitare,
382 1164 430 1192 an
463 1152 517 1192 sit
549 1152 623 1192 iste
654 1152 750 1192 deus
789 1165 838 1192 an
876 1163 954 1192 non
986 1152 1058 1202 sit,
1091 1153 1294 1204 explorata
1326 1152 1413 1194 fidei
1448 1153 1616 1195 ueritate

141 1233 190 1261 an
223 1220 393 1262 rumoris
425 1221 525 1261 cassi
558 1220 787 1273 opinatione
819 1221 873 1261 sit
904 1220 1092 1262 creditus
1141 1221 1326 1261 audimus
1360 1222 1465 1262 enini
1498 1234 1615 1274 quos-

141 1289 234 1329 dam
265 1288 573 1342 philosophandi
605 1288 737 1330 studio
761 1289 917 1329 deditos
937 1289 1087 1341 partim
1112 1289 1238 1330 ullam
1261 1301 1405 1343 negare
1429 1290 1512 1330 uim
1535 1303 1618 1332 esse

99 1379 127 1402 15
141 1357 322 1398 diuinam
353 1358 501 1410 partim
532 1370 580 1398 an
612 1358 664 1398 sit
695 1357 842 1398 cotidie
870 1370 1079 1410 quaerere,
1123 1358 1222 1399 alios
1254 1358 1411 1399 casibus
1435 1358 1615 1400 fortuitis

141 1427 182 1466 et
213 1426 536 1467 concursionibus
568 1426 794 1467 temerariis
834 1439 1035 1467 summam
1077 1438 1211 1467 rerum
1243 1427 1468 1468 construere
1500 1431 1619 1481 atque

140 1494 389 1536 diuersitatis
422 1495 575 1548 impetu
608 1494 810 1544 fabricari,
843 1507 934 1535 cum
965 1495 1110 1547 quibus
1144 1495 1215 1535 hoc
1246 1496 1425 1548 tempore
1459 1496 1616 1538 nullum

142 1563 254 1604 nobis
285 1564 445 1605 omnino
477 1575 594 1615 super
617 1563 691 1603 tali
714 1563 790 1603 erit
811 1563 1079 1604 obstinatione
1111 1565 1324 1604 certamen.
1366 1564 1481 1606 aiunt
1513 1566 1619 1606 enim

141 1644 237 1673 sana
268 1633 485 1673 sentientes
517 1632 784 1672 contradicere
806 1632 922 1672 rebus
944 1632 1084 1673 stultis
1106 1632 1307 1673 stultitiae
1329 1645 1414 1673 esse
1435 1633 1612 1675 maioris.

96 1718 127 1742 20
140 1712 269 1741 sermo
301 1714 392 1741 cum
423 1701 484 1742 his
517 1700 630 1741 nobis
662 1702 734 1750 est,
768 1700 836 1752 qui
858 1701 1043 1741 diuinum
1066 1713 1150 1742 esse
1173 1700 1466 1742 consentientes
1489 1704 1677 1754 genus32

141 1770 188 1810 de
219 1770 439 1811 maioribus
461 1769 665 1818 dubitant,
697 1769 925 1810 cumidem
948 1781 1031 1810 esse
1062 1769 1218 1822 plebeia
1249 1771 1368 1822 atque
1397 1769 1615 1811 humiliora

142 1838 352 1878 fateantur.
411 1838 505 1890 (prid
547 1850 659 1892 ergo,
710 1850 771 1878 res
812 1838 945 1878 tantas
986 1838 1237 1890 argumentis
1279 1838 1454 1879 nitemur
1495 1840 1614 1890 atque

140 1905 434 1946 elaborabimus
465 1906 674 1946 obtinere?
706 1905 886 1947 discedat
917 1906 1010 1947 haec
1033 1906 1152 1960 longe
1184 1908 1304 1958 atque
1335 1920 1357 1947 a
1380 1907 1494 1947 nobis
1526 1918 1618 1959 pro-

142 1975 218 2027 cul,
250 1974 387 2026 procul
419 1974 595 2026 inquam,
629 1976 674 2014 ut
706 1974 866 2023 dicitur,
899 1977 1187 2015 anerruncetur
1219 1975 1410 2015 amentia.
1454 1975 1537 2016 tam
1560 1977 1619 2016 est

96 2056 127 2081 25
142 2043 249 2084 enim
298 2042 569 2095 periculosum
610 2043 859 2095 argumentis
897 2042 1063 2096 adgredi
1102 2043 1221 2083 deum
1261 2043 1483 2095 principem
1526 2055 1619 2084 con-

142 2111 308 2162 probare
350 2124 471 2163 quam
510 2111 665 2151 ratione
703 2110 933 2151 huiusmodi
966 2123 1051 2151 esse
1083 2111 1199 2151 illum
1233 2111 1337 2151 uelle
1370 2122 1617 2164 cognoscere.

143 2191 212 2220 nec
242 2179 457 2231 quicquam
495 2178 617 2220 refert
656 2179 725 2219 aut
764 2179 984 2231 discrepat,
1028 2181 1215 2219 utrumne
1249 2191 1368 2232 neges
1410 2179 1526 2219 illum
1569 2192 1616 2220 an

141 2259 293 2288 asseras
324 2249 443 2300 atque
476 2248 643 2289 existere
673 2247 850 2297 fateariS,
885 2260 976 2288 cum
1008 2248 1047 2288 in
1079 2248 1219 2288 eadem
1251 2248 1368 2300 culpa
1400 2247 1454 2288 sit
1476 2250 1514 2288 et
1547 2248 1618 2288 ad-

142 2315 262 2356 sertio
296 2316 390 2356 talis
423 2316 477 2356 rei
509 2318 548 2356 et
580 2316 791 2369 abnegatio
824 2316 1055 2356 refutatoris
1088 2315 1296 2356 increduli.
1349 2315 1617 2368 quisquamne
1634 2315 1685 2356 33

97 2399 128 2422 30
144 2384 203 2423 est
235 2384 455 2432 hominum,
488 2384 555 2436 qui
580 2396 655 2424 non
680 2397 770 2425 cum
793 2384 910 2426 istius
940 2384 1133 2437 principis
1156 2384 1314 2425 notione
1336 2384 1442 2425 diem
1466 2384 1618 2436 primae

146 2451 373 2493 natiuitatis
420 2453 660 2493 intrauerit?
712 2454 773 2493 cui
812 2465 888 2493 non
929 2453 982 2493 sit
1020 2453 1268 2506 ingenitum,
1312 2464 1387 2492 non
1428 2452 1618 2506 adfixum,

144 2519 267 2560 11111110
291 2521 416 2572 ipsius
454 2520 456 2573 l
493 2533 614 2572 paene
640 2521 680 2560 in
704 2521 951 2573 genitalibus
984 2521 1125 2561 matris
1159 2532 1234 2560 non
1256 2521 1508 2573 impressum,
1542 2533 1616 2561 non
1635 2530 1655 2561 f.
1673 2530 1711 2560 12

187 2666 207 2697 :3
243 2676 375 2709 expers.
414 2677 528 2709 expers
569 2666 857 2698 A'lnssm«‹›1w1s.·
895 2676 1010 2708 expo-rs
1048 2666 1078 2697 Ι)
1259 2666 1275 2697 4
1314 2667 1425 2707 potest
1459 2665 1530 2699 &ab

149 2722 163 2754 Ῑ
191 2726 262 2754 tu⁰s
292 2723 323 2755 P
509 2725 546 2756 12
571 2730 629 2756 uo¹¹
658 2723 691 2756 P
871 2723 906 2754 17
935 2722 1099 2765 impetum
1135 2723 1164 2754 l'
1339 2723 1473 2756 nullum
1502 2723 1532 2755 Ρ

144 2780 186 2811 22
218 2786 262 2810 sc<
292 2780 321 2811 1¹
481 2780 799 2814 2:3elab0raui1uus
831 2780 860 2812 l>
884 2789 963 2812 corr
1123 2779 1162 2811 24
1196 2783 1465 2812 anerei-nucetur
1498 2790 1621 2812 narinus

145 2837 291 2877 (ιηίέιμια
313 2837 346 2869 iu
371 2837 400 2868 l'
516 2837 597 2879 tam]
618 2837 666 2869 ita
686 2836 753 2869 §ab
864 2837 906 2868 :32
926 2835 1034 2878 ipsius
1053 2835 1197 2877 scripse:
1225 2835 1288 2876 ipsi
1310 2835 1341 2867 Ρ
1361 2836 1443 2877 ipsis
1467 2836 1529 2870 Ges

148 2903 271 2934 paen-av
304 2894 330 2925 I'
