2032 3248
1600 182 1649 218 xl

160 297 336 350 scriptus
371 299 432 338 est
454 296 748 350 corrigebatur.
782 298 888 350 quod
918 298 969 339 ad
1001 300 1119 340 notas
1153 298 1315 348 attinet,
1349 310 1428 340 uno
1459 298 1548 340 loco
1580 311 1653 341 an-

157 378 275 407 corae
307 366 471 420 signum
503 368 707 419 reperitur
741 366 900 422 (40,19
933 367 982 408 cf.
1016 379 1120 408 mus.
1153 366 1283 408 Rhen.
1316 379 1412 409 nou.
1445 366 1650 422 23,130),

156 447 275 487 saepe
298 435 529 476 chresimon
552 435 618 485 (P)
640 435 854 488 adpictum
877 437 938 476 est
961 434 1047 490 (72,
1065 435 1131 476 24.
1164 435 1230 486 88,
1252 435 1316 477 17.
1349 436 1416 485 97,
1435 436 1472 478 9.
1500 436 1594 488 106,
1612 438 1650 479 5.

158 503 249 554 158,
267 504 307 546 3.
344 504 407 545 17.
442 504 641 555 167,22).
679 504 894 557 deprauati
933 503 1013 546 loci
1051 503 1290 545 indicantur
1329 507 1401 546 aut
1438 505 1514 547 hac
1553 508 1653 547 nota

154 583 214 616 —1-
252 573 320 614 uel
352 585 411 624 .·.,
459 585 561 625 quae
603 573 712 615 haud
750 585 841 614 raro
880 572 922 613 in
961 573 1047 626 ipso
1085 584 1209 614 uersu
1255 585 1377 626 supra
1416 577 1654 627 corruptam

155 653 298 683 uocem
329 641 547 694 repetitur,
580 642 652 683 aut
682 641 759 682 hac
790 642 850 683 ·R·
887 641 956 683 uel
996 655 1036 682 ·r·
1075 641 1143 683 uel
1182 642 1218 682 R
1251 642 1302 698 (z
1322 643 1485 693 require
1517 643 1559 684 id
1591 646 1653 686 est

154 709 305 764 ζήτει);
340 721 400 753 -;-
430 710 583 759 41,14.
631 710 698 760 92,
716 710 791 760 24,
908 710 1059 762 91,22.
1107 711 1232 763 92,1.
1279 713 1372 763 106,
1394 713 1429 754 7.
1476 713 1655 765 123,17.

158 779 250 829 126,
270 779 339 820 23.
375 779 468 829 127,
487 778 553 820 24.
590 778 682 832 128,
699 778 738 819 4.
775 779 925 829 129,1.
962 779 1054 830 130,
1074 780 1140 821 23.
1174 781 1240 822 27.
1267 781 1446 831 136,20.
1471 783 1566 834 139,
1585 784 1650 825 20.

156 849 249 900 144,
270 849 334 890 12.
391 848 482 900 186,
500 849 537 890 8.
585 849 677 899 190,
696 848 762 890 24.
818 849 911 900 194,
930 849 968 890 2.
1021 850 1112 901 195,
1132 850 1198 891 28.
1245 851 1424 899 203,22.
1472 852 1568 903 212,
1586 852 1652 894 24.

154 917 249 969 218,
270 918 305 959 1.
329 917 424 968 222,
444 919 481 960 6.
504 917 601 966 223,
620 918 685 959 22.
709 918 804 969 234,
826 919 890 960 19.
912 918 988 971 243
1020 918 1077 960 R·
1109 918 1178 970 41,
1197 919 1264 961 20.
1298 920 1365 971 99,
1383 920 1450 961 21.
1475 921 1568 971 121,
1590 921 1654 963 18.

156 988 249 1041 163,
266 987 333 1029 23.
368 987 527 1038 193,1;
562 1000 600 1028 ·r·
635 988 729 1038 157,
747 988 823 1041 203
852 988 890 1030 R
922 988 1075 1040 94,10.
1112 989 1204 1040 139,
1224 989 1262 1030 2.
1298 989 1477 1040 178,12.
1503 990 1597 1041 185,
1618 990 1655 1030 7.

155 1055 251 1107 229,
269 1058 308 1098 8.
346 1056 443 1107 267,
463 1058 501 1098 9.
546 1057 818 1098 correctiones
856 1059 994 1098 autem
1035 1058 1221 1099 diuersae
1252 1058 1416 1099 diuersa
1447 1061 1580 1100 aetate
1612 1059 1656 1100 in

155 1125 293 1166 codice
324 1124 503 1166 Arnobii
534 1125 752 1168 institutae
784 1133 894 1176 sunt,
928 1127 987 1168 ita
1017 1130 1064 1168 ut
1095 1127 1254 1179 antiqui
1287 1129 1536 1169 correctores
1560 1127 1655 1170 dili-

154 1197 310 1248 genter,
344 1195 451 1247 quod
482 1207 601 1236 nemo
632 1194 767 1237 adhuc
799 1195 910 1246 fecit,
943 1208 966 1237 a
997 1195 1232 1237 recentibus
1254 1197 1337 1237 sint
1359 1196 1651 1250 distinguendi.

156 1276 263 1314 nam,
295 1265 342 1304 ut
364 1264 569 1314 omittam,
601 1263 821 1305 librarium
844 1265 979 1317 ipsum
1002 1264 1241 1317 saepissime
1262 1264 1370 1306 inter
1392 1265 1657 1307 scribendum

158 1344 313 1374 errores
348 1344 370 1374 a
402 1345 444 1374 se
476 1333 717 1374 commissos
749 1334 980 1382 sustulisse,
1013 1335 1096 1375 tres
1130 1336 1382 1376 correctores
1420 1334 1582 1387 antiqui
1614 1335 1657 1375 in

157 1402 409 1444 emendando
441 1402 579 1444 codice
603 1414 770 1455 operam
792 1402 1114 1444 collocauerunt.
1148 1416 1322 1455 quorum
1344 1403 1657 1457 antiquissimus

157 1472 212 1525 (c)
254 1472 435 1513 codicem
477 1483 571 1512 cum
610 1471 830 1524 archetypo
874 1471 1063 1513 contulit.
1106 1484 1224 1524 saepe
1264 1472 1297 1512 is
1339 1473 1465 1514 uerba
1504 1471 1659 1513 omissa

158 1541 275 1582 addit
306 1540 393 1594 (27,
411 1540 479 1581 24.
521 1540 588 1590 37,
608 1540 675 1581 24.
716 1541 784 1588 48,
804 1541 842 1582 3.
885 1541 950 1591 76,
970 1541 1039 1582 22.
1081 1541 1148 1592 88,
1166 1541 1233 1582 20.
1289 1541 1380 1594 108,
1397 1541 1436 1583 5.
1478 1540 1657 1591 115,14.

160 1610 252 1659 155,
272 1609 338 1651 30.
374 1609 523 1659 198,1.
557 1609 653 1659 222,
673 1610 709 1651 7.
749 1609 931 1660 244,14.
964 1610 1061 1658 256,
1086 1610 1123 1651 1.
1157 1610 1253 1661 283,
1273 1610 1331 1664 3),
1363 1622 1452 1651 raro
1486 1623 1532 1651 ex
1563 1620 1655 1651 con-

158 1681 314 1720 iectura
331 1678 513 1731 corrigit,
536 1678 615 1719 nisi
634 1679 741 1731 quod
759 1678 1095 1731 orthographiam
1114 1679 1329 1731 antiquam
1347 1678 1397 1720 ad
1415 1678 1479 1720 sui
1495 1678 1651 1719 saeculi

159 1760 315 1789 morem
347 1747 571 1789 reformare
604 1748 754 1789 studet.
788 1749 983 1789 successit
1015 1747 1118 1789 alius
1144 1749 1349 1789 corrector
1371 1745 1452 1801 (ε’),
1485 1747 1658 1800 quisine

159 1817 383 1868 exemplari
422 1829 591 1858 munere
632 1828 704 1858 suo
736 1816 907 1858 functus
940 1819 1022 1858 est:
1055 1816 1230 1870 contigit
1262 1829 1359 1858 sane
1390 1817 1437 1866 ei,
1470 1818 1516 1857 ut
1547 1815 1659 1857 haud

163 1897 251 1926 raro
285 1886 395 1926 locos
429 1885 577 1926 leuiter
609 1887 821 1938 corruptos
853 1886 1031 1936 sanaret,
1064 1887 1133 1927 sed
1157 1898 1276 1937 saepe
1300 1887 1425 1927 uerba
1447 1885 1658 1938 scriptoris

161 1965 240 1994 non
273 1957 361 1994 tam
393 1954 619 1994 restituisse
652 1966 776 2006 quam
807 1953 1075 2007 interpolasse
1113 1954 1358 1996 iudicandus
1391 1956 1463 1995 est.
1497 1956 1538 1995 et
1570 1954 1657 2006 ipse

161 2022 477 2076 orthographiae
500 2022 712 2064 nouandae
733 2035 899 2075 operam
921 2022 1060 2064 dedit:
1093 2022 1240 2064 deinde
1263 2026 1434 2075 uterque
1457 2023 1660 2064 corrector

163 2092 278 2131 notas
324 2090 366 2131 in
411 2090 599 2143 margine
644 2092 826 2143 posuisse
871 2090 1051 2132 uidetur.
1106 2093 1318 2144 praeterea
1372 2091 1512 2144 paucis
1560 2091 1659 2133 locis

163 2159 248 2213 (21,
266 2158 333 2201 24.
366 2159 492 2209 39,1.
530 2159 623 2209 171,
644 2160 708 2201 19.
744 2159 894 2209 181,2.
925 2159 1021 2210 237,
1040 2159 1077 2200 2.
1111 2159 1207 2210 247,
1226 2159 1270 2213 9)
1304 2160 1385 2201 alia
1416 2172 1563 2201 manus
1586 2171 1659 2200 an-

163 2228 295 2280 tiqua,
335 2227 377 2268 id
415 2229 475 2268 est
513 2228 610 2269 noni
648 2228 818 2279 saeculi,
859 2227 1201 2282 deprehenditur.
1244 2227 1359 2269 cuius
1393 2227 1661 2269 correctiones

163 2299 202 2338 et
224 2297 338 2349 ipsae
360 2309 431 2349 pro
454 2297 694 2338 coniecturis
716 2297 926 2339 habendae
949 2299 1056 2339 sunt.
1079 2297 1293 2338 interiecto
1312 2299 1496 2349 tempore
1519 2296 1662 2348 quinto

163 2367 319 2408 decimo
373 2367 538 2407 saeculo
594 2366 717 2406 codex
771 2377 1057 2418 nonnusquam
1107 2365 1220 2419 (194,
1245 2366 1310 2406 13.
1350 2365 1419 2407 22.
1476 2364 1569 2415 195,
1592 2365 1660 2407 28.

163 2434 348 2485 201,21.
390 2434 571 2486 203,13.
612 2433 708 2482 204,
728 2434 765 2475 7.
802 2435 865 2475 17.
897 2434 993 2485 246,
1013 2435 1079 2475 29.
1113 2434 1208 2484 247,
1226 2433 1300 2488 22)
1333 2433 1412 2475 uiri
1445 2432 1661 2474 cuiusdam

165 2503 274 2545 docti
313 2515 455 2545 curam
498 2505 687 2555 expertus
717 2505 790 2543 est.
823 2504 995 2555 denique
1027 2506 1138 2543 sexto
1171 2503 1329 2543 decimo
1361 2501 1524 2543 saeculo
1555 2501 1661 2543 alius

166 2573 230 2613 uir
261 2573 404 2613 doctus
435 2572 492 2625 (r)
525 2573 575 2613 ad
607 2571 789 2613 codicem
821 2571 1005 2621 accessit,
1039 2573 1086 2612 ut
1118 2584 1212 2611 eum
1234 2572 1369 2612 totum
1391 2571 1663 2623 distingueret

167 2643 290 2692 atque
330 2641 581 2681 emendaret.
624 2640 732 2692 quod
771 2640 928 2681 factum
970 2642 1030 2680 est
1060 2642 1151 2692 post
1184 2639 1343 2680 editum
1374 2650 1397 2678 a
1427 2637 1584 2680 Sabaeo
1617 2651 1662 2678 ex

166 2709 242 2750 hoc
273 2709 409 2750 codice
441 2709 683 2750 Arnobium.
716 2707 870 2750 Sabaeo
902 2708 1012 2749 enirn
1043 2708 1156 2748 illius
1190 2719 1312 2760 opera
1344 2706 1464 2759 plane
1496 2706 1576 2747 fuit
1598 2707 1662 2747 in-

168 2778 350 2832 cognita:
382 2781 425 2819 at
457 2791 502 2820 eo
534 2781 737 2831 tempore,
777 2790 854 2830 quo
886 2777 1082 2830 Iosephus
1115 2777 1256 2818 Iustus
1279 2776 1461 2830 Scaliger
1483 2775 1662 2817 codicem

169 2849 209 2887 in
240 2846 491 2888 bibliotheca
522 2849 635 2901 regia
666 2846 898 2897 excusserit,
930 2846 1036 2887 hanc
1068 2846 1337 2887 nouissimam
1371 2845 1663 2886 correctionem
