2032 3248
873 227 1002 262 Liber
1030 228 1075 262 11.
1661 230 1707 270 91

229 343 474 385 senserimus
515 343 611 383 uicti
647 345 686 384 et
719 343 908 384 uniuersa
938 343 1001 384 his
1032 345 1184 384 scatere
1216 345 1241 393 ἢ
1273 343 1532 385 nominaliter
1563 344 1712 384 adnue-

228 413 354 453 rimus
394 411 589 460 humana,
630 415 894 464 consequetur
933 414 978 452 ut
1009 413 1206 466 rogitent:
1253 424 1323 452 cur
1354 425 1446 465 ergo
1479 412 1574 452 haee
1606 412 1708 453 mala

226 482 324 521 deus
356 481 608 533 omnipotens
640 493 716 521 non
748 479 881 521 aufert
913 480 982 521 sed
1013 492 1097 521 esse
1136 481 1360 533 perpetitur
1390 489 1429 521 et
1459 493 1546 521 cuni
1581 481 1712 521 omni·

227 551 298 589 bus
338 549 509 589 saeculis
550 549 744 601 pertinaci
784 549 1085 589 continuatione
1126 548 1366 601 procedere?
1412 549 1444 589 si
1479 549 1710 590 intellectus

196 616 339 657 snobis
383 616 559 657 adfuerit
597 616 660 658 dei
702 618 807 670 regis
844 630 888 657 ac
924 617 1120 669 principis
1165 630 1235 658 nec
1275 630 1343 669 per
1386 617 1530 669 impias
1573 618 1711 670 uagari

225 685 498 737 suspicionum
548 685 795 726 uoluerimus
842 685 1039 735 insanias,
1086 686 1401 737 respondeamus
1440 699 1599 727 neeesse
1637 691 1709 728 est.

223 754 373 794 nescire
410 766 479 795 nos
517 754 596 794 ista
644 766 714 794 nec
753 767 854 806 quae
893 754 1018 794 nullis
1057 758 1217 806 possent
1254 779 1257 807 ι
1296 754 1559 795 facultatibus
1600 767 1708 795 com-

223 823 413 873 prehendi
446 822 643 875 expetisse
675 822 892 874 aliquando
925 827 994 864 aut
1026 823 1231 864 studuisse
1254 835 1510 876 cognoscere:
1545 823 1709 863 melius—

222 903 297 943 que
329 891 503 939 (11100115,
537 891 764 943 quinimmo
796 891 1017 944 optimum,
1058 895 1187 946 magis
1219 892 1259 932 111
1291 892 1528 933 inscientiae
1562 892 1708 932 tinibus

177 962 342 1012 10atque
373 960 625 1012 ignorantiae
664 973 899 1012 permanere
938 973 1057 1012 quam
1096 960 1174 1001 nisi
1214 960 1278 1000 dei
1318 960 1449 1001 dicere
1489 960 1592 1001 nihil
1624 960 1707 1001 fieri

220 1041 290 1080 per
322 1029 586 1077 uoluntatem,
620 1032 664 1069 ut
697 1029 818 1069 simul
851 1030 1115 1082 intellegatur
1134 1033 1173 1070 et
1197 1029 1316 1070 malis
1339 1042 1431 1069 eum
1453 1041 1594 1069 causas
1617 1029 1708 1069 dare

220 1104 259 1136 et
304 1096 562 1137 miseriarum
607 1109 691 1138 esse
737 1097 1098 1138 innumerabilium
1145 1098 1403 1139 conditorem.
1453 1097 1559 1138 mala
1601 1110 1706 1150 ergo.

221 1163 383 1213 dicetiS,
416 1165 519 1205 unde
553 1169 647 1206 sunt
678 1166 775 1207 haec
806 1166 972 1207 omnia?
1017 1178 1063 1206 ex
1094 1166 1315 1214 elementis,
1350 1166 1559 1218 inquiunt,
1593 1170 1631 1207 et
1663 1179 1707 1207 ex

220 1243 357 1273 eorum
390 1234 739 1286 inaequabilitate,
773 1234 996 1286 sapientes:
1031 1235 1135 1286 quod
1162 1234 1249 1275 fieri
1279 1234 1345 1286 qui
1374 1234 1501 1286 possit
1534 1236 1578 1275 ut
1609 1246 1707 1286 quae

174 1314 377 1342 158GnSu111
419 1306 457 1343 et
498 1302 690 1343 iudicium
730 1314 808 1343 non
847 1303 1000 1343 habent
1047 1303 1256 1344 malitiosa
1294 1316 1379 1344 esse
1419 1303 1707 1356 perhibeantur

219 1373 257 1409 et
289 1370 405 1411 noxia
442 1372 512 1411 aut
543 1383 619 1411 non
652 1370 721 1411 ille
752 1371 805 1412 sit
837 1371 972 1424 potius
1012 1371 1242 1412 malitiosus
1278 1376 1316 1412 et
1348 1372 1510 1422 noxius,
1545 1372 1613 1425 qui
1645 1385 1705 1413 res

218 1438 412 1490 pessimas
445 1442 483 1479 et
514 1439 823 1480 nocentissimus
856 1440 1015 1481 futuras
1048 1443 1087 1480 in
1118 1440 1291 1481 alicuius
1315 1441 1446 1493 operis
1479 1441 1702 1494 adsumpsit

218 1506 425 1559 effectum,
468 1519 604 1549 eorum
650 1510 710 1549 est
751 1508 819 1560 qui
859 1508 1051 1549 adserunt
1082 1509 1303 1561 peruidere.
1352 1509 1448 1562 quid
1480 1522 1573 1563 ergo
1606 1514 1705 1551 nos?

218 1576 321 1616 unde
341 1581 441 1617 nos?
472 1577 743 1630 responsionis
771 1577 989 1618 necessitas
1012 1577 1125 1618 nulla
1147 1580 1219 1619 est.
1254 1578 1338 1618 siue
1362 1579 1470 1619 enim
1492 1590 1704 1630 possumus

170 1657 202 1682 20
215 1644 356 1692 dicere,
389 1645 474 1685 siue
505 1646 640 1686 minus
673 1647 857 1686 ualemus
890 1659 962 1687 nec
994 1658 1222 1699 possumus,
1255 1649 1473 1700 utrumque
1497 1648 1602 1700 apud
1634 1659 1703 1688 nos

214 1725 385 1764 paruum
417 1717 496 1756 est:
540 1727 609 1755 nec
640 1715 681 1754 in
714 1715 874 1768 magnis
914 1715 1157 1767 ponderibus
1197 1715 1382 1756 ducimus
1420 1716 1486 1756 uel
1518 1715 1703 1769 ignorare

214 1782 322 1821 istud
361 1782 425 1822 uel
468 1783 588 1832 scire,
637 1795 764 1824 unum
804 1783 933 1824 solum
975 1783 1154 1835 posuisse
1195 1785 1394 1833 contenti,
1443 1784 1546 1825 nihil
1578 1798 1600 1825 a
1632 1785 1702 1825 deo

214 1850 393 1903 principe
431 1851 535 1903 quod
567 1850 620 1891 sit
652 1863 795 1892 nocens
837 1855 956 1904 atque
988 1851 1196 1892 exitiabile
1227 1851 1438 1905 proficisci.
1487 1852 1560 1893 hoe
1592 1854 1701 1893 tene-

213 1931 315 1969 mus,
348 1919 421 1961 hoc
445 1920 642 1968 nouimus,
676 1921 715 1961 in
738 1920 812 1962 hac
833 1934 913 1961 una
935 1920 1192 1962 consistimus
1226 1921 1471 1975 cognitionis
1502 1924 1540 1961 et
1572 1921 1700 1962 scien-

168 1988 292 2031 25tiae
333 1989 527 2038 ueritate,
576 1989 678 2030 1111111
717 1990 765 2030 ab
805 2002 848 2030 eo
889 1990 976 2030 fieri
1021 1989 1099 2030 nisi
1138 1990 1243 2042 quod
1281 1991 1334 2031 sit
1374 1990 1559 2031 omnibus
1590 1989 1699 2030 salu-

212 2058 311 2107 tare,
335 2057 440 2110 quod
462 2056 591 2101 dulce.
615 2057 720 2110 quod
737 2058 885 2099 amoris
907 2059 947 2099 et
964 2058 1103 2111 gaudii
1123 2058 1382 2110 laetitiaeque
1403 2058 1698 2111 plenissimum.

212 2126 318 2177 quod
358 2125 539 2167 infinitas
584 2126 731 2167 habeat
771 2128 892 2178 atque
931 2127 1260 2179 incorruptibiles
1302 2127 1554 2179 uoluptates,
1595 2127 1698 2179 quod

212 2193 290 2235 sibi
323 2195 490 2247 quisque
522 2195 754 2248 contingere
787 2195 893 2236 uotis
925 2195 1111 2237 omnibus
1141 2196 1313 2247 expetat,
1347 2195 1522 2247 forisque
1553 2194 1601 2236 ab
1635 2194 1696 2236 liis

255 2387 275 2420 6
293 2392 420 2420 11000”0
439 2386 474 2419 P
609 2386 626 2419 7
646 2397 707 2419 nec
726 2386 816 2420 Sab:
834 2391 868 2420 et
887 2387 921 2420 P
1056 2387 1077 2419 8
1094 2385 1286 2428 meliusque
1303 2384 1468 2419 ducentes
1484 2385 1555 2420 Sao
1573 2381 1697 2420 melius

211 2443 373 2477 ducentes
406 2443 474 2477 Gel
646 2443 791 2477 ducetur
824 2443 841 2477 12
1008 2444 1028 2475 S)
1053 2442 1226 2486 optimum
1251 2443 1401 2485 scripsi:
1433 2442 1550 2485 potius
1576 2443 1610 2477 P

210 2500 324 2542 magis
349 2512 400 2534 om
435 2500 502 2535 Urs¹
652 2500 685 2533 in
712 2500 787 2533 add
821 2500 888 2533 Urs
1036 2499 1228 2542 meliusque
1255 2498 1386 2539 ducere,
1412 2499 1478 2540 his,
1503 2500 1697 2544 quinimmo

209 2557 326 2599 potius
360 2558 460 2600 uagis
496 2568 586 2593 icum
627 2557 771 2591 (Jeldero
792 2567 863 2600 pro
889 2557 1014 2600 magis,
1041 2557 1075 2589 in
1108 2555 1312 2590 inscientiae
1338 2556 1608 2591 massmannus

209 2613 252 2646 10
277 2613 344 2647 nisi
369 2615 519 2657 scripsi:
556 2614 631 2647 sine
650 2614 684 2647 P
719 2613 804 2647 scire
831 2614 1008 2647 Μυκη-1113
1145 2601 1212 2647 (13
1228 2614 1261 2647 1²
1285 2614 1347 2647 deo
1375 2614 1445 2647 &ab
1583 2613 1695 2647 dicere

209 2669 263 2703 dei
289 2670 475 2704 Mem-stus
614 2671 653 2703 11
682 2674 816 2713 praeter
842 2670 1057 2704 uoluntatem
1084 2671 1271 2704 Illeursius
1298 2670 1480 2703 uoluntate
1506 2670 1606 2704 Salm

209 2727 309 2760 daret
333 2728 368 2760 P
390 2738 469 2761 corr
619 2728 661 2760 12
686 2729 776 2760 esset
803 2727 836 2760 P
860 2738 941 2760 corr
1088 2727 1126 2760 1?
1153 2726 1442 2760 noncentissimas
1469 2727 1503 2760 P
1526 2738 1605 2761 corr

210 2784 251 2816 19
283 2794 345 2817 nos
371 2784 500 2818 addidi
636 2785 682 2817 20
707 2795 894 2826 uerumque
920 2783 990 2817 Sub
1126 2784 1167 2817 21
1195 2783 1355 2817 duximus
1382 2784 1452 2818 Sub
1589 2785 1633 2817 22
1657 2784 1694 2817 in

208 2850 261 2884 vmg)
467 2843 511 2875 26
536 2842 756 2885 laetitiaequi
783 2842 817 2875 P
833 2851 912 2875 corr
1048 2841 1092 2874 28
1117 2844 1254 2885 expetat
1275 2841 1365 2875 Sab:
1390 2843 1546 2885 expectat
1571 2840 1606 2874 P

1726 763 1744 793 f.
1764 761 1822 793 53²¹
