2032 3248
357 229 441 271 222
990 224 1232 270 Appendix.

358 333 567 382 ignominia
602 332 803 371 afficiatur.
836 343 923 369 nam
958 332 999 369 in
1034 331 1326 369 Deuteronomio
1362 341 1446 368 cum
1479 331 1607 379 Moyse
1638 331 1866 379 expostulat,

360 403 459 451 quod
493 401 591 450 apud
620 400 801 449 populum
830 400 877 438 ol)
908 400 1034 439 laticis
1066 400 1262 448 penuriam
1282 401 1577 439 murmurantem
1600 400 1640 437 in
1661 399 1779 438 Cades
1801 401 1867 438 de-

360 471 454 510 serti
483 471 548 508 Sin
576 471 625 508 ad
652 481 770 518 aquas
803 469 1116 509 contradictionis
1136 481 1211 507 non
1233 468 1482 507 sanctificarit
1503 468 1627 516 ipsum
1648 469 1748 506 inter
1768 469 1867 507 filios

360 540 494 586 Israel,
533 541 570 577 et
605 539 652 577 ob
688 539 786 577 hanc
822 539 1002 577 offensam
1033 550 1107 577 non
1137 539 1196 576 est
1227 538 1285 575 illi
1316 549 1385 576 nec
1405 537 1549 576 Aaroni
1570 538 1699 576 datum
1720 538 1869 586 ingredi

361 610 502 647 terram
532 608 757 656 promissam
787 619 831 646 ac
860 609 917 646 tot
948 608 1058 646 annis
1089 608 1369 655 exspectatam,
1402 607 1470 645 sed
1499 608 1647 645 tantum
1678 618 1697 645 e
1728 607 1897 646 montiss

363 677 506 715 uertice
527 677 656 726 procul
676 677 845 725 aspicere
866 676 989 715 licuit.

319 749 344 787 3
418 746 534 784 Porro
556 747 654 794 quod
676 746 820 784 dictum
842 747 900 784 est
923 746 1158 784 sanctificare
1187 757 1255 794 pro
1277 745 1501 794 glorificare,
1536 746 1601 793 qui
1621 745 1772 783 litteras
1794 745 1868 783 He-

359 814 558 853 braeorum
588 815 744 861 callent,
776 815 968 853 affirmant
998 825 1081 853 esse
1113 814 1297 853 sermonis
1328 814 1433 853 illius
1455 814 1738 863 proprietatem.
1771 814 1870 862 quod

359 883 484 931 ipsum
523 885 647 922 tamen
681 895 726 922 ex
756 883 843 922 aliis
875 884 1146 932 scripturarum
1176 884 1270 922 locis
1301 883 1446 932 liquere
1476 885 1625 932 potest,
1668 883 1700 921 si
1744 883 1870 921 minus

358 952 511 990 illorum
545 953 764 991 testimonio
801 953 965 1000 fidimus,
1002 953 1305 1001 quandoquidem
1338 955 1377 991 et
1407 953 1447 990 in
1483 953 1652 991 oratione
1682 952 1869 990 dominica
1883 963 1916 987 ιο

357 1022 714 1060 sanctificetur
753 1033 918 1060 nomen
965 1023 1095 1060 tuum
1141 1021 1285 1060 dictum
1321 1023 1380 1060 est
1412 1033 1479 1070 pro
1516 1021 1750 1070 glorificetur
1786 1021 1867 1060 siue

358 1090 586 1129 clarificetur
606 1102 741 1129 nomen
761 1094 882 1129 tuum.
914 1090 970 1129 sic
1002 1092 1040 1129 et
1070 1090 1284 1129 Corinthios
1313 1092 1549 1137 exhortatur,
1587 1092 1629 1128 ut
1657 1089 1869 1138 glorificent

357 1171 402 1197 ac
423 1159 594 1198 baiulent
613 1160 734 1198 Deum
754 1160 793 1197 in
823 1170 977 1208 corpore
1009 1171 1089 1199 suo.
1122 1160 1221 1198 sicut
1252 1159 1352 1198 enim
1385 1171 1521 1198 nomen
1542 1159 1614 1196 Dei
1635 1158 1869 1207 glorificatur

357 1228 439 1266 uita
474 1229 624 1276 piorum
659 1229 867 1276 hominum,
903 1229 944 1266 in
973 1229 1111 1276 quibus
1141 1229 1224 1277 ipse
1256 1241 1323 1277 per
1352 1228 1529 1277 spiritum
1562 1240 1671 1266 suum
1693 1229 1869 1276 operatur

357 1295 542 1344 quidquid
563 1297 710 1336 faciunt
731 1298 842 1337 boni:
873 1299 929 1336 ita
950 1309 969 1336 e
991 1298 1142 1336 diuerso
1164 1297 1349 1346 polluitur
1370 1299 1408 1336 et
1429 1297 1636 1336 infamatur
1655 1296 1868 1335 malefactis
1883 1310 1914 1335 15

357 1375 486 1403 eorum
508 1366 574 1414 qui
594 1378 634 1405 se
656 1367 727 1405 Dei
749 1367 914 1406 cultores
935 1367 1171 1415 profitentur.
1195 1367 1508 1416 quemadmodum
1529 1368 1567 1405 et
1588 1366 1723 1404 militis
1745 1365 1869 1403 uirtus

357 1437 423 1474 aut
457 1436 559 1474 serui
587 1437 758 1484 probitas
778 1438 966 1476 redundat
997 1438 1036 1475 in
1071 1437 1232 1486 gloriam
1263 1437 1369 1475 ducis
1405 1438 1471 1475 aut
1506 1436 1603 1485 heri,
1646 1436 1701 1474 ita
1736 1435 1870 1474 militis

357 1505 513 1552 ignauia
542 1507 608 1543 aut
637 1507 739 1544 serui
760 1506 933 1555 nequitia
953 1506 1127 1545 dedecori
1148 1508 1206 1544 est
1227 1507 1312 1545 duci
1333 1508 1399 1544 aut
1419 1506 1524 1553 hero,
1546 1506 1748 1553 propterea
1770 1505 1869 1553 quod

357 1574 492 1612 horum
520 1585 642 1612 mores
664 1586 804 1623 magna
824 1586 869 1613 ex
890 1577 997 1623 parte
1027 1577 1193 1623 pendent
1214 1576 1262 1613 ab
1285 1575 1436 1613 illorum
1456 1574 1625 1613 moribus
1647 1574 1686 1611 in
1709 1585 1868 1621 quorum

356 1645 546 1691 potestate
583 1645 684 1683 sunt.
725 1644 789 1693 qui
824 1645 975 1683 etiamsi
1010 1656 1166 1692 prorsus
1203 1645 1342 1683 absunt
1370 1645 1417 1682 ab
1448 1643 1549 1682 omni
1585 1643 1708 1691 culpa,
1740 1645 1867 1680 tamen
1881 1656 1915 1682 20

356 1713 551 1761 popularis
587 1713 819 1752 existimatio
851 1714 948 1752 solet
978 1714 1211 1752 dominorum
1243 1725 1364 1752 mores
1396 1726 1441 1753 ex
1478 1724 1671 1753 seruorum
1700 1714 1868 1753 moribus

357 1782 572 1820 aestimare.
605 1784 704 1821 unde
741 1782 857 1821 etiam
888 1782 950 1820 hic
986 1783 1158 1821 uidemus
1190 1783 1358 1821 diuinam
1390 1783 1618 1832 scripturam
1650 1784 1868 1832 frequenter

356 1850 463 1888 iuxta
502 1851 717 1890 mortalium
761 1852 917 1889 affectus
957 1851 1175 1900 loquentem
1212 1851 1317 1890 uelut
1345 1852 1384 1890 in
1413 1853 1583 1892 Leuitico
1605 1854 1650 1892 de
1672 1865 1714 1892 eo
1736 1854 1800 1902 qui
1822 1855 1867 1892 de

354 1920 496 1957 semine
532 1932 598 1958 suo
638 1921 807 1958 dedisset
847 1921 948 1959 idolo
984 1921 1133 1959 Moloch
1174 1921 1288 1959 dicit:
1328 1922 1441 1970 quia
1480 1922 1665 1970 polluit
1696 1935 1869 1962 nomen

353 1991 578 2027 sanctum
608 2001 769 2028 meum.
801 1991 840 2027 at
875 1991 975 2038 quod
997 1991 1044 2028 ab
1076 1991 1291 2028 hominibus
1328 1991 1606 2030 sanctificatum
1636 1994 1706 2038 est,
1745 1992 1864 2040 pollui
1878 2003 1911 2029 25

354 2059 501 2105 potest:
533 2058 602 2096 Dei
630 2070 719 2096 uero
748 2070 883 2097 nomen
912 2059 951 2096 in
983 2071 1022 2097 se
1058 2071 1207 2108 semper
1236 2062 1294 2098 est
1329 2061 1549 2108 gloriosum,
1572 2061 1674 2109 apud
1695 2061 1865 2099 homines

356 2128 507 2165 tantum
543 2128 844 2175 contaminatur,
882 2129 1193 2176 quemadmodum
1229 2130 1390 2167 mendax
1425 2129 1583 2168 infamia
1618 2142 1694 2169 non
1729 2131 1867 2179 polluit

355 2196 480 2234 uirum
507 2197 713 2244 integrum.
748 2197 802 2235 sic
836 2199 873 2235 et
906 2197 1007 2245 apud
1028 2198 1266 2236 Ezechielem
1297 2198 1438 2236 clamat
1459 2210 1594 2237 nomen
1617 2210 1726 2237 suum
1747 2199 1866 2237 fuisse

355 2264 544 2312 pollutum
575 2265 674 2304 inter
707 2268 840 2314 gentes
862 2266 989 2315 impiis
1010 2267 1178 2305 moribus
1200 2267 1476 2306 Israelitarum.
1511 2268 1602 2316 quin
1624 2269 1662 2306 et
1684 2268 1864 2306 beatissi-

357 2346 441 2372 mus
462 2335 605 2373 Paulus
637 2336 808 2374 scribens
846 2335 1026 2374 Romanis
1047 2347 1093 2373 ex
1113 2335 1340 2374 auctoritate
1362 2337 1569 2384 prophetae
1591 2336 1695 2383 dicit,
1730 2337 1861 2385 appel·
1878 2350 1911 2375 30

355 2402 439 2440 lans
462 2403 624 2443 Iudaeos
644 2405 769 2452 legem
792 2404 1028 2455 profitentes,
1066 2404 1133 2442 sed
1155 2416 1198 2443 ea
1219 2415 1314 2452 quae
1336 2404 1398 2443 lex
1419 2407 1524 2444 uetat
1546 2405 1752 2443 facientes:
1785 2418 1862 2444 no-

354 2483 455 2509 men
486 2472 570 2510 Dei
600 2473 966 2521 blasphematur
998 2473 1131 2511 inter
1162 2476 1345 2521 gentes.
1378 2475 1416 2511 et
1448 2474 1487 2511 in
1529 2474 1699 2512 oratione
1740 2475 1860 2513 domi-

357 2540 454 2587 nica,
487 2541 586 2579 sicut
607 2541 723 2589 attigi
743 2542 908 2589 modum,
943 2553 988 2579 ex
1009 2542 1235 2580 auctoritate
1271 2542 1493 2581 redemtoris
1516 2553 1667 2580 oramus
1689 2544 1730 2580 ut
1752 2554 1864 2581 sanc-

356 2608 523 2648 tificetur
554 2622 688 2650 nomen
709 2611 779 2650 Dei
800 2612 935 2660 patris,
971 2611 1042 2650 hoc
1063 2613 1122 2650 est
1144 2614 1185 2650 ut
1219 2613 1446 2651 inclarescat
1467 2614 1505 2650 et
1526 2613 1743 2651 illustretur
1763 2613 1864 2660 apud

359 2678 532 2717 homines
564 2679 694 2728 utique
715 2692 783 2728 per
803 2681 974 2720 homines
996 2680 1057 2719 uel
1078 2682 1206 2728 potius
1229 2682 1268 2719 in
1288 2681 1517 2720 hominibus.
1551 2681 1772 2719 illustratur
1793 2693 1861 2719 au·
1877 2694 1909 2719 35

447 2847 489 2880 11
515 2847 646 2883 Matth.
673 2849 704 2892 6,
729 2850 760 2884 9.
1006 2849 1051 2884 24
1075 2848 1159 2885 Leu.
1183 2850 1238 2891 20,
1266 2849 1300 2886 3.
1553 2849 1596 2883 31
1623 2849 1723 2884 Rom.
1750 2850 1781 2891 2,
1809 2849 1863 2884 24.
