2032 3248
1622 223 1701 253 LIX

210 312 339 353 menti
369 311 547 353 futilitas
575 325 648 353 nec
679 312 889 365 scriptoris
912 314 1120 354 uetustate
1141 325 1214 354 nec
1236 313 1431 354 sermonis
1453 313 1701 366 proprietate

211 387 504 439 compensetur,
524 386 638 427 uelut
658 386 963 438 Confessionem
983 387 1207 439 Cypriam,
1225 387 1535 428 Reuelationem
1552 388 1703 439 capitis

209 461 315 502 beati
338 461 518 502 Ioannis
547 461 762 512 baptistae,
793 474 894 514 quae
921 462 1101 503 narratio
1131 474 1209 514 quo
1240 474 1334 503 casu
1357 462 1398 502 in
1421 462 1619 503 editiones
1640 462 1703 502 in-

209 535 380 588 repserit
410 535 517 576 infra
545 536 903 585 demonstrabitur,
934 536 974 576 et
1005 535 1161 576 (lenam
1194 536 1260 576 uel
1293 535 1427 577 Cenac
1458 535 1704 587 disputatio-

208 610 359 659 nem*).
384 610 540 662 reliqua
562 623 663 663 quae
684 610 816 663 recepi
835 622 926 651 cum
945 610 987 651 in
1006 611 1255 651 editionibus
1278 611 1393 652 tanta
1415 611 1705 663 deprauatione

206 683 436 725 laborarent
472 685 519 725 ut
551 685 743 737 pleraque
780 684 967 739 intellegi
1003 698 1082 726 non
1117 686 1293 737 possent,
1332 685 1383 726 ad
1419 684 1705 726 uetustissima

208 759 459 812 exemplaria
506 759 729 800 maximam
773 760 933 811 partem
976 760 1108 801 adhuc
1148 760 1338 813 ignorata
1379 760 1576 812 quantum
1618 759 1706 800 fieri

206 833 342 886 potuit
378 834 566 875 accurate
603 833 818 887 castigaui.
856 833 899 874 in
930 833 1105 888 singulis
1141 834 1404 876 emendandis
1440 847 1520 887 qua
1551 834 1706 875 ratione

205 919 270 948 ars
306 907 449 949 critica
484 907 711 950 factitanda
746 908 813 958 sit,
850 908 991 961 paucis
1024 909 1160 961 potest
1191 909 1371 950 tractari.
1410 909 1564 961 partim
1596 909 1705 950 enim

208 981 414 1023 codicibus
450 982 619 1024 alterius
657 982 840 1024 familiae
877 983 917 1023 et
951 982 1120 1035 primae,
1163 982 1210 1023 de
1249 994 1420 1035 quorum
1459 983 1706 1024 auctoritate

211 1056 313 1098 satis
336 1056 493 1098 dictum
515 1056 693 1106 uidetur,
719 1057 948 1106 seruantur,
971 1057 1121 1109 partim
1145 1057 1373 1098 emendatio
1396 1057 1582 1098 codicum
1604 1070 1706 1109 pau-

207 1130 331 1172 citate
354 1132 394 1171 et
417 1130 664 1183 antiquitate
694 1131 736 1171 id
759 1132 820 1172 est
852 1131 1122 1184 interpolandi
1156 1131 1395 1184 errandique
1428 1143 1549 1172 causa
1570 1132 1705 1172 minus

207 1204 492 1257 multiplicata
513 1205 747 1246 adiuuatur.

263 1280 282 1320 I
311 1281 399 1322 De
428 1281 776 1332 spectaculis.
809 1280 884 1325 hoc
914 1280 1156 1333 opusculum
1190 1281 1297 1333 quod
1330 1293 1376 1321 ex
1409 1280 1544 1323 codice
1578 1298 1608 1336 μ
1639 1281 1706 1322 uel

210 1367 373 1409 prorsus
408 1356 584 1410 gemello
618 1356 744 1397 editio
767 1355 1008 1396 Manutiana
1036 1355 1078 1395 in
1108 1356 1242 1396 lucem
1275 1355 1449 1408 protulit
1479 1367 1641 1408 perraro
1663 1355 1704 1395 in

210 1443 307 1472 mss.
345 1430 463 1471 libris
499 1431 680 1484 apparet.
720 1430 913 1471 Baluzius
950 1430 1050 1471 duos
1086 1430 1262 1470 habebat
1298 1429 1525 1471 Fuxensem
1563 1429 1627 1484 (Z)
1666 1431 1705 1470 et

208 1505 453 1546 Remensem
477 1505 542 1560 (r),
566 1505 714 1558 reliqui
737 1504 911 1546 editores
932 1504 1109 1545 nullum.
1130 1504 1249 1545 libris
1271 1505 1505 1546 Baluzianis
1528 1505 1704 1558 diligen-

210 1579 294 1620 tius
317 1593 340 1621 a
361 1592 426 1621 me
450 1579 627 1621 excussis
651 1579 792 1621 addidi
814 1579 985 1620 tertium
1006 1579 1288 1620 Monacensem
1312 1578 1391 1633 (μ).
1415 1580 1485 1632 qui
1507 1580 1706 1632 quomodo

210 1652 318 1694 inter
334 1665 375 1694 se
393 1653 630 1694 cohaereant
652 1665 773 1706 supra
794 1653 1020 1694 indicatum
1038 1654 1099 1694 est
1115 1666 1151 1706 p.
1167 1653 1365 1694 XLVIII:
1388 1666 1434 1694 ex
1451 1666 1529 1695 uno
1551 1653 1708 1695 scilicet

208 1726 413 1769 fluxerunt
435 1729 668 1782 archetypo,
700 1740 821 1781 quem
845 1728 999 1769 codices
1023 1741 1073 1781 μτ
1094 1728 1297 1782 integrius
1319 1730 1625 1781 repraesentant
1647 1728 1706 1770 ita

209 1802 315 1843 inter
332 1814 373 1843 se
391 1803 540 1853 conexi,
565 1804 611 1844 ut
629 1803 749 1844 unius
771 1803 903 1845 instar
924 1803 1100 1844 habeant
1122 1803 1232 1853 libri,
1258 1815 1280 1844 a
1297 1815 1374 1856 quo
1397 1816 1559 1844 summa
1577 1803 1706 1844 inter-

208 1877 414 1930 polatione
450 1877 478 1917 Z
516 1878 792 1931 degenerauit.
835 1877 910 1919 hac
950 1878 1107 1919 ratione
1148 1878 1308 1918 textum
1350 1877 1706 1930 corruptissimum

209 1951 427 2003 permultis
460 1951 558 1993 locis
590 1952 741 1993 rectius
771 1951 981 2002 constitui,
1017 1952 1087 1993 sed
1116 1952 1310 2004 conplura
1332 1951 1584 1992 emendanda
1613 1951 1706 1992 aliis

213 2025 362 2078 reliqui
385 2026 426 2066 in
449 2026 642 2078 opusculo
663 2038 741 2067 non
764 2026 944 2080 indigno,
974 2026 1016 2067 in
1038 2026 1145 2078 quod
1168 2026 1248 2066 uiri
1271 2025 1380 2067 docti
1402 2037 1565 2078 operam
1589 2038 1704 2067 suam

211 2103 462 2143 conuertant.
501 2127 552 2131 —
592 2100 633 2141 II
670 2104 756 2143 De
794 2104 929 2145 bono
965 2102 1297 2153 pudicitiae.
1338 2100 1444 2142 hunc
1485 2102 1704 2141 tractatum

211 2187 329 2227 quem
346 2176 539 2217 Erasmus
562 2177 719 2229 primus
738 2177 914 2218 edidisse
932 2177 1112 2218 creditur
1129 2176 1351 2217 editionem
1368 2176 1705 2217 Dauentriensem

257 2334 288 2374 *)
316 2334 388 2367 Hoc
421 2334 542 2368 libello
576 2334 798 2378 ineptissimo
833 2335 951 2368 nullus
985 2334 1204 2378 frequentius
1238 2333 1510 2367 describebatur.
1547 2331 1706 2365 uersibus

211 2391 333 2424 latini>=
357 2393 514 2425 Caemzm
545 2391 700 2425 reddidit
729 2393 895 2426 Azelinus
924 2393 1115 2425 monachus
1135 2392 1315 2425 Remensis
1345 2391 1393 2424 ad
1411 2390 1614 2424 llenricum
1639 2390 1704 2423 im-

207 2453 409 2491 peratorem
428 2450 592 2483 imitatus
613 2450 838 2493 (syprz'anum
860 2450 1197 2494 Cartlmyc'niensem
1216 2449 1271 2491 (cf.
1288 2448 1454 2482 Salmasii
1473 2449 1544 2481 not.
1564 2447 1607 2481 ad
1626 2447 1706 2481 Fla-

212 2505 308 2538 uium
329 2506 513 2549 Vopiscum
544 2518 576 2550 p.
596 2510 687 2544 396).
717 2507 752 2539 111
779 2506 893 2539 codice
912 2507 1113 2540 Monacensi
1140 2508 1192 2551 (μ)
1220 2506 1281 2540 fol.
1309 2509 1393 2538 207⁸
1413 2505 1577 2538 uersiculi
1605 2516 1705 2549 prae-

211 2561 405 2596 mittuntur
430 2553 504 2596 (mi,
516 2564 674 2597 Ioannis
700 2563 743 2597 (le
770 2574 883 2596 caena
907 2552 1159 2607 stCyprsiani
1184 2564 1367 2607 martyris,
1398 2562 1525 2605 quibus
1544 2562 1705 2597 Carolum

212 2618 455 2662 imperatorem
481 2621 686 2664 alloquitur,
713 2621 854 2663 eiusque
878 2622 920 2653 fit
937 2621 1070 2653 montio
1088 2622 1123 2653 in
1143 2620 1235 2653 calco
1254 2620 1312 2653 fol.
1333 2624 1398 2653 21⁶2
1425 2619 1525 2653 Vnde
1542 2620 1707 2664 glandem

210 2675 389 2710 letabatur
416 2666 520 2720 imjff
532 2678 683 2712 Carolus
698 2678 784 2710 (sum
800 2677 1045 2721 1¹'1·ctnciyenis
1058 2678 1185 2720 poecis,
1206 2688 1285 2710 cum
1302 2677 1408 2720 pallis
1426 2677 1624 2710 bibentibus
1642 2680 1706 2710 otc.

212 2732 353 2766 Maurus·
372 2734 514 2776 quidam
534 2734 676 2768 eandem
701 2735 857 2769 Caenczm
879 2734 1054 2777 germanis
1075 2734 1232 2767 uersibus
1250 2734 1426 2767 conditam
1446 2733 1613 2767 Lothario
1631 2735 1705 2777 regi

213 2789 424 2824 Franoorum
451 2791 523 2824 filio
542 2792 710 2825 Lndouici
736 2791 785 2824 IV
811 2790 989 2824 dedicauit
1015 2790 1282 2833 (cf.Le'1bnitzii
1308 2790 1495 2834 epistulam
1522 2792 1556 2824 in
1577 2791 1704 2824 Oudini

212 2846 400 2881 Commeat.
422 2848 464 2881 de
482 2850 604 2891 script.
626 2849 740 2883 eccles.
762 2849 778 2881 l
798 2852 861 2881 275
881 2851 957 2891 sq).
