2032 3248
411 248 487 289 166
1036 240 1281 286 Appendix.

404 351 580 398 peribus,
610 352 652 389 ut
682 351 802 388 semet
832 349 935 397 ipsos
958 349 1092 397 quales
1125 348 1202 385 sint
1231 347 1459 395 intellegant
1490 349 1529 385 et
1557 349 1658 396 quod
1685 349 1798 387 rebus
1829 360 1922 387 con-

404 420 512 468 sequi
532 431 607 458 non
628 419 758 457 ualent
779 418 920 456 mentis
940 419 1086 456 tumore
1110 417 1305 464 superbire
1328 417 1528 454 desistant.

981 543 1084 581 REX
1114 542 1336 588 INIQVVS.

363 638 386 674 9
461 638 593 677 Nonus
616 638 809 677 abusionis
832 638 972 686 gradus
995 638 1054 675 est
1075 649 1142 675 rex
1163 636 1327 684 iniquus.
1346 636 1486 674 etenim
1503 647 1632 684 regem
1653 648 1727 675 non
1744 637 1916 685 iniquum

404 708 469 745 sed
492 708 739 746 correctorem
761 707 975 754 iniquorum
997 717 1079 744 esse
1102 707 1263 753 oportet.
1295 706 1393 743 unde
1429 705 1469 743 in
1499 707 1618 744 semet
1639 706 1721 754 ipso
1751 707 1915 745 nominis
1931 722 1945 745 5

404 776 463 814 sui
485 776 711 824 dignitatem
734 776 923 815 custodire
946 775 1080 813 debet:
1112 786 1249 813 nomen
1270 774 1370 813 enim
1390 774 1493 823 regis
1515 775 1829 813 intellectualiter
1846 777 1917 814 hoc

404 845 564 891 retinet,
596 846 639 883 ut
661 845 841 883 subiectis
863 844 1038 882 omnibus
1060 843 1219 882 rectoris
1241 843 1407 882 officium
1429 845 1615 892 procuret.
1651 846 1718 882 sed
1751 845 1917 892 qualiter

403 914 500 952 alios
536 914 724 962 corrigere
760 914 901 962 poterit
933 913 998 962 qui
1034 913 1206 961 proprios
1243 925 1366 951 mores
1396 925 1443 951 ne
1473 913 1595 961 iniqui
1626 913 1704 951 sint
1734 925 1809 952 non
1832 925 1915 952 cor-

400 983 521 1030 rigit?
554 984 730 1031 quoniam
751 983 902 1020 iustitia
922 982 1025 1030 regis
1061 982 1252 1020 exaltatur
1288 982 1424 1021 solium
1456 984 1493 1020 et
1514 983 1678 1021 ueritate
1700 982 1917 1021 solidantur

399 1052 656 1099 gubernacula
677 1052 912 1100 populorum.
946 1052 1096 1089 iustitia
1124 1063 1212 1090 uero
1242 1052 1345 1100 regis
1377 1053 1436 1089 est
1464 1052 1653 1091 neminem
1681 1052 1824 1090 iniuste
1845 1063 1913 1100 per
1929 1064 1961 1088 10

398 1121 607 1168 potentiam
624 1121 846 1169 opprimere,
871 1121 951 1159 sine
968 1121 1185 1168 acceptione
1202 1132 1448 1169 personarum
1466 1121 1567 1159 inter
1587 1120 1712 1159 uirum
1734 1122 1771 1158 et
1785 1121 1913 1169 proxi-

399 1201 500 1227 mum
524 1202 632 1227 suum
654 1190 844 1237 iudicare,
883 1189 1042 1228 aduenis
1073 1192 1111 1228 et
1141 1189 1300 1238 pupillis
1331 1191 1368 1229 et
1398 1190 1527 1228 uiduis
1550 1190 1783 1228 defensorem
1816 1202 1913 1239 esse,

399 1258 504 1296 furta
525 1259 721 1307 cohibere,
759 1259 949 1298 adulteria
970 1259 1104 1307 punire
1118 1290 1126 1306 ‚
1165 1260 1315 1308 iniquos
1337 1271 1412 1297 non
1434 1260 1623 1306 exaltare,
1654 1259 1852 1306 inpudicos
1876 1261 1914 1297 et

398 1326 606 1366 histriones
638 1340 712 1366 non
733 1329 894 1375 nutrire,
926 1328 1063 1376 impios
1085 1329 1130 1366 de
1151 1330 1255 1366 terra
1276 1329 1446 1376 perdere,
1479 1328 1690 1376 parricidas
1721 1335 1759 1366 et
1781 1328 1910 1376 periu-

398 1399 529 1435 rantes
566 1398 693 1436 uiuere
715 1410 791 1436 non
813 1399 958 1446 sinere,
991 1399 1174 1437 ecclesias
1196 1398 1417 1445 defendere,
1452 1409 1638 1446 pauperes
1661 1398 1911 1447 eleemosynis
1926 1412 1959 1438 15

398 1466 521 1513 alere,
554 1466 674 1506 iustos
700 1479 812 1515 super
839 1468 948 1516 regni
982 1468 1138 1516 negotia
1168 1468 1420 1514 constituere,
1454 1479 1565 1505 senes
1587 1469 1626 1505 et
1655 1458 1846 1515 sapientes
1874 1470 1912 1507 et

401 1530 547 1574 sobrios
577 1536 811 1575 consiliarios
833 1537 995 1585 habere,
1028 1549 1225 1585 magorum
1246 1539 1284 1575 et
1304 1537 1507 1575 ariolorum
1528 1536 1912 1585 pythonissarumque

398 1606 736 1653 superstitionibus
757 1618 832 1645 non
853 1607 1050 1644 intendere
1066 1637 1074 1653 ‚
1097 1606 1331 1644 iracundiam
1353 1606 1504 1644 differre
1519 1637 1527 1652 ,
1568 1606 1731 1653 patriam
1761 1605 1913 1644 fortiter

399 1677 437 1714 et
458 1674 557 1713 iuste
581 1677 710 1713 contra
737 1675 975 1714 aduersarios
998 1675 1217 1722 defendere,
1250 1687 1317 1723 per
1352 1675 1477 1713 omnia
1497 1674 1536 1712 in
1558 1674 1636 1713 Deo
1658 1674 1799 1721 uiuere,
1822 1686 1909 1722 pro-

397 1744 644 1792 speritatibus
671 1756 747 1782 nou
782 1744 928 1782 eleuare
980 1745 1159 1791 animum,
1201 1746 1337 1782 cuncta
1377 1744 1536 1782 aduersa
1571 1745 1761 1792 patienter
1797 1744 1909 1792 ferre,
1924 1758 1960 1785 20

396 1813 508 1851 fidem
540 1813 765 1851 catholicam
791 1814 830 1851 in
852 1814 972 1852 Deum
993 1814 1146 1860 habere,
1169 1813 1268 1852 filios
1290 1825 1378 1851 suos
1399 1825 1475 1851 non
1497 1813 1619 1851 sinere
1641 1813 1754 1860 impie
1784 1825 1910 1862 agere,

395 1882 508 1920 certis
529 1882 632 1920 horis
654 1882 887 1920 orationibus
909 1882 1107 1929 insistere,
1141 1884 1227 1920 ante
1264 1883 1378 1920 horas
1416 1894 1601 1930 congruas
1642 1894 1718 1921 non
1754 1884 1909 1930 gustare

392 1951 529 1989 cibum.
571 1963 660 1990 uae
697 1952 823 1990 enim
866 1953 1048 1999 terrae,
1100 1951 1243 1990 cuius
1284 1963 1366 1990 rex
1417 1954 1490 1990 est
1528 1963 1643 1999 puer
1688 1954 1734 1990 et
1773 1953 1911 1991 cuius

483 2073 527 2108 23
551 2073 646 2108 Eccl.
673 2074 726 2116 10,
755 2074 808 2108 16.

489 2188 508 2222 1
534 2188 576 2221 ut
601 2198 695 2222 corr.
720 2188 764 2222 in
788 2189 825 2221 et
855 2186 898 2229 G,
924 2189 966 2221 ut
991 2188 1026 2222 et
1056 2187 1092 2223 V
1242 2189 1284 2222 ut
1310 2188 1405 2233 quod
1435 2189 1476 2229 V,
1503 2189 1588 2233 quia
1612 2200 1633 2224 v
1789 2200 1908 2224 conse—

392 2245 465 2290 qui]
493 2245 587 2289 quod
611 2245 762 2290 cupiunt
786 2245 872 2280 add.
898 2256 919 2280 v
1012 2245 1034 2280 2
1059 2245 1226 2280 desinant
1250 2246 1312 2281 Xv
1404 2246 1428 2281 4
1453 2246 1585 2281 etenim
1601 2273 1609 2281 .
1626 2277 1630 2281 .
1647 2273 1654 2280 .
1671 2246 1776 2291 unde]
1802 2257 1906 2291 quem

390 2313 470 2337 cum
494 2302 701 2346 iniquorum
726 2303 973 2337 correctiorem
999 2314 1073 2337 esse
1099 2304 1297 2348 oportuerit
1322 2304 1433 2338 etiam
1458 2304 1499 2338 X
1720 2304 1742 2338 5
1766 2305 1907 2339 nomini

397 2359 487 2395 G¹X
663 2360 684 2394 6
710 2360 816 2395 debet
840 2360 1017 2395 custodire
1048 2361 1088 2402 V,
1114 2372 1184 2396 non
1210 2361 1368 2396 custodit
1393 2362 1434 2396 X
1610 2361 1705 2396 enim
1730 2372 1796 2396 om.
1822 2362 1864 2396 X

391 2417 412 2451 9
437 2417 475 2450 in
498 2409 643 2452 iustitia
666 2429 688 2452 v
856 2418 1031 2452 exaltetur
1056 2418 1095 2452 X
1267 2420 1318 2464 et]
1345 2421 1381 2453 et
1406 2419 1444 2453 in
1476 2419 1588 2455 G’Xv
1753 2419 1907 2454 ueritate

390 2473 486 2517 regis
516 2473 570 2509 Vv
695 2475 738 2509 11
762 2486 993 2519 personarum
1018 2475 1222 2520 acceptione
1246 2488 1267 2511 v
1383 2477 1421 2511 in
1446 2477 1564 2511 uirum
1597 2477 1630 2512 V
1744 2477 1787 2511 12
1812 2477 1907 2511 iuste

390 2529 547 2565 iudicare
571 2543 593 2566 v
702 2534 738 2566 et
763 2533 884 2567 uiduis
909 2544 975 2568 om.
1009 2533 1042 2568 V
1164 2534 1207 2568 13
1231 2545 1301 2568 non
1326 2535 1368 2569 X
1388 2546 1419 2570 s.
1446 2535 1467 2569 l.
1495 2546 1539 2569 m.
1566 2537 1592 2569 2
1717 2535 1762 2569 14
1787 2535 1907 2570 istrio-

390 2598 451 2621 nes
482 2587 522 2629 V,
549 2588 700 2623 striones
732 2589 808 2624 ΘΧ
963 2590 1161 2635 peierantes
1191 2591 1245 2627 Vv
1398 2592 1441 2627 15
1466 2592 1575 2626 sinire
1606 2591 1656 2627 6¹
1814 2603 1848 2637 p.
1875 2603 1905 2629 e.

392 2645 498 2689 alere]
523 2646 738 2690 pauperibus
764 2648 972 2683 elemosinas
997 2648 1081 2683 dare
1105 2649 1147 2683 X
1287 2651 1329 2685 16
1355 2651 1497 2695 sapiens
1514 2650 1569 2685 X*
1712 2651 1755 2685 17
1780 2661 1827 2684 m.
1855 2650 1903 2695 et]

391 2712 577 2747 magorum
601 2715 623 2739 υ
762 2707 797 2740 et
821 2706 1103 2750 phitonissarum
1127 2707 1175 2749 X,
1200 2706 1484 2752 phitonissarum
1516 2707 1551 2743 V
1702 2707 1745 2743 19
1770 2707 1903 2752 uiuere]

392 2759 565 2794 confidere
589 2761 649 2796 Xv
800 2764 847 2798 20
870 2774 940 2798 non
965 2764 1100 2798 eleuari
1125 2765 1242 2800 animo
1273 2766 1314 2807 V,
1342 2777 1371 2800 a.
1399 2777 1433 2800 n.
1462 2766 1600 2801 eleuare
1624 2776 1645 2801 v
1800 2765 1903 2810 ferre]

390 2816 543 2851 tolerare
568 2829 589 2853 v
775 2820 818 2854 21
846 2832 926 2855 suos
952 2832 1019 2856 om.
1045 2822 1085 2855 X
1269 2823 1396 2868 impios
1421 2823 1462 2858 X
1645 2823 1690 2857 22
1716 2822 1787 2857 oris
1812 2823 1853 2856 X

390 2873 435 2908 23
461 2873 578 2908 cibum
604 2886 673 2909 non
698 2878 842 2921 gustare
870 2890 888 2912 υ
1027 2889 1113 2923 puer
1138 2880 1192 2913 est
1216 2880 1278 2914 Xv
