<?xml version="1.0" encoding="UTF-8"?>
<!DOCTYPE html PUBLIC "-//W3C//DTD XHTML 1.0 Transitional//EN"
    "http://www.w3.org/TR/xhtml1/DTD/xhtml1-transitional.dtd">
<html xmlns="http://www.w3.org/1999/xhtml" xml:lang="en" lang="en">
 <head>
  <title>
</title>
<meta http-equiv="Content-Type" content="text/html;charset=utf-8" />
  <meta name='ocr-system' content='tesseract 3.04.00' />
  <meta name='ocr-capabilities' content='ocr_page ocr_carea ocr_par ocr_line ocrx_word'/>
</head>
<body>
  <div class='ocr_page' id='page_1' title='image "./corpusscriptorum03cypruoft/corpusscriptorum03cypruoft_0164.png"; bbox 0 0 2032 3248; ppageno 0'>
   <div class='ocr_carea' id='block_1_1' title="bbox 324 226 1207 274">
    <p class='ocr_par' dir='ltr' id='par_1_1' title="bbox 324 226 1207 274">
     <span class='ocr_line' id='line_1_1' title="bbox 324 226 1207 274; baseline -0.002 -12"><span class='ocrx_word' id='word_1_1' title='bbox 324 234 405 274; x_wconf 65' lang='lat'>154</span> <span class='ocrx_word' id='word_1_2' title='bbox 957 226 1207 273; x_wconf 81' lang='lat' dir='ltr'>Appendix.</span> 
     </span>
    </p>
   </div>
   <div class='ocr_carea' id='block_1_2' title="bbox 315 332 1895 1703">
    <p class='ocr_par' dir='ltr' id='par_1_2' title="bbox 315 332 1895 1703">
     <span class='ocr_line' id='line_1_2' title="bbox 322 332 1846 385; baseline -0.003 -9"><span class='ocrx_word' id='word_1_3' title='bbox 322 338 369 375; x_wconf 84' lang='lat' dir='ltr'>ad</span> <span class='ocrx_word' id='word_1_4' title='bbox 391 337 661 385; x_wconf 71' lang='lat' dir='ltr'>perfectionem</span> <span class='ocrx_word' id='word_1_5' title='bbox 682 336 863 375; x_wconf 88' lang='lat' dir='ltr'>festinare</span> <span class='ocrx_word' id='word_1_6' title='bbox 885 347 961 374; x_wconf 91' lang='lat' dir='ltr'>non</span> <span class='ocrx_word' id='word_1_7' title='bbox 982 335 1206 382; x_wconf 74' lang='lat' dir='ltr'>contendat,</span> <span class='ocrx_word' id='word_1_8' title='bbox 1230 333 1381 382; x_wconf 91' lang='lat' dir='ltr'>quando</span> <span class='ocrx_word' id='word_1_9' title='bbox 1402 333 1522 371; x_wconf 86' lang='lat' dir='ltr'>totius</span> <span class='ocrx_word' id='word_1_10' title='bbox 1544 332 1714 382; x_wconf 87' lang='lat' dir='ltr'>corporis</span> <span class='ocrx_word' id='word_1_11' title='bbox 1734 333 1846 372; x_wconf 86' lang='lat' dir='ltr'>habi-</span> 
     </span>
     <span class='ocr_line' id='line_1_3' title="bbox 321 402 1845 453; baseline -0.003 -8"><span class='ocrx_word' id='word_1_12' title='bbox 321 409 384 445; x_wconf 89' lang='lat' dir='ltr'>tus</span> <span class='ocrx_word' id='word_1_13' title='bbox 406 409 600 445; x_wconf 81' lang='lat' dir='ltr'>senectute</span> <span class='ocrx_word' id='word_1_14' title='bbox 623 406 818 446; x_wconf 86' lang='lat' dir='ltr'>confectus</span> <span class='ocrx_word' id='word_1_15' title='bbox 841 406 888 444; x_wconf 89' lang='lat' dir='ltr'>ad</span> <span class='ocrx_word' id='word_1_16' title='bbox 907 405 1106 443; x_wconf 86' lang='lat' dir='ltr'>interitum</span> <span class='ocrx_word' id='word_1_17' title='bbox 1126 404 1335 453; x_wconf 77' lang='lat' dir='ltr'>properat?</span> <span class='ocrx_word' id='word_1_18' title='bbox 1369 404 1459 441; x_wconf 91' lang='lat' dir='ltr'>dum</span> <span class='ocrx_word' id='word_1_19' title='bbox 1492 403 1592 442; x_wconf 87' lang='lat' dir='ltr'>oculi</span> <span class='ocrx_word' id='word_1_20' title='bbox 1619 402 1845 452; x_wconf 88' lang='lat' dir='ltr'>caliginant,</span> 
     </span>
     <span class='ocr_line' id='line_1_4' title="bbox 322 472 1845 525; baseline -0.003 -10"><span class='ocrx_word' id='word_1_21' title='bbox 322 477 426 515; x_wconf 91' lang='lat' dir='ltr'>auris</span> <span class='ocrx_word' id='word_1_22' title='bbox 447 476 619 525; x_wconf 87' lang='lat' dir='ltr'>grauiter</span> <span class='ocrx_word' id='word_1_23' title='bbox 641 476 769 523; x_wconf 89' lang='lat' dir='ltr'>audit,</span> <span class='ocrx_word' id='word_1_24' title='bbox 803 475 936 524; x_wconf 87' lang='lat' dir='ltr'>capilli</span> <span class='ocrx_word' id='word_1_25' title='bbox 957 472 1106 521; x_wconf 88' lang='lat' dir='ltr'>fluunt,</span> <span class='ocrx_word' id='word_1_26' title='bbox 1143 473 1261 512; x_wconf 86' lang='lat' dir='ltr'>facies</span> <span class='ocrx_word' id='word_1_27' title='bbox 1283 473 1324 511; x_wconf 91' lang='lat' dir='ltr'>in</span> <span class='ocrx_word' id='word_1_28' title='bbox 1343 473 1476 521; x_wconf 86' lang='lat' dir='ltr'>palere</span> <span class='ocrx_word' id='word_1_29' title='bbox 1496 473 1688 521; x_wconf 83' lang='lat' dir='ltr'>mutatur,</span> <span class='ocrx_word' id='word_1_30' title='bbox 1711 473 1845 511; x_wconf 89' lang='lat' dir='ltr'>dentes</span> 
     </span>
     <span class='ocr_line' id='line_1_5' title="bbox 319 543 1848 592; baseline -0.003 -8"><span class='ocrx_word' id='word_1_31' title='bbox 319 546 415 585; x_wconf 89' lang='lat' dir='ltr'>lassi</span> <span class='ocrx_word' id='word_1_32' title='bbox 434 557 589 584; x_wconf 87' lang='lat' dir='ltr'>numero</span> <span class='ocrx_word' id='word_1_33' title='bbox 611 545 845 592; x_wconf 89' lang='lat' dir='ltr'>minuuntur,</span> <span class='ocrx_word' id='word_1_34' title='bbox 869 545 968 583; x_wconf 87' lang='lat' dir='ltr'>cutis</span> <span class='ocrx_word' id='word_1_35' title='bbox 990 543 1144 591; x_wconf 79' lang='lat' dir='ltr'>arescit,</span> <span class='ocrx_word' id='word_1_36' title='bbox 1167 543 1281 581; x_wconf 86' lang='lat' dir='ltr'>flatus</span> <span class='ocrx_word' id='word_1_37' title='bbox 1302 554 1378 581; x_wconf 89' lang='lat' dir='ltr'>non</span> <span class='ocrx_word' id='word_1_38' title='bbox 1399 543 1568 581; x_wconf 88' lang='lat' dir='ltr'>suauiter</span> <span class='ocrx_word' id='word_1_39' title='bbox 1590 543 1688 590; x_wconf 85' lang='lat' dir='ltr'>olet,</span> <span class='ocrx_word' id='word_1_40' title='bbox 1714 544 1848 591; x_wconf 85' lang='lat' dir='ltr'>pectus</span> 
     </span>
     <span class='ocr_line' id='line_1_6' title="bbox 322 612 1876 663; baseline -0.003 -9"><span class='ocrx_word' id='word_1_41' title='bbox 322 616 549 663; x_wconf 85' lang='lat' dir='ltr'>suffocatur,</span> <span class='ocrx_word' id='word_1_42' title='bbox 583 615 703 653; x_wconf 90' lang='lat' dir='ltr'>tussis</span> <span class='ocrx_word' id='word_1_43' title='bbox 733 614 950 662; x_wconf 82' lang='lat' dir='ltr'>cachinnat,</span> <span class='ocrx_word' id='word_1_44' title='bbox 986 625 1113 663; x_wconf 88' lang='lat' dir='ltr'>genua</span> <span class='ocrx_word' id='word_1_45' title='bbox 1132 613 1348 662; x_wconf 86' lang='lat' dir='ltr'>trepidant,</span> <span class='ocrx_word' id='word_1_46' title='bbox 1377 612 1477 651; x_wconf 89' lang='lat' dir='ltr'>talos</span> <span class='ocrx_word' id='word_1_47' title='bbox 1508 614 1547 651; x_wconf 92' lang='lat' dir='ltr'>et</span> <span class='ocrx_word' id='word_1_48' title='bbox 1577 613 1692 661; x_wconf 90' lang='lat' dir='ltr'>pedes</span> <span class='ocrx_word' id='word_1_49' title='bbox 1722 613 1876 650; x_wconf 83' lang='lat' dir='ltr'>tumor5</span> 
     </span>
     <span class='ocr_line' id='line_1_7' title="bbox 319 683 1846 732; baseline -0.002 -9"><span class='ocrx_word' id='word_1_50' title='bbox 319 685 448 724; x_wconf 88' lang='lat' dir='ltr'>inflat:</span> <span class='ocrx_word' id='word_1_51' title='bbox 472 686 582 724; x_wconf 90' lang='lat' dir='ltr'>homo</span> <span class='ocrx_word' id='word_1_52' title='bbox 604 684 761 723; x_wconf 88' lang='lat' dir='ltr'>interior</span> <span class='ocrx_word' id='word_1_53' title='bbox 778 684 843 732; x_wconf 89' lang='lat' dir='ltr'>qui</span> <span class='ocrx_word' id='word_1_54' title='bbox 859 695 935 722; x_wconf 90' lang='lat' dir='ltr'>non</span> <span class='ocrx_word' id='word_1_55' title='bbox 957 684 1121 722; x_wconf 83' lang='lat' dir='ltr'>senescit</span> <span class='ocrx_word' id='word_1_56' title='bbox 1143 684 1205 721; x_wconf 88' lang='lat' dir='ltr'>his</span> <span class='ocrx_word' id='word_1_57' title='bbox 1226 683 1402 723; x_wconf 90' lang='lat' dir='ltr'>omnibus</span> <span class='ocrx_word' id='word_1_58' title='bbox 1425 683 1672 731; x_wconf 87' lang='lat' dir='ltr'>adgrauatur.</span> <span class='ocrx_word' id='word_1_59' title='bbox 1696 684 1734 721; x_wconf 90' lang='lat' dir='ltr'>et</span> <span class='ocrx_word' id='word_1_60' title='bbox 1751 683 1846 720; x_wconf 89' lang='lat' dir='ltr'>haec</span> 
     </span>
     <span class='ocr_line' id='line_1_8' title="bbox 319 752 1845 802; baseline -0.003 -8"><span class='ocrx_word' id='word_1_61' title='bbox 319 755 446 794; x_wconf 86' lang='lat' dir='ltr'>omnia</span> <span class='ocrx_word' id='word_1_62' title='bbox 466 755 654 793; x_wconf 78' lang='lat' dir='ltr'>ruituram</span> <span class='ocrx_word' id='word_1_63' title='bbox 675 755 750 792; x_wconf 91' lang='lat' dir='ltr'>iam</span> <span class='ocrx_word' id='word_1_64' title='bbox 776 753 926 802; x_wconf 89' lang='lat' dir='ltr'>iamque</span> <span class='ocrx_word' id='word_1_65' title='bbox 957 754 1108 792; x_wconf 89' lang='lat' dir='ltr'>domum</span> <span class='ocrx_word' id='word_1_66' title='bbox 1129 753 1299 802; x_wconf 90' lang='lat' dir='ltr'>corporis</span> <span class='ocrx_word' id='word_1_67' title='bbox 1330 753 1406 791; x_wconf 86' lang='lat' dir='ltr'>cito</span> <span class='ocrx_word' id='word_1_68' title='bbox 1427 752 1714 801; x_wconf 82' lang='lat' dir='ltr'>praenuntiant.</span> <span class='ocrx_word' id='word_1_69' title='bbox 1753 752 1845 801; x_wconf 88' lang='lat' dir='ltr'>quid</span> 
     </span>
     <span class='ocr_line' id='line_1_9' title="bbox 317 822 1844 873; baseline -0.002 -10"><span class='ocrx_word' id='word_1_70' title='bbox 317 836 407 873; x_wconf 84' lang='lat' dir='ltr'>ergo</span> <span class='ocrx_word' id='word_1_71' title='bbox 429 826 616 872; x_wconf 84' lang='lat' dir='ltr'>superest,</span> <span class='ocrx_word' id='word_1_72' title='bbox 639 823 714 861; x_wconf 89' lang='lat' dir='ltr'>nisi</span> <span class='ocrx_word' id='word_1_73' title='bbox 738 825 791 871; x_wconf 85' lang='lat' dir='ltr'>ut,</span> <span class='ocrx_word' id='word_1_74' title='bbox 815 824 904 862; x_wconf 92' lang='lat' dir='ltr'>dum</span> <span class='ocrx_word' id='word_1_75' title='bbox 919 822 1035 862; x_wconf 89' lang='lat' dir='ltr'>huius</span> <span class='ocrx_word' id='word_1_76' title='bbox 1056 823 1160 862; x_wconf 88' lang='lat' dir='ltr'>uitae</span> <span class='ocrx_word' id='word_1_77' title='bbox 1182 823 1354 862; x_wconf 85' lang='lat' dir='ltr'>defectus</span> <span class='ocrx_word' id='word_1_78' title='bbox 1376 822 1591 871; x_wconf 85' lang='lat' dir='ltr'>adpropiat,</span> <span class='ocrx_word' id='word_1_79' title='bbox 1619 822 1717 860; x_wconf 89' lang='lat' dir='ltr'>nihil</span> <span class='ocrx_word' id='word_1_80' title='bbox 1739 822 1844 860; x_wconf 91' lang='lat' dir='ltr'>aliud</span> 
     </span>
     <span class='ocr_line' id='line_1_10' title="bbox 316 891 1847 943; baseline -0.001 -11"><span class='ocrx_word' id='word_1_81' title='bbox 316 894 484 943; x_wconf 86' lang='lat' dir='ltr'>cogitare</span> <span class='ocrx_word' id='word_1_82' title='bbox 501 905 613 942; x_wconf 87' lang='lat' dir='ltr'>quam</span> <span class='ocrx_word' id='word_1_83' title='bbox 630 893 814 942; x_wconf 89' lang='lat' dir='ltr'>quomodo</span> <span class='ocrx_word' id='word_1_84' title='bbox 831 893 984 932; x_wconf 87' lang='lat' dir='ltr'>futurae</span> <span class='ocrx_word' id='word_1_85' title='bbox 999 894 1127 932; x_wconf 86' lang='lat' dir='ltr'>aditus</span> <span class='ocrx_word' id='word_1_86' title='bbox 1143 904 1323 942; x_wconf 88' lang='lat' dir='ltr'>prospere</span> <span class='ocrx_word' id='word_1_87' title='bbox 1338 892 1670 940; x_wconf 83' lang='lat' dir='ltr'>conprehendatur</span> <span class='ocrx_word' id='word_1_88' title='bbox 1686 891 1847 941; x_wconf 89' lang='lat' dir='ltr'>quisque</span> 
     </span>
     <span class='ocr_line' id='line_1_11' title="bbox 318 963 1895 1014; baseline -0.002 -10"><span class='ocrx_word' id='word_1_89' title='bbox 318 977 434 1004; x_wconf 85' lang='lat' dir='ltr'>senex</span> <span class='ocrx_word' id='word_1_90' title='bbox 455 966 641 1013; x_wconf 83' lang='lat' dir='ltr'>appetat?</span> <span class='ocrx_word' id='word_1_91' title='bbox 666 964 869 1003; x_wconf 88' lang='lat' dir='ltr'>iuuenibus</span> <span class='ocrx_word' id='word_1_92' title='bbox 899 964 1000 1003; x_wconf 90' lang='lat' dir='ltr'>enim</span> <span class='ocrx_word' id='word_1_93' title='bbox 1021 964 1191 1003; x_wconf 87' lang='lat' dir='ltr'>incertus</span> <span class='ocrx_word' id='word_1_94' title='bbox 1220 964 1334 1004; x_wconf 90' lang='lat' dir='ltr'>huius</span> <span class='ocrx_word' id='word_1_95' title='bbox 1366 967 1469 1005; x_wconf 89' lang='lat' dir='ltr'>uitae</span> <span class='ocrx_word' id='word_1_96' title='bbox 1491 963 1679 1005; x_wconf 85' lang='lat' dir='ltr'>terminus</span> <span class='ocrx_word' id='word_1_97' title='bbox 1709 964 1844 1014; x_wconf 83' lang='lat' dir='ltr'>instat,</span> <span class='ocrx_word' id='word_1_98' title='bbox 1862 976 1895 1002; x_wconf 82' lang='grc' dir='ltr'>ιο</span> 
     </span>
     <span class='ocr_line' id='line_1_12' title="bbox 318 1033 1845 1085; baseline -0.001 -12"><span class='ocrx_word' id='word_1_99' title='bbox 318 1034 473 1073; x_wconf 86' lang='lat' dir='ltr'>senibus</span> <span class='ocrx_word' id='word_1_100' title='bbox 494 1046 583 1073; x_wconf 90' lang='lat' dir='ltr'>uero</span> <span class='ocrx_word' id='word_1_101' title='bbox 606 1034 753 1073; x_wconf 87' lang='lat' dir='ltr'>cunctis</span> <span class='ocrx_word' id='word_1_102' title='bbox 774 1033 959 1072; x_wconf 86' lang='lat' dir='ltr'>maturior</span> <span class='ocrx_word' id='word_1_103' title='bbox 975 1045 1021 1072; x_wconf 89' lang='lat' dir='ltr'>ex</span> <span class='ocrx_word' id='word_1_104' title='bbox 1037 1034 1110 1073; x_wconf 89' lang='lat' dir='ltr'>hac</span> <span class='ocrx_word' id='word_1_105' title='bbox 1126 1034 1210 1073; x_wconf 88' lang='lat' dir='ltr'>luce</span> <span class='ocrx_word' id='word_1_106' title='bbox 1226 1046 1399 1074; x_wconf 86' lang='lat' dir='ltr'>recessus</span> <span class='ocrx_word' id='word_1_107' title='bbox 1419 1035 1599 1085; x_wconf 86' lang='lat' dir='ltr'>[breuiter</span> <span class='ocrx_word' id='word_1_108' title='bbox 1616 1034 1845 1084; x_wconf 89' lang='lat' dir='ltr'>concordat].</span> 
     </span>
     <span class='ocr_line' id='line_1_13' title="bbox 318 1104 1847 1154; baseline -0.001 -11"><span class='ocrx_word' id='word_1_109' title='bbox 318 1105 511 1143; x_wconf 87' lang='lat' dir='ltr'>cauendae</span> <span class='ocrx_word' id='word_1_110' title='bbox 534 1106 623 1143; x_wconf 92' lang='lat' dir='ltr'>sunt</span> <span class='ocrx_word' id='word_1_111' title='bbox 644 1115 735 1152; x_wconf 86' lang='lat' dir='ltr'>ergo</span> <span class='ocrx_word' id='word_1_112' title='bbox 756 1104 902 1143; x_wconf 89' lang='lat' dir='ltr'>homini</span> <span class='ocrx_word' id='word_1_113' title='bbox 932 1104 1029 1143; x_wconf 85' lang='lat' dir='ltr'>duae</span> <span class='ocrx_word' id='word_1_114' title='bbox 1060 1104 1273 1153; x_wconf 87' lang='lat' dir='ltr'>particulae</span> <span class='ocrx_word' id='word_1_115' title='bbox 1289 1136 1298 1153; x_wconf 93' lang='lat'>,</span> <span class='ocrx_word' id='word_1_116' title='bbox 1329 1117 1425 1154; x_wconf 90' lang='lat' dir='ltr'>quae</span> <span class='ocrx_word' id='word_1_117' title='bbox 1446 1107 1486 1143; x_wconf 88' lang='lat' dir='ltr'>in</span> <span class='ocrx_word' id='word_1_118' title='bbox 1508 1105 1615 1144; x_wconf 91' lang='lat' dir='ltr'>illius</span> <span class='ocrx_word' id='word_1_119' title='bbox 1636 1116 1749 1143; x_wconf 86' lang='lat' dir='ltr'>carne</span> <span class='ocrx_word' id='word_1_120' title='bbox 1771 1117 1847 1144; x_wconf 91' lang='lat' dir='ltr'>non</span> 
     </span>
     <span class='ocr_line' id='line_1_14' title="bbox 318 1174 1848 1223; baseline 0 -11"><span class='ocrx_word' id='word_1_121' title='bbox 318 1176 562 1213; x_wconf 86' lang='lat' dir='ltr'>ueterescunt</span> <span class='ocrx_word' id='word_1_122' title='bbox 579 1176 618 1213; x_wconf 90' lang='lat' dir='ltr'>et</span> <span class='ocrx_word' id='word_1_123' title='bbox 638 1175 763 1213; x_wconf 91' lang='lat' dir='ltr'>totum</span> <span class='ocrx_word' id='word_1_124' title='bbox 783 1174 974 1213; x_wconf 89' lang='lat' dir='ltr'>hominem</span> <span class='ocrx_word' id='word_1_125' title='bbox 995 1175 1044 1212; x_wconf 91' lang='lat' dir='ltr'>ad</span> <span class='ocrx_word' id='word_1_126' title='bbox 1064 1176 1298 1223; x_wconf 86' lang='lat' dir='ltr'>peccandum</span> <span class='ocrx_word' id='word_1_127' title='bbox 1318 1176 1558 1223; x_wconf 89' lang='lat' dir='ltr'>pertrahunt,</span> <span class='ocrx_word' id='word_1_128' title='bbox 1583 1187 1646 1214; x_wconf 88' lang='lat' dir='ltr'>cor</span> <span class='ocrx_word' id='word_1_129' title='bbox 1666 1175 1848 1214; x_wconf 90' lang='lat' dir='ltr'>uidelicet</span> 
     </span>
     <span class='ocr_line' id='line_1_15' title="bbox 318 1243 1840 1294; baseline -0.001 -11"><span class='ocrx_word' id='word_1_130' title='bbox 318 1246 356 1283; x_wconf 89' lang='lat' dir='ltr'>et</span> <span class='ocrx_word' id='word_1_131' title='bbox 376 1244 531 1292; x_wconf 86' lang='lat' dir='ltr'>lingua:</span> <span class='ocrx_word' id='word_1_132' title='bbox 556 1243 646 1293; x_wconf 89' lang='lat' dir='ltr'>quia</span> <span class='ocrx_word' id='word_1_133' title='bbox 666 1256 730 1283; x_wconf 90' lang='lat' dir='ltr'>cor</span> <span class='ocrx_word' id='word_1_134' title='bbox 752 1255 870 1283; x_wconf 91' lang='lat' dir='ltr'>nouas</span> <span class='ocrx_word' id='word_1_135' title='bbox 893 1255 1043 1293; x_wconf 90' lang='lat' dir='ltr'>semper</span> <span class='ocrx_word' id='word_1_136' title='bbox 1065 1244 1321 1294; x_wconf 84' lang='lat' dir='ltr'>cogitationes</span> <span class='ocrx_word' id='word_1_137' title='bbox 1342 1244 1554 1284; x_wconf 87' lang='lat' dir='ltr'>machinari</span> <span class='ocrx_word' id='word_1_138' title='bbox 1589 1256 1665 1283; x_wconf 92' lang='lat' dir='ltr'>non</span> <span class='ocrx_word' id='word_1_139' title='bbox 1687 1244 1840 1291; x_wconf 88' lang='lat' dir='ltr'>desinit,</span> 
     </span>
     <span class='ocr_line' id='line_1_16' title="bbox 315 1313 1894 1363; baseline 0.001 -12"><span class='ocrx_word' id='word_1_140' title='bbox 315 1313 448 1362; x_wconf 85' lang='lat' dir='ltr'>lingua</span> <span class='ocrx_word' id='word_1_141' title='bbox 478 1313 628 1362; x_wconf 82' lang='lat' dir='ltr'>inpigre</span> <span class='ocrx_word' id='word_1_142' title='bbox 656 1314 828 1363; x_wconf 89' lang='lat' dir='ltr'>loquitur</span> <span class='ocrx_word' id='word_1_143' title='bbox 864 1314 1124 1363; x_wconf 86' lang='lat' dir='ltr'>quodcumque</span> <span class='ocrx_word' id='word_1_144' title='bbox 1155 1327 1219 1354; x_wconf 90' lang='lat' dir='ltr'>cor</span> <span class='ocrx_word' id='word_1_145' title='bbox 1247 1314 1460 1354; x_wconf 89' lang='lat' dir='ltr'>machinari</span> <span class='ocrx_word' id='word_1_146' title='bbox 1490 1314 1668 1354; x_wconf 88' lang='lat' dir='ltr'>senserit.</span> <span class='ocrx_word' id='word_1_147' title='bbox 1710 1315 1894 1353; x_wconf 80' lang='lat' dir='ltr'>caueat15</span> 
     </span>
     <span class='ocr_line' id='line_1_17' title="bbox 317 1383 1843 1434; baseline 0 -12"><span class='ocrx_word' id='word_1_148' title='bbox 317 1394 406 1432; x_wconf 88' lang='lat' dir='ltr'>ergo</span> <span class='ocrx_word' id='word_1_149' title='bbox 429 1383 562 1422; x_wconf 84' lang='lat' dir='ltr'>senilis</span> <span class='ocrx_word' id='word_1_150' title='bbox 584 1387 702 1431; x_wconf 82' lang='lat' dir='ltr'>aetas,</span> <span class='ocrx_word' id='word_1_151' title='bbox 733 1395 779 1423; x_wconf 92' lang='lat' dir='ltr'>ne</span> <span class='ocrx_word' id='word_1_152' title='bbox 815 1384 914 1423; x_wconf 90' lang='lat' dir='ltr'>istae</span> <span class='ocrx_word' id='word_1_153' title='bbox 943 1384 1235 1424; x_wconf 88' lang='lat' dir='ltr'>iuuenescentes</span> <span class='ocrx_word' id='word_1_154' title='bbox 1264 1385 1475 1434; x_wconf 87' lang='lat' dir='ltr'>particulae</span> <span class='ocrx_word' id='word_1_155' title='bbox 1504 1386 1626 1424; x_wconf 91' lang='lat' dir='ltr'>totam</span> <span class='ocrx_word' id='word_1_156' title='bbox 1648 1384 1723 1423; x_wconf 90' lang='lat' dir='ltr'>sibi</span> <span class='ocrx_word' id='word_1_157' title='bbox 1753 1385 1843 1422; x_wconf 87' lang='lat' dir='ltr'>har-</span> 
     </span>
     <span class='ocr_line' id='line_1_18' title="bbox 316 1453 1843 1503; baseline 0.001 -12"><span class='ocrx_word' id='word_1_158' title='bbox 316 1453 482 1492; x_wconf 89' lang='lat' dir='ltr'>moniam</span> <span class='ocrx_word' id='word_1_159' title='bbox 504 1453 698 1502; x_wconf 88' lang='lat' dir='ltr'>decipiant</span> <span class='ocrx_word' id='word_1_160' title='bbox 719 1455 758 1492; x_wconf 93' lang='lat' dir='ltr'>et</span> <span class='ocrx_word' id='word_1_161' title='bbox 778 1465 846 1502; x_wconf 89' lang='lat' dir='ltr'>per</span> <span class='ocrx_word' id='word_1_162' title='bbox 867 1465 928 1493; x_wconf 84' lang='lat' dir='ltr'>res</span> <span class='ocrx_word' id='word_1_163' title='bbox 949 1454 1099 1503; x_wconf 90' lang='lat' dir='ltr'>ineptas</span> <span class='ocrx_word' id='word_1_164' title='bbox 1120 1454 1260 1503; x_wconf 89' lang='lat' dir='ltr'>reliqui</span> <span class='ocrx_word' id='word_1_165' title='bbox 1281 1455 1450 1503; x_wconf 88' lang='lat' dir='ltr'>corporis</span> <span class='ocrx_word' id='word_1_166' title='bbox 1487 1455 1721 1503; x_wconf 88' lang='lat' dir='ltr'>grauitatem</span> <span class='ocrx_word' id='word_1_167' title='bbox 1742 1453 1843 1492; x_wconf 90' lang='lat' dir='ltr'>inlu-</span> 
     </span>
     <span class='ocr_line' id='line_1_19' title="bbox 318 1521 1846 1573; baseline 0 -12"><span class='ocrx_word' id='word_1_168' title='bbox 318 1524 423 1562; x_wconf 89' lang='lat' dir='ltr'>dant.</span> <span class='ocrx_word' id='word_1_169' title='bbox 455 1523 658 1572; x_wconf 89' lang='lat' dir='ltr'>unicuique</span> <span class='ocrx_word' id='word_1_170' title='bbox 679 1535 842 1572; x_wconf 87' lang='lat' dir='ltr'>namque</span> <span class='ocrx_word' id='word_1_171' title='bbox 864 1521 1183 1564; x_wconf 87' lang='lat' dir='ltr'>considerandum</span> <span class='ocrx_word' id='word_1_172' title='bbox 1203 1526 1262 1563; x_wconf 88' lang='lat' dir='ltr'>est</span> <span class='ocrx_word' id='word_1_173' title='bbox 1284 1525 1377 1573; x_wconf 92' lang='lat' dir='ltr'>quid</span> <span class='ocrx_word' id='word_1_174' title='bbox 1406 1526 1532 1563; x_wconf 88' lang='lat' dir='ltr'>aetate</span> <span class='ocrx_word' id='word_1_175' title='bbox 1566 1524 1748 1564; x_wconf 90' lang='lat' dir='ltr'>eminenti</span> <span class='ocrx_word' id='word_1_176' title='bbox 1770 1524 1846 1562; x_wconf 90' lang='lat' dir='ltr'>iam</span> 
     </span>
     <span class='ocr_line' id='line_1_20' title="bbox 317 1593 1845 1642; baseline 0.001 -11"><span class='ocrx_word' id='word_1_177' title='bbox 317 1593 475 1641; x_wconf 80' lang='lat' dir='ltr'>dignum</span> <span class='ocrx_word' id='word_1_178' title='bbox 496 1594 567 1641; x_wconf 88' lang='lat' dir='ltr'>est,</span> <span class='ocrx_word' id='word_1_179' title='bbox 592 1594 635 1632; x_wconf 92' lang='lat' dir='ltr'>ut</span> <span class='ocrx_word' id='word_1_180' title='bbox 658 1593 728 1632; x_wconf 86' lang='lat' dir='ltr'>hoc</span> <span class='ocrx_word' id='word_1_181' title='bbox 750 1594 842 1642; x_wconf 84' lang='lat' dir='ltr'>agat</span> <span class='ocrx_word' id='word_1_182' title='bbox 861 1594 962 1642; x_wconf 92' lang='lat' dir='ltr'>quod</span> <span class='ocrx_word' id='word_1_183' title='bbox 982 1605 1052 1633; x_wconf 89' lang='lat' dir='ltr'>nec</span> <span class='ocrx_word' id='word_1_184' title='bbox 1073 1594 1195 1632; x_wconf 87' lang='lat' dir='ltr'>uitam</span> <span class='ocrx_word' id='word_1_185' title='bbox 1215 1606 1284 1634; x_wconf 93' lang='lat' dir='ltr'>nec</span> <span class='ocrx_word' id='word_1_186' title='bbox 1306 1596 1473 1634; x_wconf 89' lang='lat' dir='ltr'>aetatem</span> <span class='ocrx_word' id='word_1_187' title='bbox 1494 1605 1564 1633; x_wconf 89' lang='lat' dir='ltr'>nec</span> <span class='ocrx_word' id='word_1_188' title='bbox 1585 1594 1845 1633; x_wconf 89' lang='lat' dir='ltr'>ministerium</span> 
     </span>
     <span class='ocr_line' id='line_1_21' title="bbox 316 1662 1892 1703; baseline 0.002 -3"><span class='ocrx_word' id='word_1_189' title='bbox 316 1662 394 1701; x_wconf 91' lang='lat' dir='ltr'>uile</span> <span class='ocrx_word' id='word_1_190' title='bbox 414 1663 561 1701; x_wconf 88' lang='lat' dir='ltr'>reddat.</span> <span class='ocrx_word' id='word_1_191' title='bbox 1858 1677 1892 1703; x_wconf 85' lang='lat'>20</span> 
     </span>
    </p>
   </div>
   <div class='ocr_carea' id='block_1_3' title="bbox 639 1766 1517 1832">
    <p class='ocr_par' dir='ltr' id='par_1_3' title="bbox 639 1766 1517 1832">
     <span class='ocr_line' id='line_1_22' title="bbox 639 1766 1517 1832; baseline 0.003 -3"><span class='ocrx_word' id='word_1_192' title='bbox 639 1766 970 1830; x_wconf 75' lang='lat' dir='ltr'>ADVLESCENS</span> <span class='ocrx_word' id='word_1_193' title='bbox 1008 1792 1126 1830; x_wconf 85' lang='lat' dir='ltr'>SINE</span> <span class='ocrx_word' id='word_1_194' title='bbox 1158 1791 1517 1832; x_wconf 83' lang='lat' dir='ltr'><strong>OBOEDIENTIA.</strong></span> 
     </span>
    </p>
   </div>
   <div class='ocr_carea' id='block_1_4' title="bbox 278 1883 1846 2005">
    <p class='ocr_par' dir='ltr' id='par_1_4' title="bbox 278 1883 1846 2005">
     <span class='ocr_line' id='line_1_23' title="bbox 278 1883 1844 1935; baseline 0 -12"><span class='ocrx_word' id='word_1_195' title='bbox 278 1885 303 1923; x_wconf 85' lang='lat'><strong>3</strong></span> <span class='ocrx_word' id='word_1_196' title='bbox 373 1883 525 1923; x_wconf 87' lang='lat' dir='ltr'>Tertius</span> <span class='ocrx_word' id='word_1_197' title='bbox 547 1884 681 1923; x_wconf 91' lang='lat' dir='ltr'>deinde</span> <span class='ocrx_word' id='word_1_198' title='bbox 698 1886 839 1934; x_wconf 83' lang='lat' dir='ltr'>gradus</span> <span class='ocrx_word' id='word_1_199' title='bbox 861 1886 919 1924; x_wconf 88' lang='lat' dir='ltr'>est</span> <span class='ocrx_word' id='word_1_200' title='bbox 948 1885 1174 1924; x_wconf 88' lang='lat' dir='ltr'>adulescens</span> <span class='ocrx_word' id='word_1_201' title='bbox 1203 1885 1285 1924; x_wconf 89' lang='lat' dir='ltr'>sine</span> <span class='ocrx_word' id='word_1_202' title='bbox 1307 1886 1561 1934; x_wconf 89' lang='lat' dir='ltr'>oboedientia,</span> <span class='ocrx_word' id='word_1_203' title='bbox 1584 1897 1657 1935; x_wconf 86' lang='lat' dir='ltr'>quo</span> <span class='ocrx_word' id='word_1_204' title='bbox 1679 1885 1844 1924; x_wconf 90' lang='lat' dir='ltr'>mundus</span> 
     </span>
     <span class='ocr_line' id='line_1_24' title="bbox 319 1954 1846 2005; baseline 0.003 -14"><span class='ocrx_word' id='word_1_205' title='bbox 319 1965 341 1991; x_wconf 89' lang='grc'><strong>3</strong></span> <span class='ocrx_word' id='word_1_206' title='bbox 370 1955 473 1993; x_wconf 86' lang='lat' dir='ltr'>recto</span> <span class='ocrx_word' id='word_1_207' title='bbox 515 1954 676 1993; x_wconf 89' lang='lat' dir='ltr'>rationis</span> <span class='ocrx_word' id='word_1_208' title='bbox 716 1954 847 1994; x_wconf 88' lang='lat' dir='ltr'>ordine</span> <span class='ocrx_word' id='word_1_209' title='bbox 889 1956 1131 2004; x_wconf 88' lang='lat' dir='ltr'>deprauatur.</span> <span class='ocrx_word' id='word_1_210' title='bbox 1176 1956 1342 2005; x_wconf 88' lang='lat' dir='ltr'>qualiter</span> <span class='ocrx_word' id='word_1_211' title='bbox 1383 1968 1548 2005; x_wconf 88' lang='lat' dir='ltr'>namque</span> <span class='ocrx_word' id='word_1_212' title='bbox 1586 1956 1626 1995; x_wconf 92' lang='lat' dir='ltr'>in</span> <span class='ocrx_word' id='word_1_213' title='bbox 1650 1957 1846 1996; x_wconf 86' lang='lat' dir='ltr'>senectute</span> 
     </span>
    </p>
   </div>
   <div class='ocr_carea' id='block_1_5' title="bbox 316 2181 1847 2931">
    <p class='ocr_par' dir='ltr' id='par_1_5' title="bbox 316 2181 1847 2931">
     <span class='ocr_line' id='line_1_25' title="bbox 413 2181 1847 2230; baseline 0.003 -14"><span class='ocrx_word' id='word_1_214' title='bbox 413 2182 432 2215; x_wconf 87' lang='lat'>1</span> <span class='ocrx_word' id='word_1_215' title='bbox 459 2181 576 2217; x_wconf 87' lang='lat' dir='ltr'>totius</span> <span class='ocrx_word' id='word_1_216' title='bbox 609 2182 761 2218; x_wconf 79' lang='lat' dir='ltr'>uidetur</span> <span class='ocrx_word' id='word_1_217' title='bbox 796 2192 888 2218; x_wconf 80' lang='lat' dir='ltr'>corr.</span> <span class='ocrx_word' id='word_1_218' title='bbox 916 2193 961 2218; x_wconf 76' lang='lat' dir='ltr'>ex</span> <span class='ocrx_word' id='word_1_219' title='bbox 992 2184 1100 2219; x_wconf 86' lang='lat' dir='ltr'>citius</span> <span class='ocrx_word' id='word_1_220' title='bbox 1132 2183 1164 2219; x_wconf 80' lang='lat' dir='ltr'><strong><em>G</em></strong></span> <span class='ocrx_word' id='word_1_221' title='bbox 1398 2185 1420 2220; x_wconf 99' lang='grc'>2</span> <span class='ocrx_word' id='word_1_222' title='bbox 1444 2185 1646 2230; x_wconf 84' lang='lat' dir='ltr'>caliginant</span> <span class='ocrx_word' id='word_1_223' title='bbox 1684 2185 1728 2227; x_wconf 77' lang='lat' dir='ltr'>G,</span> <span class='ocrx_word' id='word_1_224' title='bbox 1762 2185 1847 2220; x_wconf 87' lang='lat' dir='ltr'>cali-</span> 
     </span>
     <span class='ocr_line' id='line_1_26' title="bbox 316 2239 1843 2289; baseline 0.003 -17"><span class='ocrx_word' id='word_1_225' title='bbox 316 2240 405 2283; x_wconf 86' lang='lat' dir='ltr'>gant</span> <span class='ocrx_word' id='word_1_226' title='bbox 430 2241 470 2273; x_wconf 93' lang='lat' dir='ltr'><em>X</em></span> <span class='ocrx_word' id='word_1_227' title='bbox 475 2239 528 2275; x_wconf 83' lang='lat' dir='ltr'>Vv</span> <span class='ocrx_word' id='word_1_228' title='bbox 653 2241 675 2276; x_wconf 88' lang='lat'><strong>3</strong></span> <span class='ocrx_word' id='word_1_229' title='bbox 702 2252 804 2277; x_wconf 87' lang='lat' dir='ltr'>aures</span> <span class='ocrx_word' id='word_1_230' title='bbox 830 2254 864 2289; x_wconf 88' lang='lat' dir='ltr'>g.</span> <span class='ocrx_word' id='word_1_231' title='bbox 892 2243 1046 2278; x_wconf 88' lang='lat' dir='ltr'>audiunt</span> <span class='ocrx_word' id='word_1_232' title='bbox 1077 2242 1191 2278; x_wconf 74' lang='lat' dir='ltr'>G²Xv</span> <span class='ocrx_word' id='word_1_233' title='bbox 1313 2243 1488 2288; x_wconf 85' lang='lat' dir='ltr'>pallorem</span> <span class='ocrx_word' id='word_1_234' title='bbox 1518 2243 1570 2279; x_wconf 82' lang='lat' dir='ltr'>Vv</span> <span class='ocrx_word' id='word_1_235' title='bbox 1696 2244 1719 2278; x_wconf 86' lang='lat'>4</span> <span class='ocrx_word' id='word_1_236' title='bbox 1743 2243 1843 2288; x_wconf 88' lang='lat' dir='ltr'>lassi]</span> 
     </span>
     <span class='ocr_line' id='line_1_27' title="bbox 316 2296 1799 2347; baseline 0.004 -17"><span class='ocrx_word' id='word_1_237' title='bbox 316 2296 409 2341; x_wconf 86' lang='lat' dir='ltr'>lapsi</span> <span class='ocrx_word' id='word_1_238' title='bbox 434 2308 455 2332; x_wconf 85' lang='lat' dir='ltr'><em>v</em></span> <span class='ocrx_word' id='word_1_239' title='bbox 602 2299 624 2333; x_wconf 85' lang='lat'>5</span> <span class='ocrx_word' id='word_1_240' title='bbox 649 2299 814 2335; x_wconf 85' lang='lat' dir='ltr'>cacinnat</span> <span class='ocrx_word' id='word_1_241' title='bbox 840 2303 891 2344; x_wconf 90' lang='lat' dir='ltr'>X,</span> <span class='ocrx_word' id='word_1_242' title='bbox 919 2301 1105 2336; x_wconf 47' lang='lat' dir='ltr'>cacffinnat</span> <span class='ocrx_word' id='word_1_243' title='bbox 1134 2302 1166 2335; x_wconf 80' lang='lat' dir='ltr'><em>G</em></span> <span class='ocrx_word' id='word_1_244' title='bbox 1314 2302 1335 2337; x_wconf 90' lang='grc'>6</span> <span class='ocrx_word' id='word_1_245' title='bbox 1360 2302 1479 2347; x_wconf 89' lang='lat' dir='ltr'>homo]</span> <span class='ocrx_word' id='word_1_246' title='bbox 1507 2301 1619 2336; x_wconf 90' lang='lat' dir='ltr'>etiam</span> <span class='ocrx_word' id='word_1_247' title='bbox 1644 2302 1750 2336; x_wconf 91' lang='lat' dir='ltr'>homo</span> <span class='ocrx_word' id='word_1_248' title='bbox 1778 2314 1799 2337; x_wconf 86' lang='lat' dir='ltr'><em>v</em></span> 
     </span>
     <span class='ocr_line' id='line_1_28' title="bbox 318 2355 1844 2406; baseline 0.005 -18"><span class='ocrx_word' id='word_1_249' title='bbox 318 2355 336 2388; x_wconf 81' lang='grc'>7</span> <span class='ocrx_word' id='word_1_250' title='bbox 363 2355 484 2390; x_wconf 83' lang='lat' dir='ltr'>omnia</span> <span class='ocrx_word' id='word_1_251' title='bbox 509 2367 574 2391; x_wconf 87' lang='lat' dir='ltr'>om.</span> <span class='ocrx_word' id='word_1_252' title='bbox 601 2358 643 2392; x_wconf 90' lang='lat' dir='ltr'><em>X</em></span> <span class='ocrx_word' id='word_1_253' title='bbox 780 2359 803 2394; x_wconf 83' lang='lat'>8</span> <span class='ocrx_word' id='word_1_254' title='bbox 827 2361 870 2394; x_wconf 90' lang='lat' dir='ltr'>ut</span> <span class='ocrx_word' id='word_1_255' title='bbox 894 2370 960 2395; x_wconf 87' lang='lat' dir='ltr'>om.</span> <span class='ocrx_word' id='word_1_256' title='bbox 993 2360 1028 2395; x_wconf 94' lang='lat' dir='ltr'><strong><em>V</em></strong></span> <span class='ocrx_word' id='word_1_257' title='bbox 1164 2360 1249 2395; x_wconf 88' lang='lat' dir='ltr'>dum</span> <span class='ocrx_word' id='word_1_258' title='bbox 1274 2371 1339 2396; x_wconf 85' lang='lat' dir='ltr'>om.</span> <span class='ocrx_word' id='word_1_259' title='bbox 1367 2361 1407 2395; x_wconf 93' lang='lat' dir='ltr'>X</span> <span class='ocrx_word' id='word_1_260' title='bbox 1546 2359 1736 2406; x_wconf 83' lang='lat' dir='ltr'>adpropiat</span> <span class='ocrx_word' id='word_1_261' title='bbox 1758 2360 1844 2403; x_wconf 83' lang='lat' dir='ltr'>GX‚</span> 
     </span>
     <span class='ocr_line' id='line_1_29' title="bbox 317 2411 1844 2464; baseline 0.005 -19"><span class='ocrx_word' id='word_1_262' title='bbox 317 2411 607 2458; x_wconf 86' lang='lat' dir='ltr'>adpropinquant</span> <span class='ocrx_word' id='word_1_263' title='bbox 637 2416 691 2452; x_wconf 83' lang='lat' dir='ltr'>Vv</span> <span class='ocrx_word' id='word_1_264' title='bbox 878 2418 900 2453; x_wconf 88' lang='grc'>9</span> <span class='ocrx_word' id='word_1_265' title='bbox 926 2418 950 2452; x_wconf 86' lang='lat' dir='ltr'>f.</span> <span class='ocrx_word' id='word_1_266' title='bbox 977 2418 1111 2464; x_wconf 88' lang='lat' dir='ltr'>aditus]</span> <span class='ocrx_word' id='word_1_267' title='bbox 1138 2418 1264 2453; x_wconf 86' lang='lat' dir='ltr'>futura</span> <span class='ocrx_word' id='word_1_268' title='bbox 1289 2418 1472 2453; x_wconf 88' lang='lat' dir='ltr'>habitatio</span> <span class='ocrx_word' id='word_1_269' title='bbox 1497 2430 1518 2454; x_wconf 85' lang='lat' dir='ltr'><em>v</em></span> <span class='ocrx_word' id='word_1_270' title='bbox 1698 2429 1844 2464; x_wconf 88' lang='lat' dir='ltr'>conpre-</span> 
     </span>
     <span class='ocr_line' id='line_1_30' title="bbox 317 2468 1844 2519; baseline 0.006 -16"><span class='ocrx_word' id='word_1_271' title='bbox 317 2468 451 2505; x_wconf 83' lang='lat' dir='ltr'>hendat</span> <span class='ocrx_word' id='word_1_272' title='bbox 481 2471 516 2506; x_wconf 95' lang='lat' dir='ltr'><strong><em>V</em></strong></span> <span class='ocrx_word' id='word_1_273' title='bbox 623 2474 668 2509; x_wconf 90' lang='grc'>10</span> <span class='ocrx_word' id='word_1_274' title='bbox 693 2475 788 2510; x_wconf 87' lang='lat' dir='ltr'>enim</span> <span class='ocrx_word' id='word_1_275' title='bbox 814 2486 879 2511; x_wconf 87' lang='lat' dir='ltr'>om.</span> <span class='ocrx_word' id='word_1_276' title='bbox 915 2477 954 2519; x_wconf 91' lang='lat' dir='ltr'>V,</span> <span class='ocrx_word' id='word_1_277' title='bbox 982 2479 1102 2512; x_wconf 89' lang='lat' dir='ltr'>autem</span> <span class='ocrx_word' id='word_1_278' title='bbox 1128 2479 1172 2512; x_wconf 91' lang='lat' dir='ltr'><strong><em>X</em></strong></span> <span class='ocrx_word' id='word_1_279' title='bbox 1280 2478 1323 2513; x_wconf 89' lang='lat'>11</span> <span class='ocrx_word' id='word_1_280' title='bbox 1348 2479 1510 2512; x_wconf 89' lang='lat' dir='ltr'>maturus</span> <span class='ocrx_word' id='word_1_281' title='bbox 1536 2478 1580 2511; x_wconf 92' lang='lat' dir='ltr'><em>X</em></span> <span class='ocrx_word' id='word_1_282' title='bbox 1685 2488 1844 2512; x_wconf 86' lang='lat' dir='ltr'>recessus</span> 
     </span>
     <span class='ocr_line' id='line_1_31' title="bbox 317 2529 1844 2579; baseline 0.006 -17"><span class='ocrx_word' id='word_1_283' title='bbox 317 2537 384 2562; x_wconf 86' lang='lat' dir='ltr'>om.</span> <span class='ocrx_word' id='word_1_284' title='bbox 411 2529 461 2571; x_wconf 89' lang='lat' dir='ltr'>X,</span> <span class='ocrx_word' id='word_1_285' title='bbox 487 2529 601 2565; x_wconf 85' lang='lat' dir='ltr'>exitus</span> <span class='ocrx_word' id='word_1_286' title='bbox 625 2543 647 2568; x_wconf 83' lang='grc' dir='ltr'><strong>υ</strong></span> <span class='ocrx_word' id='word_1_287' title='bbox 787 2533 947 2569; x_wconf 84' lang='lat' dir='ltr'>breuiter</span> <span class='ocrx_word' id='word_1_288' title='bbox 971 2535 1162 2570; x_wconf 86' lang='lat' dir='ltr'>concordat</span> <span class='ocrx_word' id='word_1_289' title='bbox 1185 2547 1253 2571; x_wconf 85' lang='lat' dir='ltr'>om.</span> <span class='ocrx_word' id='word_1_290' title='bbox 1282 2536 1356 2571; x_wconf 72' lang='lat' dir='ltr'>GV</span> <span class='ocrx_word' id='word_1_291' title='bbox 1478 2535 1522 2570; x_wconf 87' lang='lat'>13</span> <span class='ocrx_word' id='word_1_292' title='bbox 1546 2536 1772 2570; x_wconf 83' lang='lat' dir='ltr'>ueterascent</span> <span class='ocrx_word' id='word_1_293' title='bbox 1803 2536 1844 2579; x_wconf 89' lang='lat' dir='ltr'>V,</span> 
     </span>
     <span class='ocr_line' id='line_1_32' title="bbox 317 2585 1846 2638; baseline 0.007 -21"><span class='ocrx_word' id='word_1_294' title='bbox 317 2585 546 2621; x_wconf 89' lang='lat' dir='ltr'>ueterascunt</span> <span class='ocrx_word' id='word_1_295' title='bbox 569 2600 591 2623; x_wconf 84' lang='lat' dir='ltr'><em>v</em></span> <span class='ocrx_word' id='word_1_296' title='bbox 778 2591 962 2627; x_wconf 90' lang='lat' dir='ltr'>hominem</span> <span class='ocrx_word' id='word_1_297' title='bbox 993 2603 1112 2627; x_wconf 90' lang='lat' dir='ltr'>secum</span> <span class='ocrx_word' id='word_1_298' title='bbox 1144 2592 1189 2627; x_wconf 89' lang='lat' dir='ltr'>ad</span> <span class='ocrx_word' id='word_1_299' title='bbox 1220 2594 1405 2638; x_wconf 87' lang='lat' dir='ltr'>peccatum</span> <span class='ocrx_word' id='word_1_300' title='bbox 1429 2603 1450 2627; x_wconf 82' lang='lat' dir='ltr'><em>v</em></span> <span class='ocrx_word' id='word_1_301' title='bbox 1639 2593 1684 2628; x_wconf 88' lang='lat'>14</span> <span class='ocrx_word' id='word_1_302' title='bbox 1708 2604 1846 2638; x_wconf 86' lang='lat' dir='ltr'>semper</span> 
     </span>
     <span class='ocr_line' id='line_1_33' title="bbox 316 2645 1801 2697; baseline 0.007 -20"><span class='ocrx_word' id='word_1_303' title='bbox 316 2653 428 2678; x_wconf 86' lang='lat' dir='ltr'>nouas</span> <span class='ocrx_word' id='word_1_304' title='bbox 458 2645 492 2680; x_wconf 93' lang='lat' dir='ltr'><strong><em>V</em></strong></span> <span class='ocrx_word' id='word_1_305' title='bbox 583 2647 627 2683; x_wconf 86' lang='lat'>15</span> <span class='ocrx_word' id='word_1_306' title='bbox 652 2650 858 2686; x_wconf 85' lang='lat' dir='ltr'>machinare</span> <span class='ocrx_word' id='word_1_307' title='bbox 889 2653 936 2688; x_wconf 86' lang='lat' dir='ltr'><em>X</em></span> <span class='ocrx_word' id='word_1_308' title='bbox 1026 2653 1226 2688; x_wconf 86' lang='lat' dir='ltr'>machinari</span> <span class='ocrx_word' id='word_1_309' title='bbox 1251 2664 1309 2688; x_wconf 88' lang='lat' dir='ltr'>cor</span> <span class='ocrx_word' id='word_1_310' title='bbox 1338 2653 1392 2688; x_wconf 83' lang='lat' dir='ltr'>Vv</span> <span class='ocrx_word' id='word_1_311' title='bbox 1487 2652 1531 2687; x_wconf 90' lang='grc'><strong>16</strong></span> <span class='ocrx_word' id='word_1_312' title='bbox 1557 2663 1640 2697; x_wconf 87' lang='lat' dir='ltr'>ergo</span> <span class='ocrx_word' id='word_1_313' title='bbox 1666 2663 1730 2687; x_wconf 85' lang='lat' dir='ltr'>om.</span> <span class='ocrx_word' id='word_1_314' title='bbox 1759 2654 1801 2686; x_wconf 90' lang='lat' dir='ltr'><em>X</em></span> 
     </span>
     <span class='ocr_line' id='line_1_34' title="bbox 319 2701 1842 2757; baseline -0.001 -10"><span class='ocrx_word' id='word_1_315' title='bbox 319 2701 401 2747; x_wconf 66' lang='lat' dir='ltr'>Sibi]</span> <span class='ocrx_word' id='word_1_316' title='bbox 428 2703 484 2737; x_wconf 88' lang='lat' dir='ltr'>Sui</span> <span class='ocrx_word' id='word_1_317' title='bbox 508 2716 530 2739; x_wconf 83' lang='lat' dir='ltr'><em>v</em></span> <span class='ocrx_word' id='word_1_318' title='bbox 709 2709 909 2744; x_wconf 87' lang='lat' dir='ltr'>armoniam</span> <span class='ocrx_word' id='word_1_319' title='bbox 941 2710 1017 2745; x_wconf 67' lang='grc' dir='ltr'>ΘΧ</span> <span class='ocrx_word' id='word_1_320' title='bbox 1194 2712 1238 2746; x_wconf 86' lang='grc'>17</span> <span class='ocrx_word' id='word_1_321' title='bbox 1262 2711 1442 2757; x_wconf 86' lang='lat' dir='ltr'>grauitati</span> <span class='ocrx_word' id='word_1_322' title='bbox 1466 2712 1511 2745; x_wconf 92' lang='lat' dir='ltr'><em>X</em></span> <span class='ocrx_word' id='word_1_323' title='bbox 1671 2712 1716 2745; x_wconf 84' lang='lat'>18</span> <span class='ocrx_word' id='word_1_324' title='bbox 1739 2721 1842 2746; x_wconf 88' lang='lat' dir='ltr'>nam-</span> 
     </span>
     <span class='ocr_line' id='line_1_35' title="bbox 316 2759 1844 2811; baseline 0.006 -17"><span class='ocrx_word' id='word_1_325' title='bbox 316 2759 396 2804; x_wconf 90' lang='lat' dir='ltr'>que]</span> <span class='ocrx_word' id='word_1_326' title='bbox 423 2762 543 2796; x_wconf 85' lang='lat' dir='ltr'>autem</span> <span class='ocrx_word' id='word_1_327' title='bbox 568 2765 619 2805; x_wconf 88' lang='lat' dir='ltr'>X,</span> <span class='ocrx_word' id='word_1_328' title='bbox 644 2766 738 2800; x_wconf 88' lang='lat' dir='ltr'>enim</span> <span class='ocrx_word' id='word_1_329' title='bbox 763 2778 785 2803; x_wconf 84' lang='lat' dir='ltr'><strong><em>v</em></strong></span> <span class='ocrx_word' id='word_1_330' title='bbox 925 2769 1100 2805; x_wconf 75' lang='lat' dir='ltr'>aetate*et</span> <span class='ocrx_word' id='word_1_331' title='bbox 1125 2771 1175 2811; x_wconf 84' lang='lat' dir='ltr'>X,</span> <span class='ocrx_word' id='word_1_332' title='bbox 1201 2768 1317 2803; x_wconf 87' lang='lat' dir='ltr'>aetati</span> <span class='ocrx_word' id='word_1_333' title='bbox 1341 2770 1378 2803; x_wconf 89' lang='lat' dir='ltr'>et</span> <span class='ocrx_word' id='word_1_334' title='bbox 1401 2769 1461 2811; x_wconf 67' lang='lat' dir='ltr'>V¹</span> <span class='ocrx_word' id='word_1_335' title='bbox 1573 2768 1746 2803; x_wconf 87' lang='lat' dir='ltr'>eminenti</span> <span class='ocrx_word' id='word_1_336' title='bbox 1770 2768 1844 2803; x_wconf 86' lang='lat' dir='ltr'>iam</span> 
     </span>
     <span class='ocr_line' id='line_1_36' title="bbox 316 2817 1797 2872; baseline 0.008 -21"><span class='ocrx_word' id='word_1_337' title='bbox 316 2817 459 2862; x_wconf 77' lang='lat' dir='ltr'>scripsi,</span> <span class='ocrx_word' id='word_1_338' title='bbox 484 2819 681 2857; x_wconf 85' lang='lat' dir='ltr'>eminentia</span> <span class='ocrx_word' id='word_1_339' title='bbox 711 2824 812 2867; x_wconf 82' lang='lat' dir='ltr'><em>G¹X‚</em></span> <span class='ocrx_word' id='word_1_340' title='bbox 839 2825 1056 2861; x_wconf 88' lang='lat' dir='ltr'>eminenciae</span> <span class='ocrx_word' id='word_1_341' title='bbox 1087 2827 1127 2869; x_wconf 90' lang='lat' dir='ltr'>V,</span> <span class='ocrx_word' id='word_1_342' title='bbox 1154 2827 1328 2862; x_wconf 85' lang='lat' dir='ltr'>eminenti</span> <span class='ocrx_word' id='word_1_343' title='bbox 1359 2827 1431 2862; x_wconf 75' lang='lat' dir='ltr'>G²v</span> <span class='ocrx_word' id='word_1_344' title='bbox 1539 2827 1582 2861; x_wconf 83' lang='lat'>19</span> <span class='ocrx_word' id='word_1_345' title='bbox 1608 2826 1673 2872; x_wconf 86' lang='lat' dir='ltr'>est]</span> <span class='ocrx_word' id='word_1_346' title='bbox 1701 2827 1750 2861; x_wconf 83' lang='lat' dir='ltr'>sit</span> <span class='ocrx_word' id='word_1_347' title='bbox 1776 2837 1797 2861; x_wconf 84' lang='lat' dir='ltr'><em>v</em></span> 
     </span>
     <span class='ocr_line' id='line_1_37' title="bbox 316 2875 1796 2931; baseline 0.005 -21"><span class='ocrx_word' id='word_1_348' title='bbox 316 2875 363 2910; x_wconf 83' lang='lat'>20</span> <span class='ocrx_word' id='word_1_349' title='bbox 386 2876 497 2911; x_wconf 90' lang='lat' dir='ltr'>uilem</span> <span class='ocrx_word' id='word_1_350' title='bbox 529 2877 579 2913; x_wconf 65' lang='grc' dir='ltr'>θ’</span> <span class='ocrx_word' id='word_1_351' title='bbox 766 2883 811 2917; x_wconf 89' lang='grc'>22</span> <span class='ocrx_word' id='word_1_352' title='bbox 838 2883 976 2929; x_wconf 86' lang='lat' dir='ltr'>deinde]</span> <span class='ocrx_word' id='word_1_353' title='bbox 1010 2885 1193 2920; x_wconf 83' lang='lat' dir='ltr'>abusionis</span> <span class='ocrx_word' id='word_1_354' title='bbox 1219 2888 1280 2921; x_wconf 88' lang='lat' dir='ltr'>Xv</span> <span class='ocrx_word' id='word_1_355' title='bbox 1468 2885 1720 2931; x_wconf 85' lang='lat' dir='ltr'>aboedigentia</span> <span class='ocrx_word' id='word_1_356' title='bbox 1748 2885 1796 2918; x_wconf 84' lang='lat' dir='ltr'>G&#39;</span> 
     </span>
    </p>
   </div>
  </div>
 </body>
</html>
