2032 3248
373 234 456 277 256
1007 230 1247 275 Appendix.

371 340 488 376 XIIII
515 339 608 377 luna
629 341 667 377 et
688 339 727 376 II
748 338 843 377 feria
865 338 1027 376 occurrit
1048 339 1122 376 kal.
1146 338 1254 385 Apr.,
1292 337 1384 375 item
1414 338 1556 377 decimo
1580 350 1676 377 anno
1698 341 1883 378 communi

373 409 447 445 XII
468 409 543 446 kal.
567 409 658 456 Apr.
684 409 790 445 sexta
811 407 918 454 feria,
942 407 1137 446 undecimo
1159 418 1256 445 anno
1291 406 1482 445 bissextus
1504 410 1541 446 et
1562 408 1805 446 embolismus
1827 409 1882 446 VI

374 478 424 514 id.
448 478 541 525 Apr.
566 477 698 524 quinta
729 476 837 523 feria,
869 476 1086 515 duodecimo
1115 488 1212 514 anno
1241 477 1428 514 communi
1451 477 1483 514 V
1503 477 1577 515 kal.
1603 478 1695 525 Apr.
1721 478 1885 516 secunda

378 546 486 593 feria,
528 546 642 584 tertio
679 546 822 584 decimo
860 558 957 584 anno
994 546 1086 583 item
1115 546 1300 584 communi
1323 546 1411 584 XVI
1432 547 1507 586 kal.
1530 547 1623 594 Apr.
1646 549 1754 585 sexta
1775 547 1882 595 feria,

374 617 507 663 quarto
546 615 688 654 decimo
725 627 822 653 anno
855 615 1099 653 embolismus
1136 627 1225 654 non.
1256 616 1352 662 Apr.
1375 615 1509 662 quinta
1529 615 1638 663 feria,
1661 616 1791 664 quinto
1815 617 1880 655 de·
1897 630 1912 654 5

373 685 467 723 cimo
504 695 601 722 anno
639 684 796 723 bissext.
838 684 1026 723 communi
1050 685 1166 722 VIIII
1201 685 1277 722 kal.
1300 685 1396 731 Apr.
1434 686 1597 722 secunda
1631 685 1741 731 feria,
1778 688 1882 723 sexto

373 754 515 792 decimo
546 765 641 792 anno
678 753 779 792 facto
815 754 1033 792 embolismo
1057 754 1212 792 inuenta
1234 755 1291 792 est
1313 754 1449 792 iterum
1471 755 1519 791 ad
1540 755 1665 802 caput,
1703 754 1742 792 id
1763 756 1821 792 est
1843 754 1883 791 in

371 822 491 870 primo
530 834 642 860 uersu
676 822 767 860 luna
787 823 903 859 XIIII
925 825 964 860 et
986 823 1108 871 prima
1143 822 1239 860 feria
1274 823 1397 871 pridie
1419 823 1470 860 id.
1503 823 1643 871 April.,
1667 824 1706 861 in
1728 835 1801 871 quo
1824 823 1883 861 die

373 891 535 930 diximus
557 892 719 930 Iudaeos
742 891 780 929 in
802 893 978 940 Aegypto
1000 892 1161 939 primum
1185 891 1407 930 obseruas‘se
1428 893 1588 930 Pascha.

333 961 355 998 9
430 961 536 999 Vnde
559 971 678 1009 usque
700 961 747 998 ad
768 961 895 998 Iesum
927 960 1046 999 filium
1067 961 1177 999 Naue
1198 962 1308 1000 annis
1329 962 1414 999 XLI
1445 961 1635 1009 suppletis
1660 961 1878 1000 immolaue-
1897 977 1928 1001 10

373 1033 461 1069 runt
483 1031 553 1069 filii
574 1031 694 1069 Israel
716 1031 867 1069 Pascha
887 1031 963 1068 kal.
986 1031 1079 1079 Apr.
1121 1031 1292 1069 sabbato.
1329 1031 1512 1069 Ezechias
1534 1033 1660 1069 autem
1691 1032 1738 1070 ab
1771 1031 1882 1069 eoeitzt

372 1113 419 1138 ωε
435 1101 610 1149 Aegypto
627 1112 748 1148 usque
765 1100 813 1138 ad
832 1100 999 1148 primum
1017 1112 1157 1138 annum
1173 1100 1282 1149 regni
1299 1100 1357 1138 sui
1373 1102 1459 1147 post
1476 1111 1594 1138 annos
1613 1100 1881 1140 DCCCLXVII

371 1170 579 1208 celebrauit
600 1170 751 1207 Pascha
772 1169 825 1207 VI
846 1170 898 1208 id.
920 1170 1013 1218 Apr.
1047 1170 1127 1207 IIII
1162 1169 1268 1208 feria.
1305 1169 1396 1207 item
1427 1170 1547 1208 Iosias
1579 1170 1881 1209 duodeuicesimo

371 1251 467 1278 anno
489 1239 598 1287 regni
620 1239 679 1277 sui
700 1241 787 1287 post
827 1251 951 1278 annos
973 1238 1226 1277 DCCCCLXX
1261 1238 1473 1277 immolauit
1508 1239 1658 1278 Pascha
1692 1239 1767 1276 XII
1801 1240 1879 1277 kal.

370 1309 518 1356 Aprilis
539 1308 635 1347 feria
655 1309 707 1347 II.
731 1308 876 1346 Esdras
900 1309 1028 1346 autem
1057 1320 1099 1347 eo
1122 1310 1291 1357 tempore
1315 1320 1388 1356 quo
1406 1309 1601 1357 suppletae
1624 1310 1712 1346 sunt
1735 1311 1879 1357 septem
1897 1325 1928 1349 15

371 1378 629 1417 hebdomadae
651 1390 674 1416 a
692 1378 834 1426 templo
857 1378 1035 1416 restituto
1059 1379 1097 1416 et
1117 1378 1284 1426 perfecto
1303 1380 1341 1416 et
1361 1379 1541 1416 restituta
1563 1378 1717 1417 ciuitate
1739 1379 1879 1417 Hieru-

372 1447 502 1494 salem,
522 1448 609 1495 post
634 1458 753 1485 annos
775 1449 793 1485 i
813 1446 959 1484 CXIIII
981 1446 1210 1485 sacrificauit
1231 1447 1380 1486 Pascha
1400 1447 1474 1484 XII
1495 1448 1570 1487 kal.
1593 1449 1686 1495 Apr.
1707 1448 1877 1486 sabbato.

372 1517 437 1554 sed
460 1518 498 1554 et
519 1516 601 1564 ipse
623 1516 731 1554 Iesus
754 1515 927 1554 dominus
949 1518 988 1554 et
1009 1515 1177 1554 saluator
1198 1517 1326 1554 noster
1346 1519 1434 1564 post
1454 1528 1572 1555 annos
1593 1520 1611 1555 ῑ
1627 1516 1880 1555 DLXXVIIII

369 1598 454 1624 cum
476 1585 710 1624 discentibus
744 1584 824 1623 suis
856 1585 1103 1623 manducauit
1124 1586 1271 1623 Pascha
1302 1585 1357 1623 VI
1377 1585 1428 1623 id.
1455 1585 1579 1633 April.
1617 1586 1651 1624 V
1687 1585 1803 1624 feria:
1842 1587 1879 1623 et

366 1667 503 1703 passus
526 1656 584 1693 cst
606 1654 728 1693 altera
749 1654 810 1692 die
831 1654 866 1692 V
887 1654 938 1694 id.
961 1655 1084 1702 April.
1108 1655 1175 1694 VI.
1198 1654 1305 1693 feria.
1891 1672 1924 1697 20

302 1727 354 1765 10
424 1724 497 1762 Hic
518 1726 577 1762 est
594 1723 768 1762 Christus
793 1724 903 1762 Iesus
923 1724 987 1771 qui
1009 1725 1215 1762 secundum
1236 1735 1386 1762 carnem
1408 1724 1586 1762 Abrahae
1618 1724 1692 1763 fuit
1714 1725 1815 1763 filius
1838 1725 1877 1762 in

369 1794 475 1832 cuius
496 1793 676 1842 mysterio
702 1793 923 1840 centenario
945 1793 1047 1841 patri
1068 1795 1182 1831 natus
1203 1793 1311 1831 Isaac
1344 1804 1456 1841 super
1478 1794 1655 1832 humeros
1677 1806 1765 1833 suos
1787 1806 1873 1841 por-

372 1862 470 1900 tauit
491 1861 658 1910 lignum:
697 1863 740 1899 ut
773 1873 818 1899 ex
854 1873 896 1900 eo
934 1863 1256 1900 demonstraretur
1286 1863 1323 1900 et
1345 1862 1583 1900 aduersarios
1606 1862 1812 1911 expugnari
1834 1866 1871 1900 et

459 2103 478 2136 1
505 2102 638 2138 decimo
663 2103 766 2147 anno]
795 2101 932 2136 decimo
958 2102 978 2137 b
1132 2101 1154 2136 2
1179 2102 1371 2136 bissextum
1396 2101 1436 2136 bc
1581 2100 1788 2135 embolismo
1814 2111 1832 2135 c

365 2161 386 2195 3
412 2160 553 2205 quinta]
577 2159 654 2194 1111
678 2171 697 2196 c
868 2159 1032 2204 quintam
1056 2159 1104 2194 kl.
1131 2159 1150 2194 b
1317 2159 1340 2193 4
1364 2159 1473 2193 tertio
1499 2158 1646 2203 decimo]
1673 2157 1784 2192 XIIII
1810 2158 1830 2192 b

364 2218 460 2263 XVI]
487 2218 578 2253 XIII
602 2219 622 2253 b
762 2217 853 2252 feria
880 2219 978 2253 sexta
1004 2218 1023 2252 b
1163 2217 1185 2251 5
1210 2227 1300 2251 anno
1326 2227 1391 2252 om.
1418 2217 1439 2251 b
1579 2215 1787 2250 embolismo
1812 2225 1830 2249 c

366 2287 387 2320 q
414 2278 490 2311 into
516 2276 664 2321 decimo]
690 2275 762 2309 XII
790 2276 809 2310 b
1089 2275 1111 2309 6
1134 2274 1191 2309 bis
1217 2276 1354 2309 sextum
1386 2285 1519 2309 nonum
1545 2274 1592 2308 kl.
1619 2284 1692 2317 apr.
1720 2272 1872 2307 secunda

364 2333 417 2367 fer
435 2344 455 2368 a
480 2335 500 2368 b
693 2333 712 2368 7
738 2333 881 2378 iterum]
909 2333 1023 2378 igitur
1047 2343 1065 2368 c
1225 2333 1247 2367 8
1272 2332 1375 2367 XVII
1400 2333 1437 2367 et
1461 2331 1556 2366 infra
1573 2331 1611 2365 II
1629 2331 1666 2365 id
1691 2330 1785 2375 april
1810 2341 1827 2365 c

364 2391 385 2425 9
411 2391 525 2435 primo
550 2392 570 2426 b
688 2392 732 2426 10
757 2391 842 2425 anni
869 2390 950 2425 XLI
975 2390 1131 2435 suppleti
1156 2400 1174 2425 c
1313 2390 1357 2424 11
1383 2389 1542 2424 sabbatis
1567 2389 1587 2423 b
1710 2389 1805 2422 exitu
1830 2398 1870 2422 ex

364 2448 447 2483 add.
481 2449 537 2490 W,
563 2459 629 2484 om.
655 2449 695 2484 be
789 2449 833 2483 12
851 2448 896 2482 ad
916 2448 947 2489 b,
972 2447 1011 2482 in
1028 2458 1069 2483 cv
1162 2446 1435 2483 DCCCLXVIII
1452 2447 1471 2481 b
1565 2446 1608 2480 13
1624 2445 1717 2489 IIII]
1735 2445 1790 2479 III
1808 2456 1825 2480 c

365 2505 409 2539 14
433 2505 648 2541 DCCCLXX
674 2507 694 2541 b
826 2505 909 2550 XII]
936 2505 1041 2540 XVII
1065 2515 1083 2540 c
1217 2505 1260 2540 15
1284 2504 1412 2539 hesdra
1437 2503 1457 2538 b
1580 2503 1632 2547 eo]
1659 2502 1780 2537 eodem
1807 2513 1824 2537 c

366 2563 460 2607 quod
486 2564 643 2608 suppleti
668 2565 753 2598 sunt
777 2563 1002 2598 hebdomada
1028 2573 1048 2597 a
1073 2564 1231 2607 tempore
1255 2564 1309 2597 est
1334 2573 1352 2597 c
1485 2562 1618 2604 septem
1650 2561 1701 2602 W,
1726 2559 1777 2595 VI
1802 2560 1822 2595 b

366 2620 409 2654 16
434 2631 455 2654 a
479 2631 545 2655 om.
573 2622 592 2655 z>
732 2621 919 2655 ciuitatem
943 2621 1150 2655 restitutam
1175 2620 1194 2655 z>
1323 2619 1365 2653 17
1385 2617 1561 2661 icxnn]
1590 2607 1775 2653 &exim
1806 2617 1826 2651 b

366 2678 410 2712 18
441 2677 604 2712 dominus
636 2678 683 2724 et]
716 2678 879 2713 dominus
911 2689 930 2714 c
1198 2681 1217 2710 ῑ
1232 2675 1413 2710 DLXXIX
1451 2675 1500 2716 U,
1538 2663 1823 2708 GdDLXXVHH
1839 2675 1870 2715 b,

363 2739 379 2768 ῑ
395 2734 603 2769 DLXXIIII
626 2746 644 2770 c
738 2735 782 2770 19
808 2735 1027 2770 discentibus
1045 2735 1076 2776 b,
1102 2734 1287 2778 discipulis
1312 2744 1351 2768 cv
1443 2732 1493 2767 VI
1510 2731 1571 2777 id.]
1592 2732 1699 2767 VIIII
1716 2732 1787 2767 kal.
1807 2743 1825 2767 c

365 2792 411 2826 20
435 2792 465 2826 V
490 2792 552 2837 id.]
581 2792 667 2827 VIII
692 2793 762 2827 kal.
790 2804 808 2829 c
984 2793 1029 2827 22
1056 2792 1254 2827 centenario
1280 2802 1346 2827 om.
1371 2801 1389 2825 c
1558 2790 1603 2824 23
1628 2789 1744 2824 eodem
1771 2800 1870 2824 mon-

366 2850 540 2884 straretur
565 2849 767 2886 aduersario
793 2861 875 2886 sexu
899 2850 1091 2895 repugnari
1116 2860 1134 2884 c
