2032 3248
371 222 455 265 284
1003 222 1243 266 Appendix.

624 329 737 367 Sexta
756 329 865 376 pater
886 328 1031 376 gelidos
1053 328 1092 366 in
1114 329 1238 377 spiras
1259 329 1422 368 lubricat
1444 342 1586 379 angues

624 398 990 445 Quadrupedumque
1012 409 1147 445 greges
1169 399 1270 436 totos
1292 398 1469 437 diffundit
1490 400 1530 437 in
1552 412 1665 449 agros

624 466 840 515 Cunctaque
863 466 1066 514 multiplici
1087 466 1285 504 mandauit
1306 479 1474 506 crescere
1495 470 1639 516 passim

623 534 797 573 Germine
820 537 857 573 et
879 535 1073 573 immensis
1095 547 1221 573 errare
1243 538 1282 573 et
1302 548 1457 584 pascere
1478 538 1605 576 terris.

540 604 594 643 25
683 604 787 643 Haec
808 604 872 643 ubi
894 604 1092 643 constituit
1114 605 1243 642 diuina
1264 605 1436 652 potentia
1456 606 1582 658 iussu,

627 673 826 711 Rectorem
847 673 1053 721 inspiciens
1076 674 1276 711 mundanis
1300 674 1426 712 defore
1448 676 1561 713 rebus

621 742 727 780 Haec
748 744 950 780 memorat:
974 742 1162 780 hominem
1183 742 1323 781 nostris
1344 743 1526 782 faciamus
1547 744 1587 781 in
1607 755 1773 792 unguem

622 810 803 849 Vultibus
825 811 1051 859 adsimilem,
1073 813 1154 850 toto
1177 812 1242 859 qui
1262 814 1397 860 regnet
1419 812 1458 850 in
1479 814 1580 851 orbe.

623 879 674 917 Et
694 880 784 918 licet
805 880 905 917 hunc
926 892 998 918 uno
1020 883 1149 928 posset
1171 892 1381 928 conponere
1406 882 1536 929 uerbo,

541 949 595 988 30
626 950 712 997 Ipse
734 951 862 987 tamen
884 951 1015 988 sancta
1037 949 1216 998 dignatus
1240 951 1374 988 ducere
1396 951 1541 998 dextra,

623 1018 791 1066 Inspirat
812 1019 967 1056 brutum
987 1018 1116 1058 diuino
1139 1031 1161 1057 a
1182 1021 1334 1067 pectore
1356 1021 1502 1067 pectus.

683 1088 800 1132 Quem
821 1088 1021 1135 postquam
1043 1088 1168 1136 effigie
1190 1088 1394 1126 formatum
1417 1100 1483 1127 ceu
1505 1101 1573 1128 sua
1594 1090 1705 1138 uidit,

624 1156 782 1194 Metitur
805 1156 927 1194 solum
943 1157 1138 1195 mordaces
1160 1158 1312 1196 uoluere
1335 1170 1456 1197 curas.

623 1225 735 1263 Ilicet
755 1225 899 1274 irriguo
921 1227 1118 1274 perfundit
1138 1227 1282 1265 lumina
1304 1239 1448 1275 somno,

541 1294 594 1333 35
625 1295 781 1333 Mollius
803 1297 845 1333 ut
866 1295 977 1333 uulsa
999 1296 1182 1334 formetur
1202 1296 1344 1335 femina
1365 1299 1470 1336 costa

624 1364 750 1412 Atque
773 1366 879 1402 artus
900 1365 1021 1402 mixtu
1043 1365 1192 1413 gemino
1215 1366 1432 1404 substantia
1452 1366 1589 1406 firmet.

626 1434 776 1471 Inditur
797 1435 835 1471 et
856 1445 991 1471 nomen
1012 1434 1115 1472 uitae
1138 1435 1237 1482 quod
1259 1434 1397 1472 dicitur
1417 1434 1511 1473 Eua.

627 1502 864 1550 Quapropter
885 1503 967 1540 nati
987 1503 1168 1550 linquunt
1190 1504 1234 1542 de
1255 1514 1356 1542 more
1378 1505 1554 1551 parentes

627 1571 934 1620 Coniugibusque
956 1572 1035 1610 suis
1055 1572 1190 1619 positis
1212 1585 1296 1611 cum
1318 1573 1471 1611 sedibus
1491 1574 1665 1612 haerent.

539 1641 595 1679 40
626 1640 794 1688 Septima
814 1641 897 1679 luce
920 1641 1019 1679 Deus
1043 1641 1229 1680 sactorum
1251 1642 1324 1679 fine
1347 1641 1506 1690 quieuit,

627 1710 821 1748 Sacratain
843 1711 1015 1748 statuens
1037 1711 1190 1748 uenturi
1211 1711 1259 1748 ad
1280 1711 1420 1759 gaudia
1441 1710 1575 1749 saecli:

627 1778 739 1817 Ilicet
759 1779 939 1816 exhibitis
961 1779 1195 1817 animantum
1218 1791 1262 1818 ex
1284 1779 1413 1817 ordine
1436 1779 1559 1818 turbis

627 1847 784 1885 Viritim
805 1847 952 1887 cunctis
976 1859 1111 1886 nomen
1133 1849 1232 1896 quod
1253 1850 1450 1895 permanet
1471 1848 1569 1886 indit

626 1917 796 1954 Adamus
818 1917 957 1955 donata
978 1917 1052 1955 sibi
1074 1917 1277 1966 prudentia
1298 1918 1445 1956 sollers,

543 1986 596 2023 45
629 1986 746 2031 Quem
769 1986 871 2024 Deus
892 1986 1056 2034 alloquio
1078 1986 1247 2024 iunctam
1269 1987 1451 2034 dignatur
1473 1988 1511 2024 et
1531 1986 1673 2024 Euam:

628 2054 793 2093 Crescite
815 2055 1037 2093 multimodo
1059 2057 1220 2094 uentura
1240 2056 1278 2093 in
1300 2057 1473 2104 tempora
1493 2057 1619 2104 partu,

630 2125 682 2163 Vt
703 2125 813 2172 polus
834 2126 871 2163 et
891 2125 1026 2173 plenae
1048 2127 1175 2164 uestro
1197 2126 1275 2163 sint
1295 2126 1463 2173 germine
1485 2127 1621 2172 terrae,

469 2329 513 2363 21
538 2329 641 2373 pater
665 2328 804 2372 gelidos
830 2328 876 2370 R,
902 2328 1124 2373 praegelidos
1149 2339 1170 2363 υ
1341 2328 1437 2373 spira
1462 2328 1497 2363 R
1658 2327 1703 2361 22
1729 2325 1882 2371 quadru-

377 2387 506 2430 pedum
523 2397 648 2431 greges
665 2387 698 2420 R
790 2386 833 2420 27
859 2387 992 2420 nostris
1017 2386 1198 2420 hominem
1223 2386 1247 2419 f.
1273 2385 1327 2420 ad.
1354 2396 1509 2430 unguem
1533 2384 1731 2419 Fabricius
1756 2388 1791 2418 et
1816 2395 1838 2420 v

376 2444 422 2478 28
445 2445 574 2488 regnat
598 2444 634 2480 R
864 2444 909 2478 29
934 2443 1027 2478 hunc
1052 2454 1120 2478 uno
1146 2444 1354 2484 Fabricius,
1382 2443 1447 2478 hoc
1472 2453 1540 2477 11110
1565 2442 1640 2476 solo
1666 2442 1702 2478 R
1726 2442 1791 2476 sed
1815 2442 1882 2476 hoc

376 2511 402 2535 s.
430 2501 452 2536 Ζ.
477 2511 523 2535 m.
548 2503 572 2537 2
675 2501 720 2535 32
744 2502 934 2545 postquam
960 2501 1110 2535 artificis
1135 2501 1329 2535 formatum
1355 2501 1392 2535 in
1416 2500 1574 2544 imagine
1599 2499 1694 2533 uidit
1721 2499 1837 2534 Oxou.

376 2558 421 2592 33
446 2559 606 2604 metitur]
639 2570 710 2594 non
739 2559 879 2603 patitur
910 2559 1000 2593 coni.
1037 2559 1121 2594 Bal.
1396 2558 1440 2592 36
1465 2558 1577 2591 mixta
1607 2556 1769 2601 geminos
1802 2556 1840 2592 R

377 2615 421 2650 37
446 2616 555 2661 uitae]
581 2617 687 2651 uiuae
712 2616 911 2651 Fabricius
1048 2616 1094 2651 40
1119 2617 1196 2651 11100
1213 2616 1260 2660 R,
1286 2615 1427 2660 quando
1445 2626 1466 2649 v
1603 2614 1648 2648 41
1675 2614 1813 2648 sacrata
1839 2614 1883 2646 st.

377 2684 409 2708 u.
436 2673 568 2717 gaudia
593 2674 775 2709 Moreliu's
800 2678 833 2708 et
858 2686 879 2709 v
1028 2674 1074 2708 42
1099 2674 1244 2708 exibitis
1262 2674 1298 2710 R
1434 2672 1480 2706 43
1505 2671 1657 2716 uiritim]
1683 2671 1883 2706 distinctim

382 2731 498 2766 Oaeou.
622 2732 668 2766 44
693 2732 812 2766 adami
838 2743 858 2766 a
882 2731 1026 2766 domino
1052 2731 1183 2766 donata
1208 2730 1396 2775 prudentia
1420 2730 1601 2764 Illorelius
1627 2733 1661 2764 et
1686 2729 1883 2767 Pamelius,

376 2786 495 2821 adami
520 2798 541 2822 a
565 2788 706 2824 domino
732 2789 817 2823 data
842 2799 930 2833 quae
954 2788 1143 2833 prudentia
1167 2789 1375 2831 Fabricius,
1402 2787 1521 2822 adami
1542 2798 1562 2822 a
1580 2786 1723 2822 domino
1750 2785 1881 2820 donata
1929 2812 1931 2815 .

377 2845 527 2881 scientia
559 2845 675 2882 Oaeon.
815 2847 860 2881 46
885 2848 1073 2881 uenturam
1099 2846 1133 2881 R
