2032 3248
363 240 446 282 176
773 238 960 273 Arnobii
993 239 1206 274 aduersus
1234 240 1443 274 nationes

360 354 515 396 suffitio
546 355 586 395 et
616 354 828 396 nominum
859 354 1109 396 terribilium
1141 355 1363 397 fremores?
1403 357 1443 397 et
1473 356 1700 409 potentiora
1731 369 1855 410 quam

359 423 545 476 Iuppiter
588 422 755 464 fuerunt
798 423 898 464 haec
938 423 1094 475 omnia,
1141 426 1187 465 ut
1218 437 1310 466 eum
1349 425 1637 478 compellerent
1674 425 1854 467 inuitum

359 505 499 546 parere
527 494 755 547 praeceptis
786 498 857 534 aut
887 493 1169 535 uoluntarium
1200 506 1285 536 sese
1317 495 1736 537 circumuentionibus
1766 496 1853 537 tra-

359 561 482 603 dere?
514 562 640 615 quid?
670 561 777 615 quod
808 563 991 615 sequitur
1022 562 1144 604 fidem
1165 575 1281 604 suam
1302 563 1439 614 habet,
1462 565 1552 605 tam
1572 563 1852 618 improuidum

358 629 484 672 fuisse
516 630 766 681 Saturnium,
798 633 846 672 ut
875 633 947 673 aut
977 643 1024 672 ea
1043 632 1284 685 proponeret
1304 643 1477 685 quorum
1499 633 1740 687 ambagibus
1762 633 1849 686 ipse
1885 651 1898 674 5

247 709 345 743 f.99¹›
359 700 569 752 caperetur
599 701 671 740 aut
698 699 871 741 nesciret
901 699 1097 750 futurum,
1126 699 1130 755 1
1157 700 1303 753 quibus
1333 701 1475 743 lusura
1505 713 1547 742 se
1577 701 1709 743 modis
1741 702 1854 743 astu-

360 767 421 809 tia
451 770 556 809 esset
586 768 870 822 calliditasque
908 769 1125 810 mortalis?
1175 768 1374 822 expiabis,
1414 770 1568 823 inquit,
1610 770 1740 824 capite
1771 769 1855 811 ful-

362 837 510 891 gurita.
558 837 784 890 inperfecta
815 837 946 880 adhuc
976 850 1054 879 uox
1078 840 1140 879 est
1161 850 1289 891 neque
1309 839 1431 892 plena
1450 839 1655 892 proloquii
1677 840 1854 881 circum-

361 906 592 959 scriptaque
625 907 838 948 sententia.
884 907 985 949 scire
1016 907 1124 948 enim
1155 908 1378 949 necessario
1410 908 1622 959 conuenit,
1662 909 1854 950 utrumne

361 976 492 1028 capite
523 977 728 1018 uei-uicino
758 990 810 1018 an
841 978 983 1029 suil10,
1017 991 1069 1019 an
1100 978 1271 1029 bubulo,
1305 990 1356 1019 an
1387 978 1572 1030 quolibet
1603 977 1683 1018 alio
1714 977 1852 1031 expia·
1871 992 1903 1015 ιο

359 1044 515 1086 tionem
545 1046 671 1088 istam
703 1047 853 1089 sciscat
883 1047 1093 1101 Diespiter
1121 1047 1367 1102 perpetrari:
1405 1047 1511 1100 quod
1552 1059 1645 1088 cum
1675 1046 1856 1087 nondum

360 1114 591 1167 specialiter
621 1115 851 1166 statuisset,
886 1118 1071 1169 essetque
1103 1116 1235 1158 adhuc
1264 1116 1444 1169 pendens
1476 1117 1516 1157 et
1547 1115 1731 1157 nondum
1762 1127 1855 1156 sen-

359 1183 490 1224 tentia
519 1185 762 1234 terminata,
808 1185 879 1238 qui
918 1185 1055 1238 potuit
1085 1185 1222 1226 Numa
1252 1184 1354 1226 scire
1384 1184 1564 1226 hominis
1595 1184 1735 1226 Iouem
1767 1185 1853 1226 dic-

359 1253 499 1294 turum
544 1256 684 1306 caput,
730 1254 777 1294 ut
817 1255 1111 1303 anteuerteret,
1158 1253 1333 1296 anteiret
1371 1254 1412 1295 et
1450 1254 1493 1295 in
1525 1254 1646 1307 caput
1684 1254 1854 1307 caepicii

322 1322 646 1376 4ambiguitatis
676 1322 792 1364 illius
822 1323 980 1364 incerta
1009 1323 1265 1364 traduceret?
1310 1323 1389 1364 nisi
1422 1322 1528 1364 forte
1550 1322 1693 1365 dicetis
1715 1336 1854 1378 regem
1871 1339 1900 1363 lh

360 1389 485 1432 fuisse
515 1391 725 1432 diuinum:
757 1391 956 1445 numquid
985 1391 1073 1445 ipso
1104 1393 1266 1445 poterat
1299 1404 1386 1434 esse
1416 1392 1516 1433 Ioue
1537 1391 1742 1434 diuinior‘?
1773 1392 1853 1434 nisi

357 1458 478 1501 homo
509 1461 794 1512 praesumeret,
828 1461 925 1514 quid
956 1461 1140 1502 dicturus
1172 1462 1277 1502 esset
1307 1461 1507 1514 Iuppiter,
1541 1473 1634 1502 eum
1664 1473 1743 1502 non
1773 1461 1851 1502 cir-

358 1528 637 1581 cumscripsit:
690 1529 789 1570 deus
829 1529 930 1571 scire
979 1541 1057 1570 non
1101 1530 1286 1583 poterat,
1327 1529 1475 1582 quibus
1517 1529 1649 1571 modis
1689 1531 1854 1582 pararet

359 1596 687 1640 circumscribere
727 1611 769 1640 se
807 1599 958 1640 homo?
1003 1599 1063 1640 ita
1103 1611 1182 1640 non
1218 1599 1262 1639 in
1293 1600 1490 1652 promptu
1522 1602 1584 1640 est
1615 1600 1655 1640 et
1685 1599 1852 1651 apparet

357 1665 579 1718 puerilium
610 1680 694 1709 esse
725 1667 932 1722 ingeniola
960 1668 1183 1719 fictionum,
1216 1667 1365 1721 quibus
1388 1680 1483 1709 cum
1505 1667 1735 1720 adquiritur
1766 1679 1901 1708 cor-20

358 1734 420 1776 dis
442 1735 600 1778 Numae
621 1737 836 1787 uiuacitas,
867 1738 1128 1791 inprudentia
1148 1738 1327 1779 maxima
1348 1737 1583 1790 inportatur
1605 1737 1725 1778 Ioui?
1756 1737 1855 1790 quid

358 1804 467 1845 enim
497 1805 583 1847 tam
611 1806 846 1859 inprudens,
878 1819 1001 1860 quam
1033 1806 1218 1848 confiteri
1248 1807 1289 1847 te
1320 1806 1494 1859 captum
1527 1806 1690 1860 argutia
1721 1805 1853 1848 cordis

357 1873 538 1923 humani,
571 1874 612 1915 et
642 1887 735 1916 cum
765 1874 976 1928 deceptum
1006 1875 1047 1916 te
1079 1874 1229 1924 doleas,
1262 1873 1304 1915 in
1336 1873 1512 1916 uictoris
1534 1875 1747 1916 concedere
1777 1886 1850 1916 uo-

356 1941 561 1984 luntatem
592 1944 633 1985 et
662 1944 909 1986 medicinam
949 1957 1073 1998 quam
1111 1945 1317 1986 obtuleras
1355 1946 1534 1996 ponere?
1580 1957 1674 1985 nam
1707 1944 1740 1985 si
1772 1943 1853 1984 fuit

356 2011 461 2052 ratio
491 2014 532 2054 et
563 2014 763 2066 quaedam
805 2014 1086 2056 conuenientia
1126 2014 1347 2064 naturalis,
1393 2025 1463 2055 cur
1503 2013 1681 2054 humano
1721 2012 1854 2065 capite
1868 2026 1899 2052 25

403 2184 422 2217 1
447 2184 584 2219 sufficio
610 2185 645 2219 P
661 2196 745 2220 corr
760 2195 780 2219 r
916 2187 937 2220 2
961 2185 1166 2230 compellere
1192 2185 1228 2219 P
1244 2195 1324 2220 corr
1463 2185 1484 2218 3
1508 2184 1664 2218 traderet
1688 2185 1760 2219 Sub

355 2242 378 2276 4
391 2253 489 2276 suam
502 2242 611 2276 habet
623 2242 774 2287 scripsi.-
792 2244 907 2277 sumet
920 2244 982 2277 aut
997 2243 1033 2276 P
1047 2246 1167 2276 sumet
1181 2242 1246 2277 Gez
1339 2242 1358 2275 7
1373 2241 1605 2286 caliditasque
1617 2242 1653 2276 P
1740 2243 1761 2276 8
1774 2252 1852 2286 pro-

355 2299 455 2344 loqui
480 2300 516 2334 P
539 2310 619 2334 corr
642 2303 671 2334 θ’
825 2299 867 2334 10
890 2299 1068 2335 uerbicino
1094 2300 1129 2334 P
1154 2310 1234 2335 corr
1381 2310 1425 2334 an
1451 2298 1584 2333 bubulo
1609 2309 1665 2333 om
1691 2299 1763 2334 Sab

357 2357 400 2390 12
424 2357 623 2402 specialiter
640 2357 735 2392 Sab:
760 2358 964 2401 spectaliter
981 2358 1016 2392 P
1154 2357 1198 2392 14
1220 2359 1262 2391 ut
1286 2356 1360 2391 add
1379 2356 1451 2391 Sab
1589 2356 1711 2400 cepicii
1729 2357 1764 2390 P

356 2415 401 2450 15
424 2415 661 2459 anbiguitatis
687 2414 723 2458 (b
749 2425 794 2449 επ
818 2416 855 2459 u)
881 2415 917 2449 P
1061 2415 1104 2449 16
1128 2414 1287 2458 nunquid
1311 2414 1350 2457 (d
1375 2424 1420 2448 ecc
1443 2414 1474 2456 t)
1500 2413 1536 2448 P
1689 2413 1730 2447 17
1755 2423 1853 2457 prae-

357 2482 496 2506 sumens
524 2473 588 2506 Gel
624 2483 703 2507 cum
728 2474 966 2516 praesumeret
996 2472 1179 2506 Vahlenus
1361 2471 1452 2515 quod
1478 2482 1498 2505 r
1680 2481 1757 2505 eum
1783 2482 1853 2505 non

356 2529 488 2564 addidi
623 2541 693 2564 non
718 2530 1048 2574 circumscripsisset
1064 2529 1361 2564 Hildebrandius
1499 2529 1542 2563 18
1567 2529 1602 2562 et
1627 2528 1710 2562 deus
1729 2528 1853 2562 Hilde-

356 2586 534 2621 brandius
704 2587 747 2621 19
772 2587 888 2631 homo]
915 2588 1209 2632 interroqationis
1231 2587 1374 2631 siquam
1392 2586 1502 2630 posui
1525 2596 1606 2620 cum
1629 2585 1762 2620 Zinkio

356 2643 460 2678 homo
476 2655 713 2688 praesumens,
737 2644 830 2688 quod
847 2644 1007 2678 dicturus
1031 2646 1122 2678 esset
1136 2644 1307 2688 Iuppiter,
1333 2642 1607 2686 circumscripsit
1623 2642 1742 2676 deum:
1768 2641 1852 2676 deus

356 2701 444 2736 scire
456 2711 524 2735 non
537 2703 688 2745 poterat,
700 2702 828 2746 quibus
841 2701 954 2736 modis
966 2702 1107 2745 pararet
1120 2700 1402 2735 circumscribere
1415 2711 1450 2734 se
1463 2699 1566 2733 homo
1577 2699 1594 2733 ‘?
1609 2699 1762 2734 Zinkius

355 2758 400 2792 20
415 2758 579 2802 arguitur
590 2758 780 2804 Rigaltius
870 2759 913 2792 21
930 2758 1153 2803 impudentia
1167 2759 1239 2793 Sab
1332 2758 1529 2802 imputatur
1543 2756 1761 2791 Stewechius

355 2815 451 2849 Iouis
478 2814 550 2849 Sab
717 2815 762 2850 23
789 2815 1008 2850 uoluntatem
1034 2815 1125 2850 Sab:
1157 2815 1379 2859 uoluptatem
1402 2814 1439 2849 P
1606 2813 1651 2848 24
1674 2813 1851 2847 occuleras

355 2872 543 2908 Mem-sius
