2032 3248
564 193 621 227 De
646 192 776 227 laude
802 193 1018 237 martyrii
1049 204 1078 228 c.
1106 194 1250 227 13—15.
1607 198 1660 238 37

151 302 317 338 nostram
365 299 545 337 Dominus
596 299 739 337 sciebat
786 299 943 345 armari,
995 311 1066 346 quo
1117 299 1232 337 fortes
1274 301 1321 338 ad
1373 311 1518 338 omnem
1565 299 1659 337 tole-

153 369 311 406 rantiam
343 368 495 407 faceret.
532 368 637 415 fili,
681 369 824 416 inquit,
857 369 1094 407 accedens
1125 369 1362 407 seruituti
1394 370 1478 407 Dei
1510 372 1584 407 sta
1616 370 1661 406 in

151 437 350 475 iustitia
381 439 425 475 et
456 438 628 475 timore
660 441 705 475 et
745 450 983 485 praepara
1024 438 1225 476 animam
1266 441 1392 476 tuam
1430 439 1485 476 ad
1516 440 1661 485 temp—

150 506 398 544 tationem.
433 507 498 543 sed
527 508 565 544 et
596 506 836 544 beatissimus
859 507 1000 544 Paulus
1024 506 1218 554 apostolus
1240 506 1467 545 exclamauit
1488 508 1525 544 et
1547 506 1659 544 dicit:

121 575 265 613 smihi
297 576 462 613 uiuere
494 576 719 613 Christus
751 578 823 613 est
855 578 901 613 et
933 576 1050 614 mori
1082 577 1275 614 lucrum.

208 644 325 689 Quam
355 645 401 683 ob
440 657 538 691 rem,
573 645 755 682 carissimi
802 645 963 692 fratres,
996 645 1068 683 fide
1118 645 1226 682 firma
1268 645 1464 683 deuotione
1506 645 1659 682 robusta
1677 643 1728 680 15

146 715 278 751 contra
310 726 437 752 omnes
466 713 607 751 saeculi
628 715 774 751 atroces
809 715 846 751 et
880 724 1032 761 asperos
1069 714 1346 761 insequentium
1383 713 1556 751 fremitus
1591 713 1658 749 ad-

148 794 257 819 uersa
287 783 426 820 uirtute
458 782 710 820 resistendum
743 794 811 820 nec
848 782 1068 829 timendum,
1112 794 1268 830 quorum
1300 795 1386 830 spes
1422 781 1659 820 aeternitatis

147 851 184 886 et
206 850 286 888 uita
307 851 480 888 caelestis
508 852 564 888 est
587 862 816 897 quorumque
847 852 957 889 ardor
978 851 1016 888 in
1049 851 1222 899 cupidine
1244 851 1339 890 lucis
1361 852 1600 890 succenditur
1621 852 1659 888 et

100 931 133 955 ιο
147 919 248 957 salus
270 920 314 957 de
336 920 519 967 promissa
541 920 813 958 inmortalitate
835 920 1013 958 laetatur.
1048 921 1117 958 hoc
1137 932 1224 958 uero
1242 922 1341 968 quod
1362 921 1506 958 catenis
1528 922 1657 958 artan-

145 988 247 1025 tibus
276 1000 407 1025 manus
436 988 640 1026 adstrictae
674 990 711 1026 et
740 989 954 1026 circumacti
983 1001 1118 1037 graues
1152 989 1362 1027 ceruicibus
1391 1000 1508 1026 nexus
1537 988 1656 1026 solido

145 1056 360 1103 deprimunt
381 1057 543 1104 pondere
566 1056 627 1094 uel
651 1057 750 1104 quod
771 1057 897 1096 eculeo
921 1069 1054 1106 corpus
1078 1060 1273 1096 extensum
1295 1059 1498 1096 candentes
1521 1056 1657 1095 stridet

145 1126 192 1162 ad
213 1125 386 1173 laminas,
407 1138 480 1164 non
503 1126 703 1174 expetendi
725 1127 922 1174 sanguinis
947 1128 1012 1165 sed
1033 1128 1293 1175 temptationis
1316 1129 1374 1165 est
1403 1139 1526 1165 causa.
1569 1138 1656 1164 nam

144 1196 181 1231 et
210 1193 331 1242 ipsam
359 1195 528 1243 martyrii
558 1195 785 1242 dignitatem
807 1197 1121 1243 quemadmodum
1143 1207 1337 1244 possemus
1359 1206 1561 1244 agnoscere
1580 1195 1656 1233 nisi

97 1275 129 1299 15
144 1263 249 1301 illam
269 1264 383 1301 etiam
406 1276 487 1302 cum
510 1265 643 1302 damno
666 1264 831 1312 corporis
853 1264 974 1302 nostri
996 1276 1212 1312 cogeremur
1234 1266 1392 1312 optare?
1426 1264 1527 1302 sensi
1548 1264 1654 1311 equi-

143 1333 238 1379 dem,
268 1344 335 1371 nec
364 1344 422 1370 me
445 1334 586 1371 ueritas
609 1333 721 1380 fallit,
755 1346 836 1371 cum
859 1345 993 1372 saeuae
1016 1334 1311 1372 incumbentium
1332 1346 1464 1371 manus
1486 1334 1654 1371 membra

143 1401 368 1439 diuellerent
396 1403 575 1449 artusque
605 1402 766 1441 laniatos
798 1404 917 1442 tortor
939 1403 1112 1441 saeuiens
1135 1404 1307 1441 exararet
1329 1415 1398 1441 nec
1420 1404 1547 1441 tamen
1569 1401 1652 1439 uin—

142 1472 254 1517 ceret,
285 1471 607 1509 circumstantium
627 1472 755 1510 uerbis
786 1464 979 1520 ‘magnum
1000 1472 1102 1510 istud
1123 1462 1194 1510 est)
1225 1472 1299 1510 dici
1323 1465 1508 1520 ‘profecto
1530 1470 1653 1509 nescio

142 1539 242 1587 quid,
274 1551 347 1577 non
376 1540 568 1578 doloribus
589 1540 729 1589 subigi,
760 1552 833 1579 non
861 1541 991 1588 poenis
1022 1541 1250 1588 angentibus
1273 1529 1426 1588 frangi³.
1459 1539 1525 1577 sed
1546 1540 1653 1577 erant

93 1618 129 1643 20
142 1608 238 1645 aliae
259 1608 463 1646 dicentium
494 1621 623 1648 uoces:
654 1601 708 1647 ‘et
729 1611 818 1657 puto
840 1610 979 1647 liberos
1008 1610 1134 1648 habet.
1166 1622 1253 1647 nam
1274 1610 1332 1647 est
1353 1608 1410 1645 illi
1432 1608 1590 1646 societas
1612 1607 1651 1644 in

141 1677 339 1725 penatibus
369 1678 514 1725 coniux,
546 1680 584 1716 et
613 1680 738 1717 tamen
767 1690 834 1716 nec
864 1679 1013 1717 uinculo
1036 1678 1235 1727 pignerum
1258 1677 1357 1716 cedit
1380 1688 1447 1715 nec
1471 1676 1649 1724 obsequio

0 1393 7 1455 φν-

277 1812 298 1845 2
324 1811 387 1845 Sir.
413 1812 444 1853 2,
472 1812 501 1845 1.
527 1813 559 1848 2.
655 1813 676 1845 5
701 1811 793 1846 Phil.
822 1812 851 1852 1,
877 1812 933 1846 ⁶21.

0 1938 5 1974 1
231 1943 252 1977 2
277 1944 395 1987 inquit
420 1954 484 1978 om.
513 1943 679 1989 P¹TQM
685 1946 705 1985 ¹,
730 1944 782 1977 ait
807 1944 870 1978 Μ2
979 1943 1024 1977 ad
1049 1943 1257 1977 seruitutem
1283 1943 1339 1978 Pv
1447 1943 1469 1978 4
1494 1943 1648 1977 beatusi-

140 2011 217 2034 mus
244 2001 276 2034 T
426 2001 597 2035 exclamat
624 2002 670 2047 Q²
696 2001 920 2045 (exclamauit
944 2001 1053 2046 MQ¹)
1200 2001 1289 2035 dixit
1315 2001 1371 2036 Pu
1512 2001 1534 2035 5
1559 2000 1648 2035 mihi

0 2055 2 2071 '
139 2067 205 2091 om.
231 2058 267 2091 P
403 2060 423 2093 6
448 2050 497 2092 fr}¹
523 2048 599 2093 1<OE
624 2059 653 2104 Q
793 2059 816 2095 7
843 2059 956 2093 omnis
984 2059 1024 2098 Τ,
1051 2059 1165 2093 minas
1183 2059 1332 2104 M²Q²v‚
1357 2059 1463 2092 minis
1489 2058 1603 2103 M¹Q¹

139 2116 267 2149 atrocis
293 2115 396 2160 LQT
544 2117 657 2160 asperi
685 2117 714 2162 Q
870 2117 891 2149 8
916 2116 1108 2150 resistendo
1135 2117 1176 2157 T,
1202 2116 1394 2150 resistendo
1425 2116 1464 2161 Q.
1491 2116 1647 2151 resistite

141 2174 189 2207 M
211 2174 260 2206 ite
283 2174 324 2207 in
348 2184 432 2214 ms„
457 2174 689 2208 resistendum
715 2176 767 2209 est
792 2185 812 2209 v
1006 2185 1066 2218 spe
1091 2175 1127 2209 P
1327 2174 1348 2208 9
1374 2175 1438 2218 est]
1465 2176 1500 2208 et
1528 2174 1558 2208 Τ

139 2230 255 2265 ardori
282 2231 329 2265 L*
440 2232 636 2275 cupidinem
665 2244 684 2267 v
790 2232 991 2266 accenditur
1014 2243 1035 2267 v
1131 2232 1175 2266 10
1199 2231 1387 2266 inmortale
1412 2231 1460 2265 M
1464 2231 1561 2277 ¹Q¹T

138 2291 283 2334 catenis]
310 2290 405 2324 canis
434 2290 466 2323 Τ
631 2289 839 2333 aptantibus
867 2290 896 2335 Q
1071 2290 1114 2323 11
1139 2290 1254 2323 manis
1282 2290 1332 2323 P¹
1503 2289 1648 2323 strictae

138 2348 243 2390 ΝΤυ,
268 2348 394 2382 stricta
422 2348 451 2393 Q
567 2347 610 2381 12
635 2347 807 2381 stridente
833 2347 872 2388 T,
899 2347 1083 2382 stridentis
1112 2348 1141 2393 Q
1270 2347 1312 2380 13
1337 2347 1381 2380 ad
1406 2347 1555 2381 laminas
1581 2357 1646 2382 om.

138 2406 180 2450 Q,
206 2405 278 2439 iam
303 2406 415 2439 minas
443 2406 476 2439 Τ
611 2405 736 2448 ΐζῃοῐι
761 2404 944 2449 expetendi
970 2416 1036 2440 om.
1068 2405 1098 2450 Q
1289 2405 1496 2448 temptionis
1524 2404 1557 2438 T

141 2463 183 2496 14
208 2464 283 2507 ipsa
309 2463 341 2496 Τ
431 2473 614 2507 possumus
644 2462 684 2507 Q,
710 2463 883 2506 possimus
911 2463 942 2496 Τ
1035 2463 1287 2507 adcognoscere
1312 2463 1347 2496 L
1450 2462 1493 2496 15
1517 2461 1647 2496 damna

138 2520 280 2566 LPQT
370 2522 480 2555 sensic
499 2520 638 2564 quidem
665 2521 700 2554 P
809 2521 851 2555 16
877 2520 982 2554 fallet
1009 2521 1075 2566 QT
1182 2531 1260 2554 seue
1288 2521 1328 2565 Q,
1354 2530 1456 2564 saepe
1482 2520 1555 2554 LP

140 2578 180 2611 17
208 2577 412 2612 diuellcrint
436 2578 471 2612 P
648 2580 811 2622 artesque
837 2578 928 2612 12¹1)
1100 2578 1254 2612 laniatus
1283 2577 1349 2623 QT
1518 2578 1643 2621 tortor]

138 2637 196 2669 tor
224 2636 256 2669 T
415 2637 592 2670 exal-caret
619 2636 651 2670 Τ
819 2636 862 2669 18
886 2635 995 2679 istud]
1024 2637 1124 2669 ustus
1153 2635 1220 2680 QT
1403 2635 1473 2669 dici
1498 2645 1564 2669 om.
1592 2634 1645 2679 Qu

137 2693 230 2736 (enh.
257 2694 318 2736 M)
480 2694 648 2737 profectio
676 2692 820 2738 NPQT
979 2693 1022 2727 19
1047 2692 1139 2737 quod
1167 2693 1218 2738 Qv
1379 2691 1491 2726 subici
1517 2692 1559 2727 N

138 2751 326 2794 agentibus
347 2751 412 2797 QT
542 2752 590 2787 20
607 2751 701 2786 uocis
722 2750 787 2796 QT
913 2750 1034 2785 liberis
1056 2751 1120 2796 QT
1246 2750 1405 2794 societas]
1425 2749 1516 2784 socia
1534 2759 1554 2783 v

136 2809 182 2842 21
208 2809 343 2853 coniux]
371 2809 496 2853 quoius
524 2810 590 2855 ΩΤ
