2032 3248
303 245 390 281 XVI

304 363 372 414 33,
393 362 446 405 19
485 362 671 416 minime]
713 361 888 403 minus?
1005 361 1147 412 35,19
1185 361 1455 405 Bactrianus:
1495 365 1537 405 et
1568 363 1638 406 ille
1672 362 1821 404 Meur-

307 433 396 474 sius
519 431 587 483 35,
606 432 661 474 22
706 432 835 473 Belus
877 430 1137 486 Stewechius]
1190 431 1313 472 inimo
1345 431 1565 474 Meursius
1681 433 1824 482 36,10

307 515 383 545 nec
430 501 474 543 in
523 501 646 543 rebus
692 502 848 556 exiguis
898 501 1119 556 Riyaltins
1256 501 1323 552 36,
1345 500 1397 543 21
1448 502 1526 557 sui]
1578 503 1669 545 aeui
1711 502 1821 543 Zin-

304 571 399 613 kius
515 571 584 622 37,
601 571 658 613 20
680 583 909 623 perperam
940 571 1130 613 omnibus
1152 570 1329 613 conieci:
1361 571 1594 614 hominibus
1626 571 1825 624 temptari

308 654 392 682 non
421 640 560 683 debere
589 640 699 683 docet
729 640 819 683 ind.
851 640 964 682 uerb.
995 645 1033 682 et
1062 640 1183 683 locut.
1215 653 1245 683 3.
1279 655 1320 682 u.
1438 641 1505 693 37,
1523 641 1579 683 24
1609 654 1824 695 prompse-

307 712 404 752 runt
436 709 624 763 Lipsius,
665 708 746 753 Urs
863 711 1001 762 38,11
1042 711 1307 765 prodentium
1348 710 1567 752 Menrsius
1684 711 1750 759 39,
1771 711 1822 753 11

306 780 436 822 scribe
481 779 691 822 mendacis
736 782 772 821 et
809 778 1006 821 lenocinis
1121 779 1236 830 40,ss
1277 779 1407 822 scribe
1456 782 1665 831 seruetur,
1705 780 1825 823 detur

308 850 409 904 quin
440 849 524 891 illis
555 850 718 891 immo*
835 849 1058 903 deturque:
1091 848 1177 891 illis
1209 848 1337 891 immo
1369 849 1617 893 Steweckins
1711 849 1826 901 41,2

308 918 530 970 foeditate,
563 918 839 973 stribiligines
870 932 914 969 r,
953 919 1173 961 Menrsius
1291 919 1403 971 41,8
1442 919 1571 962 scribe
1610 920 1754 962 eadem
1786 919 1827 960 et

309 988 509 1044 iugulus*
653 989 722 1040 41,
745 989 798 1031 27
849 990 962 1032 enim
1009 989 1230 1032 Heraldus
1372 990 1442 1040 42,
1464 990 1517 1032 12
1562 989 1692 1032 scribe
1732 1002 1827 1031 curn

310 1057 458 1100 Bertio
488 1059 653 1100 noluit?
683 1058 822 1101 1616111
884 1058 979 1107 .43,
998 1059 1025 1100 2
1056 1059 1093 1100 si
1122 1059 1305 1102 Marcius
1346 1058 1439 1114 Urs]
1464 1059 1642 1101 delenda
1672 1061 1770 1100 sunt

308 1127 376 1176 43,
394 1127 448 1169 27
489 1140 585 1170 cum
623 1141 667 1169 eo
714 1128 837 1170 modo
876 1127 1097 1182 Riyaltius
1213 1128 1282 1178 44,
1304 1129 1326 1170 1
1367 1141 1426 1183 sq.
1475 1141 1570 1171 cum
1617 1129 1728 1170 enim
1777 1127 1827 1170 de

311 1197 548 1240 animarum
578 1198 772 1252 periculis
802 1198 846 1240 in
876 1198 966 1241 uita
996 1198 1130 1251 mala,
1162 1200 1211 1241 de
1232 1198 1402 1240 illarum
1425 1200 1568 1241 contra
1584 1221 1626 1243 ak*
1647 1197 1827 1240 insinua-

310 1270 390 1319 tor,
422 1269 624 1322 magister
655 1269 781 1322 atque
812 1269 958 1311 auctor
991 1268 1218 1320 Vahlenus,
1248 1268 1322 1321 qui
1343 1268 1442 1310 haec
1459 1269 1547 1323 fere
1569 1267 1829 1310 intercidisse

312 1337 555 1390 suspicatur
601 1337 738 1380 salute
785 1337 830 1379 in
875 1338 964 1380 uita
1002 1337 1133 1391 proba
1248 1337 1317 1386 44,
1338 1339 1392 1381 15
1434 1338 1562 1380 scribe
1599 1337 1715 1380 exilis

313 1406 445 1449 exiliis
477 1406 696 1449 Heraldus
811 1406 926 1460 45,4
966 1407 1199 1450 conuellere
1231 1406 1310 1450 Get
1424 1408 1565 1459 45,19
1605 1407 1828 1462 implerent

315 1475 500 1518 Orellius
616 1476 671 1518 48
702 1489 831 1529 quam
878 1476 975 1518 dixi
1012 1475 1221 1519 Salmasii
1265 1477 1644 1530 transpositionem,
1674 1475 1827 1519 Herat-

315 1545 395 1587 dus
433 1546 683 1598 praeiuerat
826 1545 896 1597 48,
918 1546 947 1587 4
992 1546 1106 1600 uota]
1163 1548 1304 1600 portas
1347 1546 1564 1588 Heraldus
1709 1547 1778 1598 48,
1804 1547 1826 1586 7

312 1615 441 1657 scribe
476 1628 570 1657 curn
604 1614 818 1658 Salmasio
855 1616 996 1658 orbem
1127 1615 1196 1668 49,
1215 1617 1242 1658 5
1277 1616 1371 1658 fons
1403 1618 1466 1658 est
1508 1618 1826 1669 perpetuorum,

314 1687 433 1738 pater
474 1684 659 1726 Zinkius
773 1685 842 1736 49,
862 1685 885 1726 7
926 1684 1235 1741 irriganturque
1280 1686 1348 1728 uel
1378 1686 1685 1739 inritanturque
1718 1685 1828 1726 Zin-

313 1754 410 1796 kius
527 1754 595 1805 50,
617 1755 670 1797 19
700 1766 758 1807 sq.
791 1754 835 1795 in
867 1754 1000 1808 spatio
1031 1755 1120 1797 tam
1151 1754 1269 1797 breui
1300 1756 1501 1808 temporis
1533 1758 1572 1797 et
1604 1766 1731 1809 paruo
1762 1755 1827 1796 in-

313 1837 455 1866 mensa
494 1823 679 1865 Zinkius
794 1823 862 1876 51,
882 1823 905 1865 7
943 1836 1093 1876 repone
1134 1824 1374 1876 carnifices;
1417 1825 1470 1878 cf.
1511 1824 1601 1866 ind.
1643 1824 1751 1866 uerb.
1794 1827 1830 1865 et

315 1894 388 1935 loc.
421 1906 453 1935 3.
486 1908 527 1934 u.
652 1893 720 1943 51,
742 1893 795 1935 15
834 1892 960 1935 altius
994 1892 1202 1936 Canterus
1331 1894 1399 1946 52,
1419 1894 1443 1935 7
1475 1906 1547 1935 uos
1578 1893 1645 1936 del
1676 1894 1828 1935 Meur-

313 1962 403 2004 sius
538 1963 680 2014 52,12
711 1962 855 2006 inuida
897 1962 1109 2006 Vahlenus
1242 1964 1311 2015 52,
1334 1964 1386 2005 13
1427 1963 1645 2005 subinflati
1677 1962 1829 2004 Meur-

315 2031 403 2073 sius
534 2031 602 2081 52,
620 2032 675 2074 28
721 2046 870 2074 ueram
914 2033 1296 2086 interpunctionem
1332 2032 1460 2074 etiarn
1509 2031 1694 2074 Zinkius
1723 2044 1830 2074 corn-

315 2101 534 2143 mendauit
668 2102 737 2151 53,
758 2102 780 2143 7
811 2103 856 2144 in
885 2115 960 2144 sua
990 2103 1143 2145 natura
1172 2101 1390 2144 Heraldus
1520 2101 1831 2156 impenetrabili

317 2183 480 2224 semper
523 2171 821 2225 perspicuitate
864 2170 1050 2213 Zinkius
1193 2172 1261 2223 53,
1285 2172 1310 2214 8
1358 2171 1623 2225 perspicuum
1671 2171 1830 2213 Herat-

316 2239 395 2281 dus
510 2240 579 2292 53,
599 2240 652 2282 13
690 2240 819 2282 scribe
849 2241 1056 2283 incertum
1094 2241 1189 2283 651*
1305 2240 1416 2291 54,8
1456 2240 1661 2294 originem
1690 2241 1830 2294 ignem

319 2308 539 2362 Riyaltius
654 2310 723 2362 54,
744 2310 796 2352 18
827 2323 978 2363 repone
1009 2310 1185 2364 denique
1301 2309 1443 2361 54,19
1475 2310 1665 2365 denique]
1700 2310 1830 2352 scribe

318 2391 413 2420 cum
443 2378 635 2421 Heraldo
666 2380 835 2422 demum
952 2380 1019 2434 55,
1040 2380 1067 2422 3
1103 2392 1255 2433 quam.
1278 2413 1286 2420 .
1306 2413 1315 2421 .
1338 2382 1481 2421 uestra
1514 2379 1558 2420 in
1580 2380 1829 2421 credulitate

319 2447 541 2489 Heraldus
657 2448 798 2500 56,18
831 2449 1025 2491 callidula
1057 2448 1275 2491 Heraldus
1390 2449 1518 2490 scribe
1548 2462 1641 2489 curn
1673 2447 1830 2489 Zinlte‘o

320 2516 389 2558 sed
424 2517 606 2571 quisquis
630 2530 713 2570 pro
743 2519 815 2560 scd
846 2518 951 2571 quis,
984 2521 1030 2559 ut
1061 2519 1111 2560 in
1142 2518 1274 2560 codice
1305 2518 1457 2572 leyitur
1571 2516 1639 2568 56,
1658 2517 1710 2559 27
1736 2527 1827 2559 1611-

319 2585 398 2640 165]
432 2598 582 2638 repone
611 2599 659 2629 ea
773 2588 842 2636 58,
859 2587 914 2630 28
937 2587 1381 2641 Pyriphlegethontem
1496 2587 1564 2635 59,
1582 2585 1639 2628 25
1662 2586 1827 2627 domino

319 2659 444 2697 etiam
486 2654 671 2696 Zinkius
704 2655 927 2708 proposuit
1071 2657 1138 2707 60,
1156 2657 1182 2699 9
1228 2669 1294 2706 60,
1343 2658 1441 2709 quot
1486 2656 1529 2696 in
1581 2656 1677 2697 orbe
1731 2657 1829 2696 sunt

322 2725 537 2776 homineS,
585 2736 667 2766 non
719 2726 817 2767 sunt
864 2724 1047 2766 Zinkius
1190 2726 1257 2776 61,
1276 2725 1328 2766 21
1378 2723 1616 2777 corporibus
1661 2723 1828 2766 functae

322 2793 515 2834 Iessenus
546 2793 784 2847 corporibus
815 2794 1027 2836 seiunctae
1058 2793 1385 2836 Klussmannus
1501 2792 1642 2841 64,16
1677 2793 1829 2834 nimius

323 2860 531 2904 Canterns
654 2863 722 2913 65,
741 2863 766 2904 8
797 2864 994 2904 sermonis
1024 2863 1199 2905 alicuius
1231 2875 1377 2904 sonum
1410 2861 1596 2903 Zinlcins
1713 2863 1779 2915 66,
1803 2863 1828 2903 6

321 2932 406 2973 iam
436 2931 570 2973 laetae
612 2930 824 2972 Vahlenns
845 2934 932 2973 tam
953 2932 1107 2974 16016111
1129 2932 1212 2981 (uel
1232 2931 1411 2986 lautam)
1435 2934 1476 2972 et
1499 2931 1744 2974 Stcwechius
