2032 3248
359 245 413 286 26
991 234 1234 279 Appendix.

636 842 732 905 ΙΙΙ.
780 840 875 904 ΒΕ
920 839 1171 902 LAVDE
1215 838 1592 903 MARTYRII.

316 1172 337 1208 1
412 1158 504 1211 Etsi
535 1173 785 1220 incongruens
815 1174 886 1219 est,
917 1172 1057 1210 fratres
1087 1171 1286 1217 carissimi,
1317 1171 1357 1208 in
1384 1171 1455 1209 hoc
1476 1171 1604 1209 fauore
1627 1170 1777 1208 dicendi
1798 1170 1871 1208 ali-

354 1242 445 1290 quid
465 1241 732 1289 trepidationis
754 1240 903 1279 adferre
926 1240 1155 1288 minimeque
1171 1240 1304 1278 deceat
1324 1240 1486 1288 gloriam
1506 1240 1635 1278 tantae
1657 1238 1871 1277 deuotionis

349 1310 558 1358 infringere
590 1321 634 1347 ex
665 1321 707 1348 eo
737 1311 836 1358 quod
869 1309 990 1348 fatear
1020 1320 1078 1347 me
1109 1309 1275 1356 coepisse
1298 1309 1487 1356 dubitare,
1510 1310 1640 1346 tamen
1661 1308 1870 1346 identidem

349 1378 430 1417 dico
463 1379 545 1426 ipsa
580 1379 746 1416 animum
783 1378 1054 1416 deliberatione
1095 1378 1303 1426 confringi:
1346 1389 1433 1415 nam
1469 1378 1709 1425 exequendae
1745 1376 1869 1415 laudis
1885 1390 1901 1414 5

350 1447 557 1495 cupiditate
589 1447 829 1486 succenditur
851 1449 889 1485 et
910 1460 932 1485 a
953 1447 1139 1494 loquendo
1173 1447 1436 1495 magnitudine
1469 1445 1627 1484 uirtutis
1660 1445 1869 1492 inhibetur,

350 1528 432 1554 cum
455 1518 520 1554 aut
542 1527 615 1554 non
637 1517 768 1554 deceat
789 1518 914 1555 tacere
936 1518 1002 1554 aut
1023 1513 1277 1564 periculosum
1299 1516 1349 1553 sit
1367 1527 1500 1563 parum
1517 1515 1653 1563 dicere,
1675 1515 1751 1553 nisi
1767 1515 1869 1563 quod

349 1584 442 1622 haec
463 1584 653 1622 aestuanti
675 1596 735 1623 res
759 1586 839 1623 sola
860 1585 1037 1623 subuenit
1059 1584 1158 1632 quod
1188 1584 1361 1622 uideatur
1390 1584 1535 1632 ignosci
1565 1584 1599 1622 ei
1622 1583 1733 1622 facile
1755 1594 1865 1632 posse

351 1653 416 1700 qui
437 1664 510 1691 non
532 1653 659 1691 timuit
682 1654 831 1692 audere.
865 1666 976 1701 quam
1003 1654 1049 1692 ob
1075 1664 1166 1701 rem,
1204 1653 1391 1692 carissimi
1414 1654 1566 1700 fratres,
1600 1653 1673 1691 etsi
1694 1652 1865 1700 potentia

349 1721 404 1759 rei
439 1724 617 1760 oneratur
647 1722 810 1760 facultas
839 1722 997 1770 ingenii,
1034 1724 1075 1760 ut
1098 1724 1280 1769 quantum
1302 1733 1341 1760 se
1364 1721 1401 1759 in
1425 1722 1669 1769 exprimenda
1689 1721 1864 1770 martyrii
1879 1736 1913 1760 10

350 1790 536 1838 dignitate
558 1790 773 1838 protulerit,
795 1793 945 1829 tantum
966 1791 1049 1838 ipso
1071 1792 1235 1839 pondere
1251 1790 1376 1828 laudis
1399 1802 1580 1839 oppressa
1601 1792 1723 1838 adque
1745 1790 1863 1828 aesti-

350 1859 513 1897 matione
536 1871 659 1897 rerum
680 1860 847 1898 omnium
869 1861 913 1898 de
936 1860 1073 1907 quibus
1096 1872 1179 1898 cum
1208 1860 1368 1897 maxime
1398 1859 1568 1907 loquitur
1597 1859 1799 1897 debilitata
1820 1870 1863 1897 ac

349 1926 463 1974 facta,
494 1928 595 1967 intra
623 1940 662 1967 se
698 1928 781 1976 ipsa
817 1928 1033 1976 inlaqueata
1064 1929 1233 1967 oratione
1264 1928 1416 1967 deficiat
1436 1939 1504 1967 nec
1525 1928 1684 1966 habenis
1705 1927 1862 1966 liberis:

349 2007 413 2034 rac
434 1997 570 2034 solutis
591 1997 630 2035 in
651 1999 824 2045 apertum
846 1997 1029 2036 sermonis
1051 1998 1242 2045 eloquium
1263 1998 1341 2035 uim
1362 1999 1492 2035 tantae
1522 1997 1648 2035 laudis
1669 1998 1864 2045 expromat

351 2066 477 2102 tamen
508 2066 580 2103 erit
612 2066 759 2114 aliqua,
792 2067 866 2104 nisi
901 2067 1030 2113 fallor,
1055 2067 1093 2104 in
1123 2066 1331 2114 eloquendo
1362 2066 1454 2104 fides
1477 2077 1572 2114 quae
1595 2066 1715 2114 ipsius
1738 2065 1910 2114 operisnz

440 2290 573 2334 Incipit
591 2290 803 2335 (Cyprianus
821 2290 903 2325 add.
925 2291 972 2335 P)
992 2290 1033 2325 de
1051 2290 1155 2325 laude
1173 2291 1338 2335 martyrii
1357 2291 1548 2337 LNPQT.
1574 2312 1617 2316 -
1643 2292 1665 2326 2
1689 2280 1817 2326 cmxefP

349 2350 486 2383 famore
515 2350 554 2390 T,
587 2349 724 2383 feruore
754 2349 840 2392 fort.
1059 2349 1081 2383 3
1113 2350 1342 2394 minimeque]
1377 2352 1413 2384 ct
1444 2350 1591 2384 minime
1623 2350 1667 2384 N
1673 2377 1680 2391 ,
1715 2350 1862 2384 minime

347 2405 454 2450 PQT
612 2407 635 2443 5
662 2406 737 2450 ipsc
767 2408 800 2441 T
953 2407 1064 2441 animi
1089 2407 1158 2441 mei
1185 2407 1297 2441 LNP
1459 2407 1756 2442 deliberationum
1786 2408 1819 2441 T

346 2462 522 2507 confringi
553 2474 634 2496 nam
665 2464 809 2507 scripsi,
849 2464 1073 2509 confringam
1107 2464 1266 2510 LPQT,
1307 2466 1488 2499 confracta
1518 2475 1560 2499 ea
1591 2465 1645 2505 N,
1686 2465 1863 2510 confringi

346 2530 424 2553 cum
444 2530 461 2553 v
601 2520 823 2564 exaequenda
839 2522 888 2555 M
906 2521 1164 2565 (exaequandae
1187 2522 1241 2567 Q),
1260 2522 1458 2566 sequendae
1475 2523 1520 2557 N
1653 2522 1756 2556 laudo
1788 2523 1820 2556 T

345 2577 366 2610 6
399 2579 434 2610 et
459 2577 490 2620 a]
519 2587 560 2610 ca
584 2577 626 2611 N
808 2578 1015 2613 inhibeatur
1047 2579 1099 2614 L'
1289 2580 1307 2613 ’ἶ
1342 2582 1405 2615 aut
1436 2580 1518 2625 non]
1546 2581 1664 2614 autem
1690 2591 1759 2614 non
1787 2581 1817 2626 Q

344 2633 366 2665 8
397 2634 576 2667 aestuanti
608 2634 693 2668 haec
718 2647 738 2670 v
969 2638 1004 2670 et
1030 2636 1134 2671 facile
1160 2637 1295 2681 ignosci
1319 2648 1420 2682 posse
1448 2638 1515 2683 ΩΤ
1688 2638 1709 2671 9
1743 2637 1862 2672 audire

346 2690 452 2734 PQT
606 2691 747 2737 fratres]
775 2694 860 2728 add.
889 2694 935 2739 Q:
962 2694 999 2728 in
1024 2696 1079 2728 tot
1104 2695 1254 2738 tantisq.
1280 2695 1383 2729 rebus
1553 2695 1595 2728 10
1620 2695 1756 2739 ingenii
1778 2724 1782 2728 .
1814 2723 1819 2727 .
1849 2723 1866 2732 .,

340 2758 380 2790 p.
406 2750 466 2787 30,
495 2751 516 2782 6
542 2748 746 2793 suppeditat
771 2760 836 2784 om.
865 2751 900 2784 P
1073 2752 1114 2785 11
1141 2751 1356 2796 dignitatem
1385 2753 1418 2787 T
1582 2754 1685 2786 tanto
1711 2752 1821 2797 NQT

348 2804 393 2838 13
419 2805 529 2847 ipsam
558 2816 575 2838 υ
701 2806 822 2840 ahenis
850 2808 932 2848 NT,
960 2809 1082 2842 aucnis
1110 2808 1140 2852 Q
1263 2810 1305 2843 14
1331 2810 1505 2853 exprimat
1532 2810 1582 2843 L²
1696 2810 1737 2842 123
1762 2809 1861 2853 fides]

347 2860 499 2894 facultas
529 2873 546 2895 ι]
