2032 3248
372 234 450 276 170
997 229 1242 273 Appendix.

363 340 563 386 procurent
584 338 624 375 hi
645 338 684 375 in
706 337 804 384 quod
825 347 887 374 eos
908 335 1105 374 constituit
1121 335 1303 374 Dominus
1324 348 1438 384 supra
1454 336 1640 374 familiam
1661 348 1766 374 suam
1788 336 1877 375 dare

362 408 440 446 illis
461 408 586 445 cibum
607 407 647 444 in
681 407 848 452 tempore
885 416 951 443 suo
972 417 1187 443 mensuram
1222 405 1342 443 tritici
1355 435 1364 453 ‚
1393 418 1526 453 puram
1548 405 1695 444 scilicet
1730 407 1768 443 et
1788 417 1875 453 pro-

361 478 487 515 batam
508 476 729 521 doctrinam,
753 476 939 522 quatenus
960 474 1137 513 ueniente
1158 474 1316 512 Domino
1347 477 1563 513 mereantur
1584 475 1714 513 audire
1727 489 1735 513 :
1754 486 1773 513 e
1785 487 1809 512 u
1819 487 1844 523 g
1856 486 1875 514 e

360 557 498 584 scrue
537 546 655 583 bone
688 546 733 582 et
764 543 961 590 fidelis,
1004 544 1116 591 quia
1155 555 1300 592 supra
1329 556 1483 592 pauca
1513 544 1692 582 fidelis
1724 544 1874 582 fuisti

360 627 504 663 supra
541 614 694 652 multa
733 615 779 651 te
822 613 1142 651 constituam:
1192 613 1324 651 intra
1353 613 1401 651 in
1447 614 1674 662 gaudium
1717 614 1871 652 Domi·
1886 628 1901 652 5

360 684 406 721 ni
437 684 520 721 tui.

789 798 949 836 PLEBS
982 798 1098 835 SINE
1130 798 1438 837 DISCIPLINA.

300 909 348 945 11
411 903 640 943 Vndecimus
677 902 870 941 abusionis
907 903 1047 950 gradus
1085 904 1143 940 est
1173 902 1282 950 plebs
1305 903 1385 941 sine
1408 903 1629 951 disciplina:
1662 914 1758 951 quae
1781 903 1870 941 dum

355 972 577 1020 disciplinae
600 971 937 1010 exercitationibus
959 983 1034 1010 non
1056 972 1189 1017 seruit,
1212 972 1400 1011 communi
1422 984 1461 1010 se
1483 972 1708 1019 perditionis
1729 972 1864 1020 laqueo

352 1042 603 1089 constringit:
627 1041 724 1079 iram
745 1040 885 1078 etenim
902 1041 1044 1078 domini
1066 1041 1209 1089 absque
1231 1041 1454 1088 disciplinae
1476 1041 1601 1089 rigore
1622 1053 1696 1079 non
1720 1041 1861 1080 euadit.
1883 1053 1917 1078 ιο

352 1112 465 1158 atque
500 1111 638 1149 idcirco
674 1110 895 1158 psalmistae
930 1110 1088 1148 uocibus
1125 1110 1433 1158 indisciplinatae
1464 1111 1567 1158 plebi
1599 1111 1862 1158 praedicatur:

351 1180 707 1227 adprehendite
730 1179 1045 1226 disciplinam
1066 1191 1121 1217 ne
1140 1180 1326 1228 quando
1348 1180 1599 1218 irascatur
1620 1180 1862 1218 Dominus.

353 1249 555 1297 disciplina
585 1260 673 1287 uero
704 1251 763 1287 est
791 1261 937 1287 morum
966 1249 1141 1287 ordinata
1163 1249 1344 1287 correctio
1367 1251 1406 1287 et
1426 1249 1610 1287 maiorum
1631 1250 1861 1297 praeceden-

350 1318 444 1355 tium
480 1318 698 1365 regularum
734 1318 964 1356 obseruatio.
997 1318 1041 1356 de
1077 1329 1151 1366 qua
1188 1318 1393 1366 disciplina
1423 1319 1566 1357 Paulus
1589 1318 1785 1366 apostolus
1806 1318 1863 1356 ita

348 1386 517 1435 loquitur
572 1387 721 1425 dicens:
782 1387 830 1425 in
880 1387 1159 1435 disciplina
1217 1389 1560 1435 perseuerate:
1619 1390 1861 1435 tamquam
1878 1402 1908 1427 15

347 1456 481 1494 filiis
512 1457 652 1495 uobis
684 1457 837 1494 offert
868 1468 915 1494 se
947 1456 1085 1494 Deus.
1129 1458 1252 1504 quod
1283 1456 1324 1494 si
1355 1458 1495 1495 extra
1536 1457 1860 1504 disciplinam

346 1526 483 1572 estiS,
516 1526 652 1564 cuius
682 1526 958 1574 participes
988 1525 1110 1563 facti
1141 1527 1253 1563 sunt
1284 1538 1460 1573 omnes,
1494 1537 1607 1574 ergo
1639 1526 1859 1564 adulteri

347 1597 393 1632 et
423 1606 513 1633 non
544 1595 651 1632 filii
682 1595 822 1634 estis.
856 1595 921 1643 qui
951 1606 1040 1643 ergo
1072 1595 1237 1633 adulteri
1267 1597 1305 1634 et
1337 1596 1419 1633 sine
1448 1595 1653 1643 disciplina
1683 1598 1786 1642 sunt,
1819 1596 1857 1634 et

347 1663 526 1702 caelestis
561 1664 671 1712 regni
707 1664 961 1702 hereditatem
990 1676 1065 1702 non
1093 1664 1266 1712 capiunt:
1298 1664 1370 1702 filii
1391 1666 1517 1703 autem
1537 1666 1718 1712 paternae
1740 1664 1855 1703 disci-

344 1733 472 1781 plinae
510 1733 759 1772 correctiones
795 1733 924 1771 ferunt
954 1734 990 1771 et
1023 1734 1274 1772 hereditatem
1311 1733 1535 1781 quandoque
1557 1733 1724 1781 recipere
1744 1744 1855 1781 posse
1870 1748 1906 1775 20

343 1815 418 1841 non
450 1804 662 1850 desperant.
697 1804 741 1841 de
778 1814 852 1850 qua
869 1802 985 1841 etiam
1022 1803 1224 1850 disciplina
1246 1803 1380 1841 Esaias
1402 1803 1521 1841 eidem
1543 1803 1855 1850 indisciplinatae

340 1872 442 1920 plebi
478 1873 673 1920 praedicat
710 1873 862 1911 dicens:
909 1873 1152 1921 quiescite
1195 1884 1341 1920 agere
1373 1883 1618 1920 peruerse,
1667 1872 1853 1911 discite

428 2024 450 2059 3
475 2024 606 2058 Matth.
632 2025 688 2067 25,
714 2025 769 2060 23.
971 2025 1015 2059 12
1039 2025 1097 2059 Ps.
1124 2025 1179 2066 21,
1209 2025 1262 2059 12.
1473 2025 1517 2060 15
1541 2024 1649 2059 Hebr.
1676 2025 1734 2066 12,
1761 2025 1792 2059 7.
1818 2025 1851 2059 8.

338 2082 383 2117 22
407 2081 466 2117 Es.
494 2084 523 2124 1,
552 2083 605 2117 16.

426 2233 445 2266 1
470 2233 661 2276 procurant
684 2232 725 2266 X
855 2231 907 2276 hi]
934 2231 975 2266 hi
999 2231 1037 2266 id
1068 2231 1159 2266 G‘2X
1288 2232 1326 2266 in
1351 2243 1418 2267 om.
1450 2232 1504 2267 Vv
1630 2243 1718 2276 quos
1749 2232 1801 2267 Vv

332 2299 388 2323 eos
413 2300 480 2324 om.
511 2290 618 2325 G¹Vv
725 2301 829 2334 super
855 2290 954 2326 XVv
1060 2290 1083 2324 2
1107 2301 1170 2324 suo
1195 2301 1261 2325 om.
1293 2290 1329 2327 V
1430 2291 1565 2335 puram]
1591 2301 1739 2335 paruam
1770 2290 1803 2324 V

331 2346 352 2380 3
377 2346 576 2381 doctrinam
601 2347 790 2391 probatam
821 2348 856 2383 V
1010 2349 1188 2382 mereatur
1212 2347 1252 2382 X
1413 2347 1436 2382 4
1462 2358 1567 2392 supra
1591 2348 1638 2391 p.]
1667 2347 1706 2381 in
1731 2357 1844 2390 pauca

331 2404 428 2439 XVv
567 2405 672 2439 suisti
696 2405 814 2439 fidelis
839 2405 900 2439 Xv
1015 2405 1037 2440 8
1062 2405 1155 2439 alius
1181 2405 1364 2440 abusionis
1396 2406 1431 2439 V
1550 2405 1646 2449 dum]
1673 2415 1751 2439 cum
1776 2416 1797 2439 v

330 2461 351 2495 9
376 2461 533 2495 deseruit
557 2464 606 2506 X,
632 2463 745 2497 seruit
769 2454 836 2497 dfio
867 2463 908 2504 V,
933 2462 1103 2497 serum*
1134 2465 1163 2496 G
1361 2462 1557 2497 communi.
1575 2461 1750 2496 ..domini
1776 2473 1841 2497 om.

335 2518 449 2554 G-XV
639 2521 683 2555 10
707 2521 830 2565 uigore
860 2520 895 2555 V
1082 2519 1209 2554 euadet
1240 2520 1274 2555 V
1462 2520 1505 2554 13
1531 2530 1668 2553 morum
1695 2521 1749 2553 est
1774 2531 1795 2555 v

329 2576 373 2610 14
397 2577 531 2621 regulis
557 2577 599 2611 X
743 2578 786 2612 15
811 2578 930 2612 dicens
955 2588 1021 2612 om.
1049 2577 1091 2611 X
1235 2578 1279 2612 16
1304 2589 1340 2612 se
1365 2589 1431 2612 om.
1457 2577 1537 2612 XV
1672 2577 1714 2611 17
1741 2578 1838 2622 sunt]

327 2633 414 2668 estis
439 2645 460 2669 v
644 2636 740 2680 ergo]
767 2636 861 2670 enim
886 2647 907 2670 v
1099 2635 1143 2670 18
1168 2635 1230 2679 qui
1256 2646 1323 2670 om.
1349 2635 1389 2669 X
1579 2636 1615 2669 et
1640 2645 1705 2669 om.
1738 2635 1791 2670 Vv

326 2691 401 2725 sine
426 2691 472 2736 d.]
499 2691 762 2736 indisciplinati
791 2693 882 2728 G²X
1086 2694 1123 2727 et
1150 2703 1216 2727 om.
1247 2693 1340 2727 ΨΧ
1548 2693 1590 2727 19
1617 2693 1648 2727 si
1672 2692 1743 2727 filii
1767 2703 1788 2727 v

326 2749 370 2783 20
395 2750 621 2784 correctiores
646 2750 686 2784 X
829 2751 949 2785 ferunt
979 2750 1073 2792 G1V,
1099 2750 1191 2784 fiunt
1221 2750 1311 2784 G²X
1457 2760 1492 2784 se
1517 2750 1671 2794 recipere
1698 2750 1792 2784 (ΡΧ

323 2808 474 2851 possunt
504 2807 538 2841 V
710 2809 754 2843 21
779 2809 965 2854 desperent
989 2821 1021 2851 v,
1047 2809 1250 2853 dispereant
1277 2809 1310 2843 G
1487 2809 1601 2843 eidem
1626 2810 1648 2843 i.
1675 2820 1707 2853 p.
1733 2819 1833 2853 prae-

321 2864 430 2909 dicat]
456 2864 618 2909 loquitur
650 2866 685 2901 V
818 2867 911 2901 idem
937 2867 988 2908 X,
1013 2865 1155 2910 quidem
1180 2878 1202 2901 v
