2032 3248
894 210 1056 243 Oratio
1081 210 1109 243 1.
1676 218 1753 257 145

240 319 416 365 quoniam
438 317 508 355 tibi
531 317 718 356 flectimus
740 327 876 365 genua,
908 328 1110 354 effluamus
1134 318 1314 364 ceruices,
1349 319 1408 357 cui
1430 319 1555 366 angeli
1592 320 1752 357 archan-

239 387 314 434 geli
352 387 458 425 milia
494 387 640 424 milium
676 388 882 435 martyrum
920 387 1056 424 chorus
1103 386 1358 434 apostolorum
1403 390 1440 426 et
1483 390 1752 436 prophetarum

239 457 359 503 gloria
395 456 584 502 exultant,
622 456 681 494 cui
712 467 841 494 omnes
879 466 969 493 aues
998 455 1131 493 laudes
1168 458 1320 503 canunt,
1351 456 1504 505 linguae
1526 458 1757 496 confitentur

238 526 456 564 caelestium
494 524 733 562 terrestrium
763 526 801 562 et
830 524 1086 563 infernorum:
1124 525 1194 562 tibi
1224 537 1351 564 01111103
1388 538 1507 573 aquae
1530 527 1569 563 in
1591 527 1693 565 caelo
1716 529 1753 564 et

209 609 223 632 5
239 596 309 633 sub
332 595 435 633 caelo
458 594 707 640 confitentur,
745 595 782 631 te
805 592 1047 631 insensibilia
1071 594 1261 632 sentiunt:
1294 596 1336 633 tu
1358 605 1398 632 es
1420 595 1523 633 solus
1545 597 1583 633 et
1604 598 1756 643 praeter

237 672 274 703 te
296 676 415 703 nem0.
442 666 480 701 te
509 674 752 711 quaesumus,
785 662 943 701 Domine
966 664 1074 710 pater
1097 663 1348 711 omnipotens,
1382 665 1448 711 qui
1470 664 1541 703 soli
1563 664 1640 702 filio
1663 676 1756 701 0011-

237 733 458 782 spectabilis
481 744 540 770 es:
565 732 691 780 angeli
713 732 751 769 et
773 732 994 779 archangeli
1016 733 1279 780 obtemperant
1294 733 1366 770 tibi
1383 733 1541 772 Domine
1562 735 1689 781 pater:
1719 736 1756 770 te

237 814 400 848 0111111113,
431 801 579 839 tribuas
600 801 709 838 nobis
731 802 894 839 mentem
916 801 1118 852 integram,
1148 802 1402 840 innocentiam
1426 814 1571 850 puram,
1597 803 1754 841 sinceri-

236 874 354 910 tatem
376 872 565 918 deuotam,
589 869 859 909 conscientiam
881 872 1051 908 sanctam
1075 871 1232 920 [puram]
1253 871 1418 909 sobriam
1442 873 1598 918 castam,
1623 873 1754 910 contra

190 954 222 978 10
237 952 365 979 omnes
402 940 561 978 insidias
599 939 740 977 saeculi
773 939 938 987 gloriosa
960 939 1032 976 fide
1061 940 1282 987 degentem:
1316 942 1448 978 contra
1469 940 1610 978 diaboli
1632 941 1754 978 minas

236 1012 274 1048 et
306 1010 476 1048 carnales
517 1008 729 1047 inlecebras
751 1008 939 1046 munitum
962 1010 1095 1056 pectus
1118 1010 1316 1056 concedaS,
1355 1021 1401 1047 ne
1424 1009 1584 1047 uiolenti
1607 1012 1644 1048 et
1666 1022 1754 1047 cru-

235 1079 314 1117 enti
343 1078 465 1117 hostis
498 1078 679 1116 letalibus
712 1078 861 1125 laqueis
892 1078 1143 1125 implicemur,
1180 1080 1223 1116 ut
1244 1079 1397 1126 signum
1419 1079 1555 1117 salutis
1578 1081 1754 1117 aeternae

236 1148 423 1186 incolume
447 1147 697 1194 perferamus.
722 1159 806 1185 arce
828 1159 849 1185 a
871 1147 980 1185 nobis
997 1159 1144 1185 omnem
1165 1148 1307 1186 saeculi
1327 1148 1511 1186 inluuiem
1533 1159 1754 1195 omnemque

236 1216 382 1255 diaboli
415 1216 712 1264 persuasionem.
746 1216 958 1264 laqueetur,
990 1216 1164 1254 concidat
1183 1218 1220 1254 et
1242 1219 1438 1265 separetur
1461 1218 1498 1254 et
1521 1220 1755 1264 amoueatur,

188 1299 220 1323 15
235 1287 334 1325 sicut
356 1299 378 1325 a
392 1286 505 1324 Sarra
521 1286 666 1324 famula
684 1287 750 1323 tua
766 1286 1002 1324 Asmodaeus
1023 1287 1182 1324 daemon
1204 1286 1460 1335 nequissimus
1481 1287 1673 1326 extinctus
1696 1290 1754 1325 est

234 1368 299 1404 per
336 1356 514 1403 angelum
552 1357 659 1393 tuum
692 1357 864 1394 sanctum
886 1357 994 1393 tuum
1015 1355 1200 1403 Raphael.
1234 1357 1273 1393 et
1294 1355 1393 1394 sicut
1415 1356 1553 1394 Tobiae
1575 1356 1755 1404 adfuisti,

234 1427 288 1464 ita
324 1425 420 1463 mihi
457 1426 591 1463 adesse
630 1425 813 1473 digneris.
847 1426 885 1462 et
920 1427 963 1463 ut
999 1425 1124 1463 tribus
1154 1424 1283 1472 pueris
1304 1426 1344 1463 in
1365 1426 1513 1464 camino
1536 1428 1574 1464 et
1594 1426 1753 1464 Daniele

234 1494 529 1533 misericordiam
552 1494 807 1542 praestitisti,
839 1494 894 1532 sic
915 1494 1014 1533 circa
1035 1506 1104 1532 nos
1125 1495 1212 1532 tuos
1235 1494 1399 1533 famulos
1421 1494 1544 1533 facere
1566 1495 1750 1543 digneris.

235 1564 299 1610 qui
335 1565 503 1602 mortuos
542 1564 751 1610 suscitasti,
790 1575 920 1602 caecos
959 1563 1211 1612 inluminasti,
1251 1564 1376 1602 surdis
1412 1564 1596 1612 auditum,
1635 1565 1752 1602 mutis

188 1647 226 1671 20
244 1633 446 1681 eloquium,
471 1632 616 1671 claudis
638 1644 823 1680 gressum,
846 1632 1006 1680 leprosis
1030 1633 1234 1671 sanitatem
1258 1633 1422 1671 dedisti:
1455 1633 1511 1671 ita
1532 1634 1579 1670 da
1601 1633 1755 1671 famulis

233 1703 323 1747 tuis,
358 1703 422 1749 qui
444 1702 483 1739 in
504 1704 542 1740 te
563 1703 646 1740 tota
668 1702 811 1740 uirtute
844 1702 982 1740 mentis
1005 1702 1194 1741 credimus
1216 1704 1348 1740 natum
1369 1714 1523 1750 passum
1547 1705 1754 1740 uenturum

235 1771 400 1809 iudicare
430 1771 540 1809 uiuos
572 1773 610 1809 et
631 1773 814 1809 mortuos.
849 1772 994 1809 adsiste
1016 1771 1140 1818 nobis,
1179 1772 1279 1809 sicut
1301 1771 1484 1819 apostolis
1506 1772 1547 1809 in
1568 1772 1755 1818 uinculis,

234 1840 368 1879 'seclae
397 1840 436 1877 in
471 1840 637 1888 ignibus,
676 1840 797 1878 Paulo
820 1840 858 1877 in
880 1840 1223 1888 persecutionibus,
1261 1841 1376 1879 Petro
1399 1841 1439 1878 in
1459 1841 1653 1879 fluctibus.
1689 1841 1754 1888 qui

235 1911 343 1947 sedes
366 1921 479 1957 super
504 1910 650 1957 septem
682 1910 840 1948 thronos
863 1911 910 1947 ad
933 1910 1125 1948 dexteram
1148 1911 1283 1958 patris,
1315 1910 1462 1958 respice
1484 1922 1551 1948 nos
1574 1911 1612 1948 et
1631 1909 1753 1948 libera

324 2147 341 2179 1
369 2148 404 2180 et
430 2157 618 2180 curuamus
645 2146 729 2181 ΕΙυ
877 2148 899 2181 2
924 2147 1107 2181 miliorum
1134 2148 1198 2189 E¹,
1224 2158 1289 2182 om.
1317 2148 1349 2182 T
1500 2148 1622 2182 choros
1648 2148 1701 2181 E*

231 2206 253 2238 3
278 2206 437 2240 exaltant
462 2206 538 2239 ET
653 2207 784 2239 canunt
809 2205 932 2240 laudes
958 2218 979 2241 υ
1096 2207 1118 2240 5
1144 2206 1376 2241 insensabilia
1402 2206 1493 2240 ET¹
1609 2207 1752 2250 praeter

231 2264 279 2308 te]
306 2263 390 2299 add.
416 2273 454 2297 v:
481 2264 516 2297 et
542 2263 641 2297 extra
666 2264 702 2297 te
866 2264 887 2297 6
913 2263 981 2297 soli
1006 2263 1096 2308 filio]
1121 2264 1210 2298 solio
1238 2263 1270 2297 T
1439 2263 1680 2307 conpetabiles
1711 2264 1751 2304 T,

232 2320 481 2365 conspicabilis
506 2332 527 2355 v
623 2320 642 2354 7
668 2321 716 2365 es]
744 2331 780 2355 es
807 2321 906 2355 cuius
930 2320 1015 2356 EIv
1111 2321 1318 2366 archangeli
1344 2323 1380 2355 et
1405 2321 1526 2365 angeli
1550 2320 1646 2355 infra
1674 2321 1707 2355 T

233 2379 369 2413 domine
395 2379 509 2423 pater]
538 2389 598 2423 per
625 2389 728 2422 quem
757 2380 790 2412 T
889 2380 909 2412 8
935 2380 976 2412 ut
1000 2378 1140 2413 tribuas
1165 2379 1251 2414 EIv
1343 2380 1364 2413 9
1381 2389 1507 2423 puram
1525 2389 1591 2413 om.
1610 2378 1708 2413 EIT

232 2437 275 2470 10
300 2436 497 2480 degentem]
525 2437 706 2470 uerentein
737 2437 770 2470 T
884 2436 926 2469 11
953 2446 995 2470 ne
1021 2447 1067 2471 ecc
1091 2447 1155 2471 nec
1180 2437 1220 2471 E
1333 2437 1377 2470 12
1401 2436 1517 2470 hostis
1543 2447 1609 2471 om.
1640 2436 1706 2470 EI

231 2493 440 2527 letabilibus
465 2493 540 2528 ET
695 2494 737 2527 13
762 2493 976 2527 incolumem
1001 2494 1048 2535 E,
1074 2493 1277 2528 incolumen
1304 2494 1337 2527 T
1498 2503 1578 2527 arce
1602 2493 1746 2535 scripsi,

229 2561 332 2594 parce
357 2550 462 2592 EIT,
489 2550 582 2595 pelle
606 2562 626 2585 υ
821 2551 863 2585 14
889 2550 1087 2595 laqueetur]
1115 2551 1283 2595 loquetur
1311 2552 1344 2586 T
1535 2552 1674 2595 separet
1701 2551 1747 2590 E,

233 2609 288 2642 uel
314 2610 499 2652 superetur
524 2619 551 2643 s.
578 2609 600 2642 l.
629 2609 658 2650 1,
687 2610 871 2653 superetur
895 2620 934 2650 v;
961 2619 982 2642 a
1006 2608 1108 2642 nobis
1134 2608 1220 2643 add.
1246 2609 1323 2643 E²v
1510 2608 1554 2642 15
1579 2618 1658 2642 sara
1684 2618 1703 2641 υ

232 2665 330 2700 demo
358 2667 398 2707 T,
425 2665 631 2700 daemonius
657 2666 698 2700 E
800 2667 853 2700 cst
879 2677 945 2702 om.
973 2666 1019 2700 Ιυ
1130 2667 1173 2701 16
1198 2666 1262 2701 alt.
1289 2667 1391 2700 tuum
1418 2676 1484 2700 om.
1510 2677 1540 2700 v.
1652 2664 1746 2698 rafa-

231 2722 289 2757 hel
319 2724 351 2757 T
458 2724 501 2758 17
527 2723 688 2757 daniheli
715 2723 761 2758 Ιυ
871 2724 915 2758 18
941 2724 1095 2758 famulos
1120 2725 1202 2758 tuos
1229 2723 1313 2758 ΕΙυ
1432 2724 1475 2757 19
1500 2722 1624 2757 surdos
1652 2722 1698 2756 Τ1

233 2781 365 2814 mutuis
394 2781 439 2814 Τι
573 2781 617 2814 20
643 2781 785 2825 eloquia
810 2780 895 2815 EIv
1028 2782 1081 2815 ita
1107 2784 1142 2816 et
1169 2783 1208 2816 [υ
1342 2781 1387 2815 da
1412 2782 1449 2814 et
1474 2781 1551 2814 Es.
1572 2781 1593 2814 l.
1611 2791 1656 2814 m.
1675 2782 1698 2813 2

232 2838 271 2870 21
302 2838 336 2870 in
363 2849 430 2873 om.
458 2839 502 2873 Iu
645 2839 690 2873 24
714 2839 829 2873 libera
853 2849 918 2872 nos
944 2839 986 2874 Ιυ

372 2910 419 2938 111
443 2911 469 2938 A
1418 2901 1470 2937 10
