2032 3248
774 188 906 222 Liber
934 187 1019 222 1111.
1559 190 1633 231 151

156 304 261 345 fecto
291 303 476 353 discetis,
508 303 695 355 quisnam
726 302 781 344 sit
812 303 910 343 deus
941 314 1044 343 unus
1075 302 1142 343 uel
1173 302 1247 343 sub
1279 315 1323 344 eo
1355 303 1423 355 qui
1455 302 1637 356 plurimi,

156 372 225 425 qui
263 372 356 413 deos
388 385 428 413 se
457 371 615 425 fingant
645 373 686 413 et
724 371 891 412 humani
932 371 1093 424 generis
1137 371 1440 424 inprudentiam
1478 371 1637 413 ludant.

155 441 394 482 iamdudum
426 452 495 481 nos
517 441 642 493 pudet
664 441 712 482 ad
734 454 825 482 eum
847 441 981 482 locum
1003 440 1152 489 uenire,
1184 440 1225 480 in
1255 451 1332 492 quo
1354 441 1482 482 risum
1503 442 1639 481 tenere

154 521 231 550 non
253 510 423 561 possunt
445 521 522 549 non
545 512 705 550 tantum
728 509 911 562 puerculi
934 510 975 550 et
997 520 1194 560 procaceS,
1227 521 1369 549 uerum
1398 507 1523 549 etiam
1546 508 1638 549 serii

126 579 275 629 satque
305 577 348 618 in
380 577 460 618 oris
490 577 647 618 taetrici
670 577 931 630 asperitatem
954 576 1099 617 durati.
1134 589 1229 617 nam
1249 589 1341 618 cum
1364 590 1386 618 a
1408 577 1641 619 doctoribus

153 656 291 686 omnes
336 646 482 686 nostris
528 645 778 686 insinuatum
821 645 1091 698 acceperimus
1134 647 1174 686 et
1220 645 1437 694 traditum,
1485 646 1527 686 in
1571 645 1640 685 de·

154 713 444 755 elimationibus
475 714 641 754 deorum
662 713 888 766 pluratiuos
920 725 1106 754 numeros
1136 725 1215 754 non
1243 726 1338 763 esse,
1370 713 1475 766 quod
1507 716 1641 754 essent

154 782 211 823 dii
249 782 420 836 singuli,
460 793 532 822 nec
573 782 841 823 communiter
880 782 937 824 ire
977 795 1047 835 per
1085 782 1284 835 plurimos
1322 781 1640 834 uniuscuiusque

154 851 329 893 nominis
369 850 591 904 proprietas
630 850 783 903 quiret,
824 851 1083 892 immemores
1115 862 1186 891 uos
1218 850 1317 892 facti
1350 851 1390 891 et
1418 850 1639 902 puerilium

108 938 141 963 10
154 919 464 972 disciplinarum
496 919 769 960 recordatione
801 920 1008 972 consopita
1030 920 1070 960 et
1092 919 1301 972 conplures
1324 919 1500 961 subditis
1522 930 1640 959 uoca-

154 988 262 1030 bulis
300 987 430 1028 isdem
470 989 562 1028 deos
594 990 633 1027 et
665 1000 757 1028 cum
789 988 878 1028 sitis
910 988 1011 1029 alias
1043 987 1083 1028 in
1116 999 1255 1028 eorum
1277 999 1443 1028 numero
1475 986 1640 1028 restric-

153 1056 294 1105 tioreS,
335 1055 586 1108 multiplices
625 1067 690 1097 eos
729 1069 868 1097 rursus
907 1056 1195 1109 cognominum
1234 1056 1427 1097 societate
1466 1055 1640 1096 fecistis:

154 1137 277 1176 quam
323 1123 487 1176 quidem
533 1123 632 1164 olim
677 1126 836 1176 partem
876 1123 1017 1164 iudicii
1058 1124 1162 1165 acris
1201 1124 1280 1164 uiri
1320 1124 1440 1176 atque
1481 1123 1640 1178 ingenio

155 1192 375 1246 perspicaci
406 1194 493 1233 tam
526 1205 707 1233 sermone
739 1193 844 1233 Italo
876 1192 1099 1244 explicuere
1131 1204 1253 1244 quam
1276 1191 1439 1233 Graeco.
1482 1194 1521 1234 et
1548 1192 1642 1233 dare

108 1261 270 1307 mnobis
302 1260 566 1313 conpendium
601 1261 800 1312 potuisset
830 1273 891 1301 res
923 1261 1015 1310 ista,
1049 1260 1082 1300 si
1113 1272 1190 1301 non
1222 1262 1261 1301 et
1293 1260 1450 1313 aliquos
1482 1260 1641 1302 uidere-

154 1342 245 1370 mus
286 1329 518 1369 litterarum
558 1341 642 1369 esse
682 1329 853 1370 istarum
893 1331 1094 1381 expertes,
1133 1330 1173 1370 et
1214 1329 1429 1371 institutus
1461 1343 1484 1371 a
1525 1330 1642 1371 nobis

154 1409 285 1438 sermo
323 1409 393 1437 uos
431 1408 587 1449 quoque
618 1397 878 1449 conpelleret,
911 1397 1096 1438 nonnihil
1128 1398 1174 1438 de
1205 1398 1268 1439 his
1300 1398 1419 1439 rebus
1452 1398 1640 1450 quamuis

152 1465 202 1506 ab
234 1464 320 1505 illis
352 1467 560 1517 sumptum
595 1466 1034 1518 commemoratumque
1073 1466 1315 1519 depromere.
1363 1467 1479 1508 aiunt
1511 1466 1639 1521 igitur
1658 1473 1705 1512 14

152 1533 332 1587 theologi
372 1534 496 1574 uestri
535 1535 574 1575 et
612 1534 830 1575 uetustatis
870 1534 1125 1575 absconditae
1161 1534 1165 1590 Ι
1202 1534 1450 1586 conditores,
1490 1535 1565 1576 tris
1596 1535 1637 1575 111
1652 1546 1675 1580 f.
1690 1543 1753 1578 85²>

107 1615 287 1645 eorerum
327 1604 474 1644 natura
504 1603 621 1644 Ioues
663 1616 769 1656 esse,
818 1615 863 1644 ex
900 1603 1045 1655 quibus
1086 1616 1189 1645 unus
1224 1604 1400 1645 Aethere
1439 1603 1494 1644 sit
1524 1605 1638 1657 patre

151 1671 399 1725 progenitus,
445 1672 549 1712 alter
587 1671 716 1722 Caelo,
764 1671 910 1712 tertius
951 1684 1045 1713 uero
1087 1671 1273 1722 Saturno,
1319 1672 1426 1724 apud
1462 1671 1639 1713 insulam

152 1739 316 1781 Cretam
348 1740 387 1780 et
418 1741 651 1791 sepulturae
682 1739 858 1780 traditus
891 1741 930 1781 et
962 1742 1215 1793 procreatus:
1249 1741 1427 1793 quinque
1459 1740 1570 1782 Soles
1601 1744 1641 1783 et

152 1808 374 1849 Mercurios
415 1809 610 1860 quinque,
651 1821 697 1848 ex
729 1808 892 1860 quibus,
931 1810 978 1849 ut
1009 1808 1210 1859 referunt,
1243 1808 1310 1850 Sol
1343 1809 1499 1861 primus
1530 1809 1640 1850 Iouis

153 1876 263 1917 filius
296 1876 446 1917 dicitur
478 1878 517 1917 et
548 1876 738 1917 Aetheris
768 1876 942 1917 habetur
973 1888 1107 1929 nepos,
1141 1877 1339 1918 secundus
1373 1889 1497 1929 aeque
1531 1877 1638 1917 Iouis

106 1964 138 1990 25
152 1946 192 1985 et
222 1945 455 1997 Hyperiona
487 1945 670 1997 proditus
703 1944 920 1998 genetrice,
954 1945 1100 1985 tertius
1125 1944 1319 1994 Volcano,
1350 1956 1428 1985 non
1457 1945 1638 1995 Lemnio,

289 2035 330 2068 19
356 2045 430 2078 sqq.
457 2034 527 2069 Cic.
553 2034 594 2068 de
618 2025 697 2069 nat,
716 2035 808 2070 deor.
833 2035 864 2075 3,
889 2035 933 2068 53
958 2045 1032 2078 sqq.

240 2114 262 2147 2
286 2114 345 2157 qui
371 2114 452 2147 deos
479 2115 570 2148 Sub:
595 2115 676 2158 quia
701 2125 757 2147 eos
784 2115 819 2148 P
955 2115 975 2148 3
1001 2114 1221 2158 iamdudum]
1245 2115 1301 2149 hic
1324 2115 1424 2159 apud
1455 2115 1639 2150 Oehlerum

150 2193 178 2217 0,
206 2185 248 2216 13
271 2183 398 2226 incipit
579 2183 599 2216 4
630 2182 785 2226 puerculi
814 2182 904 2217 Sab:
941 2183 1112 2226 pucriculi
1137 2184 1171 2216 P
1353 2184 1375 2217 Γ)
1399 2184 1467 2217 oris
1493 2185 1638 2228 scripsi.-

151 2250 263 2273 mares
289 2240 323 2273 P
352 2250 464 2273 mores
491 2240 562 2273 Sab
592 2239 699 2272 moris
726 2240 823 2273 Sctlm
998 2240 1140 2273 tetricia
1166 2240 1237 2274 Sab
1413 2241 1639 2283 asperitatem

151 2295 271 2330 Salm:
296 2296 482 2339 asperitate
501 2297 535 2329 P
670 2298 690 2328 Ε)
707 2296 836 2340 quiret]
856 2296 967 2331 uerba
983 2307 1073 2339 quac
1092 2297 1130 2330 in
1148 2298 1219 2339 sinc
1237 2297 1320 2330 libri
1337 2297 1505 2341 loquutur
1530 2308 1638 2341 neque

151 2353 245 2386 enim
276 2353 349 2386 fieri
375 2364 434 2396 per
458 2364 571 2386 rerum
598 2355 757 2386 naturam
783 2355 907 2396 potest,
941 2355 981 2386 ut
1006 2353 1094 2396 quod
1130 2364 1238 2387 unum
1271 2356 1324 2387 est
1356 2354 1419 2386 fiat
1452 2353 1517 2387 duo
1543 2355 1578 2387 et
1602 2354 1638 2387 in

151 2410 307 2443 diuersas
345 2421 396 2443 res
433 2411 487 2442 cat
528 2409 647 2442 unitas
688 2410 848 2452 ingenita
886 2409 1114 2453 simplicitate
1155 2409 1268 2443 diuisa
1305 2411 1374 2444 huc
1416 2411 1639 2454 transposuit

156 2466 310 2500 Orellius
464 2466 548 2499 sacti
575 2466 665 2500 Sub:
698 2466 767 2499 faci
793 2467 828 2500 P
980 2466 1022 2499 10
1048 2466 1229 2510 consopita.
1262 2467 1348 2500 Urs:
1390 2469 1580 2511 composita
1606 2468 1641 2501 P

152 2523 303 2566 seposita
332 2523 397 2556 Gec
552 2524 592 2557 13
617 2534 719 2565 quam
747 2524 839 2556 Sub:
865 2534 950 2566 quas
976 2523 1008 2555 P
1157 2523 1245 2556 acris
1279 2523 1365 2557 L'rs:
1399 2534 1491 2557 acres
1518 2524 1553 2557 P

151 2579 290 2622 ingenio
317 2580 398 2616 Sub.
423 2592 460 2613 r:
494 2591 551 2623 per
576 2580 718 2622 ingenio
745 2580 778 2612 P
916 2581 957 2613 15
982 2583 1353 2624 commemoratumque
1378 2581 1575 2624 depromere
1599 2582 1639 2615 in

151 2646 211 2669 ras
237 2647 254 2669 0
398 2637 721 2679 commodatumque
753 2636 819 2670 Urs
965 2638 1005 2670 19
1031 2637 1202 2670 uctutatis
1228 2638 1262 2670 P
1405 2640 1476 2671 tres
1502 2638 1533 2681 (e
1559 2648 1603 2671 eu:
1626 2638 1637 2670 i

150 2695 243 2734 corr)
269 2693 304 2726 P
440 2694 484 2727 20
509 2694 604 2726 ioucs
630 2694 664 2726 P
800 2694 841 2726 21
873 2695 958 2736 aput
984 2694 1017 2726 P
1155 2693 1302 2727 insolam
1328 2694 1363 2727 P
1498 2695 1542 2728 22
1567 2705 1638 2727 sac-

151 2748 311 2792 pulturae
348 2750 383 2783 P
564 2750 607 2782 23
644 2750 797 2783 referunt
833 2749 918 2783 Gel:
960 2750 1127 2783 refferuut
1163 2750 1198 2783 P
1237 2762 1289 2783 res
1326 2751 1444 2784 serunt
1478 2751 1550 2785 Sab

150 2805 195 2838 24
219 2805 370 2839 aetheris
389 2806 479 2839 Sub:
506 2806 679 2839 aetherius
699 2807 732 2839 P
869 2807 1036 2840 secundus
1056 2807 1187 2849 Regina
1205 2809 1239 2840 et
1256 2807 1453 2850 Hyperione
1478 2808 1636 2851 proditus

150 2862 308 2904 genitore
335 2862 406 2896 Sab
543 2863 586 2895 25
611 2863 781 2906 genitrice
809 2863 853 2905 (it
870 2864 906 2896 in
926 2866 959 2896 et
979 2875 1059 2896 corr
1077 2866 1118 2906 ε’)
1149 2864 1181 2896 P
