2032 3248
409 244 464 286 96
815 242 1003 277 Arnobii
1036 242 1247 277 aduersus
1286 244 1500 278 nationes

409 357 467 413 [id
497 359 560 400 est
591 356 723 415 sapor]
757 358 798 399 et
828 359 973 409 cetera,
1006 357 1253 411 qualitatum
1288 357 1508 400 distantias
1538 358 1685 412 quibus
1708 372 1754 400 ex
1779 359 1905 401 ratio-

407 425 528 468 nibus
559 426 739 469 ducant‘?
777 438 824 468 ex
855 426 1086 478 elementis,
1127 427 1317 481 inquitis,
1351 429 1392 469 et
1421 440 1468 469 ex
1497 428 1794 482 principalibus
1824 428 1903 470 ori-

407 495 571 551 ginibus
609 508 758 538 rerum.
806 507 947 538 amara
977 497 1072 537 sunt
1110 496 1218 537 enim
1249 497 1454 539 elementa
1483 497 1551 539 uel
1582 497 1737 547 dulcia,
1768 497 1901 540 odoris

406 567 504 607 sunt
542 564 716 606 alicuius
756 565 823 606 uel
861 564 1028 615 coloris,
1075 565 1123 606 ut
1153 577 1199 607 ex
1231 577 1370 607 eorum
1408 566 1660 608 concretione
1692 566 1901 609 credamus

405 633 578 687 partitas
624 645 709 675 esse
747 632 791 674 in
830 633 1091 675 nascentibus
1136 633 1358 687 qualitates
1402 634 1550 688 quibus
1599 636 1672 677 aut
1717 635 1900 677 suauitas
1935 648 1950 673 ⁵

337 704 392 744 60
405 701 588 744 nascitur
618 703 689 743 aut
720 701 905 743 sensibus
937 701 1104 743 offensio
1143 704 1430 756 comparatur?
1475 715 1568 745 cum
1597 703 1728 758 igitur
1757 705 1798 746 et
1827 715 1900 746 uos

404 772 513 825 ipsos
544 771 752 813 tantarum
783 784 830 813 ac
859 772 923 813 tot
954 783 1091 812 rerum
1122 771 1283 826 fugiant
1313 772 1514 827 origines,
1546 771 1710 827 fugiant
1740 784 1898 825 causae,

409 840 575 896 fugiant
611 841 806 891 rationes,
846 853 974 895 neque
1013 841 1144 883 dicere
1175 854 1305 895 neque
1336 842 1552 895 explanare
1592 841 1772 896 possitis,
1805 842 1903 896 quid

413 910 469 952 sit
505 910 660 952 factum
707 912 778 952 aut
824 922 968 963 quare,
1015 913 1087 952 aut
1132 922 1203 952 cur
1246 911 1472 964 oportuerit
1515 923 1595 952 non
1639 923 1745 963 6666,
1790 923 1904 953 11616-

413 979 603 1020 cundiam
640 979 874 1021 conuellitis
913 979 953 1021 et
989 979 1221 1021 dilaceratis
1259 982 1463 1030 nostram,
1505 980 1575 1033 qui
1613 993 1716 1033 quae
1754 991 1950 1033 neque-10

287 1056 310 1091 f.
324 1056 387 1089 561>
402 1050 476 1089 unt
521 1047 618 1089 sciri
663 1048 819 1089 nescire
862 1060 933 1090 1106
979 1047 1219 1090 confitemur
1265 1061 1395 1102 neque
1439 1061 1485 1090 ea
1521 1049 1753 1112 qonquirere
1788 1047 1794 1104 Ι
1829 1049 1901 1090 6111

396 1116 645 1170 inuestigare
683 1128 873 1158 curamus
905 1128 1006 1170 quae
1045 1116 1329 1170 comprehendi
1359 1116 1684 1170 liquidissimum
1719 1117 1781 1159 est
1816 1127 1895 1158 non

395 1197 533 1239 posse,
566 1185 754 1238 quamuis
785 1185 901 1227 mille
933 1198 1005 1238 per
1035 1186 1157 1227 corda
1187 1186 1363 1239 suspicio
1395 1199 1437 1228 66
1466 1187 1650 1240 porrigat
1679 1187 1801 1239 atque
1831 1186 1896 1227 111-

396 1255 540 1296 tendat
569 1254 761 1297 humana.
809 1256 850 1296 et
880 1254 969 1297 ideo
1001 1253 1188 1297 Christus
1219 1255 1317 1297 licet
1339 1255 1457 1298 uobis
1478 1256 1623 1298 inuitis
1646 1255 1756 1305 deus,
1784 1255 1896 1305 deus,

395 1323 577 1377 inquam,
607 1322 794 1365 Christus
816 1349 871 1353 —
892 1324 966 1365 hoc
987 1323 1097 1365 enim
1119 1336 1234 1377 saepe
1255 1323 1473 1366 dicendum
1495 1326 1569 1375 est,
1601 1324 1649 1365 ut
1667 1322 1896 1366 infidelium
1912 1338 1943 1363 15

395 1392 573 1434 dissiliat
604 1393 644 1433 et
674 1392 933 1446 dirumpatur
954 1392 1120 1434 auditus
1142 1418 1194 1423 ——
1218 1392 1281 1437 dei
1302 1393 1498 1447 principis
1519 1393 1696 1435 iussione
1724 1394 1893 1446 loquens

394 1461 468 1503 sub
499 1460 678 1503 hominis
709 1461 852 1512 forma,
885 1473 977 1502 cum
1009 1461 1248 1503 mortalium
1269 1462 1392 1504 sciret
1411 1474 1572 1504 caecam
1593 1474 1680 1504 esse
1700 1463 1891 1503 naturam

393 1542 524 1582 neque
571 1529 701 1571 ullam
746 1541 863 1582 posse
909 1530 1248 1583 comprehendere
1288 1531 1510 1572 ueritatem
1553 1531 1781 1584 positarum
1819 1542 1890 1571 nec

393 1601 486 1641 ante
525 1599 664 1641 oculos
712 1612 868 1650 rerum,
908 1611 979 1652 pro
1025 1600 1230 1652 comperto
1283 1599 1429 1642 habere
1473 1600 1513 1641 et
1558 1599 1719 1654 cognito
1770 1598 1891 1652 quid-

391 1668 490 1722 quid
532 1668 612 1710 sibi
652 1681 739 1710 esse
778 1668 976 1710 suasisset
1012 1681 1084 1709 nec
1124 1680 1196 1721 pro
1235 1669 1319 1710 suis
1358 1668 1658 1721 suspicionibus
1687 1667 1888 1710 haesitare
1905 1682 1939 1708 20

389 1737 595 1791 litigiosas
640 1749 769 1778 serere
817 1739 935 1790 atque
973 1737 1180 1778 intendere
1212 1737 1489 1790 quaestiones,
1522 1736 1658 1779 omnia
1697 1737 1778 1778 ista
1816 1747 1889 1777 nos

390 1806 574 1859 linquere
605 1808 645 1848 et
675 1806 919 1859 posthabere
949 1806 1155 1860 praecepit
1186 1818 1316 1859 neque
1346 1806 1390 1847 in
1421 1819 1485 1848 res
1517 1818 1582 1847 eas
1613 1817 1716 1859 quae
1750 1805 1833 1846 sint
1863 1816 1886 1845 a

389 1878 530 1917 nostra
559 1874 701 1928 procul
740 1875 968 1929 cognitione
1008 1874 1186 1916 dimotae
1222 1874 1495 1917 infructuosas
1532 1874 1744 1916 inmittere
1775 1873 1883 1927 cogi-

388 1944 575 1995 tationes,
608 1944 691 1994 sed,
723 1943 924 1997 quantum
954 1942 1042 1984 fieri
1073 1943 1181 1995 potis
1214 1943 1287 1993 est,
1320 1944 1371 1984 ad
1398 1943 1609 1985 dominum
1640 1954 1776 1983 rerum
1797 1943 1884 1982 tota

387 2016 522 2055 mente
569 2013 689 2066 atque
735 2012 871 2054 animo
911 2011 1133 2064 proficisci,
1180 2012 1345 2053 sustolli
1383 2012 1434 2053 ab
1464 2012 1528 2053 his
1558 2011 1657 2053 locis
1689 2012 1812 2064 atque
1842 2010 1884 2051 in
1904 2028 1936 2055 2⁵

388 2095 482 2124 eum
512 2082 724 2124 traducere
755 2092 973 2135 suspensas
1004 2081 1181 2134 pectoris
1214 2081 1507 2132 conuersiones,
1538 2081 1779 2122 memoriam
1800 2079 1885 2120 eius

392 2151 540 2193 habere
578 2150 817 2204 perpetuam
855 2151 895 2191 et
932 2148 1030 2190 licet
1067 2149 1183 2191 nulla
1221 2150 1350 2203 possit
1380 2150 1674 2205 imaginatione
1704 2148 1886 2197 formari,

393 2232 512 2262 auras
549 2222 687 2261 tamen
727 2219 861 2261 nescio
900 2230 1001 2271 quas
1039 2218 1125 2259 eius
1166 2218 1246 2261 sibi
1277 2218 1634 2272 contemplationis
1666 2217 1887 2271 adfingere:

392 2288 512 2331 rebus
554 2289 663 2330 enim
701 2301 747 2330 ex
783 2287 994 2337 011111111116,
1041 2299 1142 2340 (11166
1188 2290 1388 2342 augustae
1433 2287 1614 2329 continet
1655 2284 1888 2328 diuinitatis

432 2470 450 2503 1
476 2468 512 2502 id
538 2470 590 2502 est
622 2478 725 2513 sapor
748 2468 893 2503 seclusit
917 2468 1125 2503 Heraldus:
1157 2470 1200 2501 ut
1231 2470 1286 2502 est
1311 2477 1413 2512 sapor
1437 2467 1626 2502 Meursius
1769 2466 1805 2500 id
1830 2468 1884 2500 est

386 2535 487 2569 sapor
512 2527 548 2559 et
573 2525 699 2570 cetera]
727 2525 811 2559 odor
836 2527 871 2559 et
897 2525 1000 2567 color,
1026 2527 1063 2559 et
1095 2525 1163 2559 Urs
1332 2525 1353 2559 3
1378 2526 1456 2558 sunt
1481 2524 1516 2558 P
1678 2523 1700 2557 4
1724 2523 1781 2557 ucl
1804 2522 1880 2557 add

389 2581 456 2616 Gel
592 2582 699 2617 oloris
725 2582 798 2617 Sab
825 2582 997 2617 colorisue
1030 2582 1099 2617 Urs
1249 2582 1269 2615 9
1294 2583 1357 2615 aut
1381 2581 1517 2615 sactum
1542 2579 1643 2615 Salm
1791 2585 1885 2624 opor-

385 2639 497 2672 tuerit
514 2646 575 2673 n0¹¹
593 2640 629 2674 P
753 2650 826 2673 esse
843 2642 905 2674 aut
922 2649 993 2673 non
1014 2649 1087 2673 csse
1104 2638 1380 2673 Klussman‘nus
1510 2637 1554 2670 10
1571 2637 1742 2680 nequeunt
1762 2636 1798 2670 P

386 2695 429 2730 13
452 2695 540 2730 mille
565 2696 601 2730 P
762 2697 805 2730 14
830 2695 930 2730 uobis
961 2695 1044 2730 Gel:
1081 2696 1119 2729 111
1144 2695 1245 2729 1101116
1271 2695 1306 2728 P
1464 2694 1510 2727 20
1534 2693 1602 2727 siui
1627 2693 1663 2727 Ρ
1821 2702 1881 2726 1166

386 2763 446 2797 pro
479 2753 563 2797 suis]
597 2755 633 2787 et
661 2764 803 2798 prorsus
830 2754 900 2787 Sab
1060 2753 1103 2787 21
1129 2751 1330 2797 questiones
1355 2752 1391 2785 P
1543 2750 1587 2784 24
1611 2752 1692 2794 pote
1720 2750 1791 2785 Sab

384 2810 429 2843 28
454 2810 767 2854 contemplationis
793 2810 883 2845 Sab:
914 2810 1227 2854 contemptationis
1253 2809 1288 2843 P
