2032 3248
370 243 396 284 6
1000 235 1238 281 Appendix.

369 346 555 394 loquatur,
585 345 680 383 nihil
702 355 878 392 umquam
899 343 1113 381 indecorum
1134 343 1261 390 geret:
1294 342 1379 390 plus
1402 340 1501 380 enim
1523 340 1700 388 ponderis
1721 340 1877 378 habebit

370 414 598 453 conscientia
619 425 712 461 quae
734 412 829 450 nulli
851 423 890 450 se
912 412 1022 449 alteri
1044 411 1195 449 debebit
1216 410 1290 447 nisi
1312 409 1396 448 sibi.

329 482 357 519 4
431 482 528 528 Quid
551 482 736 529 scriptura
748 480 970 518 interdixit?
993 479 1186 528 prohibuit
1198 479 1297 517 enim
1309 477 1472 526 spectari
1483 479 1581 526 quod
1592 478 1767 526 prohibet
1779 478 1874 526 geri.

369 551 505 598 omnia,
535 551 700 598 inquam,
736 550 811 587 ista
846 548 1143 597 spectaculorum
1172 558 1312 596 genera
1343 547 1549 593 damnauit,
1579 548 1725 594 quando
1755 547 1875 585 idolo-

368 620 518 658 latriam
556 618 711 657 sustulit
742 618 915 657 ludorum
951 617 1115 656 omnium
1147 618 1319 664 matrem,
1356 617 1454 655 unde
1489 616 1604 681 haec·
1617 616 1801 654 uanitatis
1837 617 1906 654 et5

369 688 537 726 leuitatis
566 688 735 725 monstra
759 688 952 725 uenerunt.
987 687 1085 734 quod
1114 686 1212 724 enim
1243 685 1502 733 spectaculum
1534 685 1614 722 sine
1642 684 1755 731 idolo,
1788 684 1875 733 quis

370 756 480 793 ludus
512 755 592 794 sine
624 755 817 802 sacrificio,
853 752 953 803 quod
986 757 1176 793 certamen
1205 766 1279 792 non
1300 755 1557 792 consecratum
1578 754 1753 791 mortuo?
1786 753 1877 801 quid

368 824 466 862 inter
486 825 578 863 haec
599 823 827 861 christianus
849 823 970 861 fidelis
992 823 1106 862 facit:
1131 823 1163 861 si
1184 822 1439 862 idololatriam
1460 822 1580 871 fugit,
1604 822 1694 870 quid
1716 821 1789 860 loci
1811 821 1874 859 ei‘?

368 893 457 940 quid
486 893 550 941 qui
579 892 652 930 iam
683 894 836 931 sanctus
858 893 908 931 sit
930 894 974 931 de
996 893 1108 931 rebus
1130 892 1342 931 criminosis
1364 893 1599 940 uoluptatem
1622 891 1751 939 capit?
1785 891 1875 939 quid

369 963 498 999 contra
527 961 646 999 Deum
675 961 963 1010 superstitiones
993 962 1128 1008 probat
1149 973 1242 1010 quas
1264 963 1366 999 amat
1388 962 1477 1000 dum
1499 963 1674 1010 spectat?
1708 963 1875 999 ceterum
1890 972 1924 998 10

366 1030 459 1067 sciat
480 1030 571 1068 haec
593 1029 717 1068 omnia
737 1030 891 1068 inuenta
920 1030 1197 1068 daemoniorum
1218 1041 1313 1077 esse,
1350 1042 1424 1069 non
1454 1030 1536 1068 Dei.
1569 1030 1809 1078 impudenter
1838 1029 1876 1067 in

367 1098 523 1136 ecclesia
552 1098 747 1137 daemonia
774 1098 958 1137 exorcizat
987 1110 1144 1146 quorum
1173 1098 1389 1146 uoluptates
1412 1099 1451 1137 in
1473 1098 1700 1147 spectaculis
1722 1099 1874 1137 laudat:

366 1169 403 1205 et
425 1178 506 1204 cum
529 1167 643 1205 semel
665 1167 722 1204 illi
744 1167 964 1206 renuntians
985 1168 1146 1206 rescissa
1167 1167 1218 1206 sit
1238 1178 1297 1206 res
1319 1167 1439 1206 omnis
1461 1168 1501 1205 in
1522 1168 1763 1216 baptismate,
1787 1168 1875 1206 dum

368 1238 454 1283 post
475 1235 663 1274 Christum
684 1237 731 1274 ad
752 1236 893 1274 diaboli
914 1237 1170 1284 spectaculum
1190 1237 1309 1284 uadit,
1333 1236 1485 1275 Christo
1506 1238 1701 1285 tamquam
1723 1237 1872 1276 diabolo

365 1304 566 1342 renuntiat.
598 1305 822 1352 idololatria,
853 1307 896 1343 ut
923 1305 998 1344 iam
1029 1305 1119 1353 dixi,
1149 1305 1324 1345 ludorum
1356 1306 1522 1344 omnium
1542 1309 1664 1345 mater
1684 1308 1755 1353 est,
1778 1316 1921 1354 quae15

366 1375 409 1410 ut
444 1373 489 1410 ad
527 1385 566 1411 se
603 1374 801 1411 christiani
837 1374 967 1412 fideles
1003 1375 1160 1412 ueniant
1196 1375 1391 1413 blanditur
1426 1374 1506 1413 illis
1535 1387 1603 1422 per
1625 1376 1816 1414 oculorum
1836 1377 1875 1414 et

366 1442 508 1479 aurium
546 1442 791 1490 uoluptatem.
823 1443 1004 1481 Romulus
1026 1443 1146 1482 Conso
1183 1443 1292 1491 quasi
1321 1443 1469 1482 consilii
1501 1445 1569 1482 deo
1599 1445 1645 1482 ob
1673 1444 1874 1492 rapiendas

367 1510 522 1548 Sabinas
551 1510 736 1550 circenses
779 1511 923 1559 primus
960 1512 1218 1560 consecrauit,
1251 1513 1367 1552 ceteri
1406 1513 1579 1561 reliquis.
1618 1514 1705 1551 dum
1744 1515 1874 1552 urbem

364 1577 484 1617 fames
515 1582 746 1628 occupasset,
778 1581 825 1619 ad
853 1581 1135 1620 aduocationem
1167 1582 1297 1630 populi
1319 1582 1501 1630 adquisiti
1524 1584 1613 1620 sunt
1634 1583 1713 1621 ludi
1735 1579 1872 1621 scenici

456 1765 475 1800 1
503 1766 539 1798 et
563 1764 655 1798 nihil
680 1765 732 1800 Zv
825 1766 939 1811 geret]
965 1766 1059 1800 dicet
1083 1767 1117 1801 Z
1208 1767 1231 1803 2
1257 1768 1473 1802 conscientia
1497 1768 1538 1809 Z,
1564 1769 1741 1803 sententia
1766 1780 1834 1814 νμυ

363 1821 385 1855 3
411 1821 580 1865 quidquid
605 1822 718 1856 omnis
742 1823 813 1857 ista
838 1823 1014 1867 scriptura
1039 1824 1073 1858 Z
1209 1825 1383 1869 expectari
1407 1835 1454 1869 νμ
1594 1826 1779 1869 prohibuit
1804 1827 1839 1861 Z

362 1877 385 1911 4
410 1876 527 1921 inquit
551 1889 570 1912 r
708 1880 779 1914 ista
804 1890 869 1915 om.
895 1881 931 1914 Z
1058 1881 1213 1926 quando]
1240 1882 1414 1926 quomodo
1433 1883 1466 1917 Z
1594 1883 1774 1928 ydolatria
1797 1885 1833 1919 Z

361 1935 384 1969 5
407 1934 470 1970 hec
494 1935 585 1970 unde
608 1946 628 1970 r
774 1938 810 1972 et
834 1938 995 1972 leuitatis
1021 1949 1087 1973 om.
1113 1940 1147 1974 Z
1283 1941 1305 1974 6
1329 1942 1489 1975 monstra
1513 1941 1699 1986 uenerunt]
1725 1942 1871 1977 deuene-

363 1993 447 2026 runt
474 2003 491 2026 r
584 1993 602 2027 7
628 2004 697 2028 non
722 2005 766 2029 ex
790 1995 865 2030 sine
883 2009 907 2040 μ
925 2007 969 2030 m.
987 1998 1013 2031 2
1107 1998 1364 2042 consecratum]
1391 2000 1650 2033 sacramentum
1667 2013 1691 2044 μ
1787 2000 1872 2044 quid

368 2074 377 2082 .
398 2074 404 2081 .
429 2077 435 2082 .
459 2050 555 2094 fugit
581 2061 646 2086 om.
672 2052 706 2086 Z
840 2053 862 2088 8
887 2053 989 2098 facit]
1016 2055 1085 2088 erit
1109 2065 1129 2089 r
1268 2054 1353 2099 quid
1377 2055 1447 2090 loci
1473 2055 1506 2090 ei
1532 2056 1618 2100 quid
1643 2057 1705 2100 qui
1729 2058 1872 2101 scripsi,

363 2106 446 2149 quid
479 2107 576 2151 loqui
614 2109 674 2152 qui
699 2122 734 2153 μ,
775 2110 858 2153 quid
884 2111 946 2154 qui
970 2121 1000 2152 r,
1041 2112 1101 2155 qui
1135 2113 1259 2146 contra
1290 2104 1374 2147 dnfn
1408 2113 1680 2156 superstitiones
1712 2115 1874 2160 proprias

362 2164 466 2208 fingit
490 2165 550 2209 qui
576 2166 669 2209 quod
694 2167 726 2200 Z
890 2168 910 2201 9
928 2167 984 2212 de]
1010 2169 1045 2202 et
1070 2168 1111 2203 de
1136 2170 1170 2203 Z
1353 2170 1510 2204 criminis
1536 2171 1759 2206 uoluntatem
1785 2186 1810 2216 μ

363 2221 463 2265 quid]
490 2222 551 2265 qui
577 2223 609 2257 Z
722 2224 766 2258 10
792 2213 875 2259 dsff‘n
900 2225 932 2259 Z
1047 2227 1209 2270 expectat
1226 2239 1251 2271 μ
1368 2228 1538 2272 ceterum]
1564 2231 1657 2263 certe
1683 2240 1763 2264 cum
1780 2230 1812 2264 Z

362 2278 403 2311 11
431 2279 548 2313 omnia
575 2280 660 2315 haee
684 2281 737 2317 Zv
830 2282 1072 2326 imprudenter
1097 2294 1116 2317 r
1211 2284 1255 2318 12
1279 2284 1317 2318 in
1343 2295 1408 2319 om.
1435 2299 1460 2329 μ
1555 2287 1755 2330 spectaculo
1780 2288 1812 2322 Z

362 2335 405 2369 13
436 2347 470 2370 se
494 2337 601 2371 semel
627 2352 652 2382 μ
677 2350 712 2373 se
733 2349 760 2374 s.
787 2340 808 2375 l.
827 2351 870 2375 m.
894 2342 919 2374 2
1127 2343 1336 2377 renuntians
1362 2354 1427 2378 oms.
1456 2344 1504 2385 Ζ;
1536 2349 1654 2380 censet
1678 2346 1870 2391 legendum

362 2393 597 2429 renunciando
621 2400 686 2430 aut
711 2396 827 2431 loc-um
853 2408 925 2432 esse
951 2399 1116 2433 mutilum
1134 2399 1322 2434 Pccmelius
1416 2402 1544 2435 rescisa
1569 2415 1606 2447 μ,
1631 2402 1778 2437 remissa
1795 2404 1829 2437 Z

363 2449 406 2483 15
431 2451 653 2486 renunciauit
677 2453 710 2487 Z
865 2455 920 2499 ut]
946 2465 1051 2498 quam
1078 2457 1111 2490 Z
1270 2459 1386 2491 mater
1410 2459 1464 2492 est
1489 2460 1593 2503 quae]
1618 2461 1768 2493 matrem
1793 2460 1828 2494 Z

364 2506 409 2542 16
434 2506 553 2542 fideles
578 2519 642 2543 om.
668 2519 688 2543 r
852 2511 943 2556 illis]
968 2513 1086 2557 illosq.
1113 2514 1146 2547 Z
1317 2516 1354 2548 et
1378 2516 1531 2560 aurium]
1558 2516 1767 2561 auriumque
1793 2518 1827 2551 Z

363 2563 404 2596 17
436 2565 671 2610 uoluptatem]
697 2567 781 2602 add.
807 2568 856 2602 Z:
901 2569 1130 2613 amplectitur
1166 2581 1248 2605 nam
1448 2574 1567 2618 conso]
1593 2575 1717 2608 consul
1743 2576 1823 2620 Ζνμ

362 2622 462 2664 quasi
486 2623 621 2657 consuli
646 2623 708 2658 deo
733 2635 791 2669 νμ,
817 2636 881 2660 om.
909 2626 943 2660 Z
1103 2628 1145 2661 18
1171 2629 1276 2662 ceteri
1301 2630 1448 2673 reliquis
1472 2631 1613 2675 scripsi,
1639 2633 1762 2666 ceteris
1786 2633 1870 2667 reli-

361 2678 440 2721 quis
466 2689 520 2723 νμ,
554 2682 658 2714 ceteri
683 2682 809 2726 reliqui
836 2684 878 2725 Z,
911 2685 1065 2718 ceterum
1098 2686 1225 2729 reliqui
1250 2697 1271 2722 v
1280 2699 1288 2727 ;
1313 2688 1359 2730 cf.
1391 2689 1541 2724 Tertull.
1567 2689 1611 2724 de
1635 2695 1744 2735 spect.
1772 2701 1799 2726 c.
1825 2693 1866 2725 5.-

359 2737 396 2769 et
420 2737 526 2770 ceteri
553 2747 689 2781 quoque
713 2749 772 2782 per
792 2740 949 2775 ordinem
1050 2752 1129 2776 cum
1147 2743 1181 2776 Z
1273 2744 1392 2778 orbem
1410 2756 1457 2790 νμ
1560 2748 1603 2781 19
1620 2748 1867 2783 auocationem

364 2802 391 2832 υ,
423 2792 688 2830 aduocationem
714 2811 757 2826 --
783 2798 951 2832 solacium
978 2799 1023 2842 ef.
1055 2800 1201 2835 Tertull.
1230 2801 1395 2837 Patient.
1424 2806 1488 2845 11,·
1513 2804 1595 2839 Res.
1621 2807 1670 2840 26
1691 2816 1729 2850 p.
1749 2808 1823 2840 262

363 2850 495 2884 scenice
521 2851 554 2885 Z
