2032 3248
399 214 475 253 110
1018 212 1258 257 Appendix.

391 328 436 354 ex
471 319 541 355 hac
585 318 894 366 interpretatione
941 319 1131 356 nominum
1167 319 1435 367 intellegamus
1476 322 1639 358 montem
1680 322 1768 359 Sina
1809 333 1890 360 esse

391 388 579 424 terrenum
600 389 638 424 et
658 389 821 425 montem
844 387 931 425 Sion
952 399 1033 425 esse
1054 388 1266 425 caelestem.
1300 388 1526 436 spiritaliter
1554 389 1779 437 interpretat
1802 390 1890 428 Sina

389 447 602 502 ‘temptatio
624 458 777 493 aeterna
798 458 836 494 et
857 451 1006 502 odium'‚
1029 459 1066 494 et
1082 469 1187 494 mons
1205 457 1291 495 Sion
1305 449 1519 504 ‘temptatio
1537 458 1831 496 exacerbationis
1854 460 1891 497 et

390 515 624 571 speculatio.'
647 526 701 563 ita
718 525 954 574 intellegitur
970 539 1053 565 cum
1076 526 1167 564 dicit
1189 526 1377 576 [montem]
1399 527 1486 563 Sina
1506 518 1716 574 ‘temptatio
1738 528 1891 564 aeterna

391 596 428 631 et
466 588 615 640 odium',
657 606 698 632 eo
739 596 837 642 quod
873 607 917 633 ex
951 607 993 633 eo
1034 597 1158 633 monte
1194 596 1343 643 Moyses
1378 596 1498 642 legem
1533 596 1720 643 acceperit
1754 595 1891 643 populo
1906 611 1920 636 5

390 662 590 700 durissimo
626 664 664 700 et
699 663 920 701 contumaci.
952 675 1018 711 per
1053 675 1164 711 quam
1199 663 1322 710 legem
1342 663 1519 710 temptati
1541 674 1562 700 a
1582 662 1659 700 Deo
1682 665 1832 701 aeterno
1854 664 1891 700 et

391 731 535 769 inuenti
564 734 651 769 sunt
681 744 755 770 non
776 744 885 780 posse
906 733 1061 769 eandem
1081 732 1201 780 legem
1225 732 1410 770 sustinere
1430 732 1469 769 in
1490 733 1724 779 perpetuum,
1761 732 1891 770 exinde

389 800 466 838 Deo
503 800 541 837 in
577 801 659 838 odio
693 801 862 839 conuersi
899 802 999 838 sunt.
1031 801 1112 839 ideo
1141 801 1180 837 in
1211 801 1358 839 nomine
1379 801 1518 838 montis
1541 800 1628 837 Sina
1649 800 1746 837 unde
1768 800 1893 846 legem

390 871 611 916 acceperant
631 869 891 917 interpretatio
913 870 1074 908 nominis
1097 870 1312 917 designauit
1329 870 1510 917 populum
1530 870 1757 916 temptatum
1779 880 1801 906 a
1818 869 1891 907 Deo

389 940 428 975 et
454 938 492 975 in
520 940 670 976 aeterno
704 938 786 976 odio
816 950 899 976 esse
929 950 1149 976 conuersos:
1182 939 1262 976 ideo
1285 938 1376 976 dicit
1397 939 1485 976 Sina
1505 933 1716 985 ‘temptatio
1739 940 1892 975 aeterna
1906 953 1938 977 10

393 1008 430 1045 et
460 996 610 1044 odium³.
642 1007 852 1044 inuenimus
875 1007 973 1045 enim
994 1007 1033 1044 in
1056 1007 1254 1055 scripturis
1276 1019 1337 1045 eos
1360 1019 1442 1045 esse
1463 1019 1484 1044 a
1505 1007 1583 1044 Deo
1604 1007 1807 1053 temptatos
1838 1005 1892 1043 ita

390 1075 550 1123 positum
588 1074 733 1112 dicente
771 1076 927 1113 Domino
964 1076 1010 1112 ad
1046 1076 1222 1123 Moysen:
1271 1077 1408 1113 exeat
1452 1075 1659 1123 populus
1704 1074 1801 1112 iste
1847 1075 1892 1111 et

389 1144 635 1191 colligant
681 1144 778 1182 sibi
825 1145 1043 1182 diurnum
1089 1144 1136 1180 in
1176 1144 1317 1191 diem,
1364 1145 1410 1181 et
1447 1144 1695 1191 temptabo
1727 1154 1805 1181 eos
1837 1154 1892 1180 an

388 1213 584 1260 possint
613 1213 767 1260 legem
798 1224 942 1250 meam
973 1213 1225 1251 sustinere
1256 1225 1312 1251 an
1342 1224 1445 1250 non.
1487 1214 1524 1249 et
1555 1212 1731 1259 temptati
1761 1223 1782 1249 a
1812 1212 1890 1249 Deo

388 1293 455 1329 per
489 1281 612 1329 legem
643 1282 788 1318 inuenti
810 1283 898 1319 sunt
920 1282 967 1319 ab
990 1292 1033 1319 ea
1054 1282 1138 1329 lege
1160 1281 1287 1319 alieni.
1320 1281 1452 1319 exinde
1473 1281 1550 1319 Deo
1572 1281 1611 1318 in
1633 1281 1716 1319 odio
1738 1282 1888 1318 aeterno
1905 1297 1936 1321 ιε,

389 1350 560 1389 conuersi
595 1352 683 1387 sunt
713 1352 751 1388 et
787 1350 961 1397 conpleta
996 1352 1054 1388 est
1090 1350 1351 1397 interpretatio
1383 1350 1472 1387 Sina
1502 1349 1713 1388 manifesta.
1744 1360 1831 1387 uero
1854 1350 1891 1387 et

388 1418 555 1466 Moysen,
596 1429 662 1465 per
682 1430 753 1465 quo
775 1430 837 1456 eos
860 1419 958 1456 Deus
978 1429 1044 1465 per
1064 1418 1188 1466 legem
1209 1418 1426 1466 temptauit,
1450 1419 1488 1455 in
1509 1419 1644 1456 Latino
1666 1418 1892 1465 interpretat

388 1486 578 1533 similiter,
608 1487 754 1534 Moyses
774 1478 987 1534 ‘temptatio
1009 1487 1077 1524 Dei
1100 1489 1138 1525 et
1158 1477 1353 1533 inuentio',
1385 1499 1452 1535 per
1482 1499 1554 1534 quo
1576 1487 1751 1534 temptati
1773 1498 1794 1523 a
1814 1486 1890 1523 Deo

388 1554 534 1593 inuenti
555 1556 643 1592 sunt
663 1555 778 1592 alieni
800 1567 822 1592 a
846 1555 943 1602 legis
966 1556 1242 1602 obseruatione,
1272 1556 1354 1594 ideo
1374 1556 1413 1593 in
1435 1557 1627 1593 aeternum
1650 1555 1726 1593 Deo
1748 1555 1787 1592 in
1808 1555 1890 1592 odio

387 1623 558 1662 conuersi
579 1625 678 1661 sunt.
710 1624 808 1661 hunc
829 1624 954 1661 odium
974 1623 1014 1660 in
1034 1624 1116 1671 ipso
1138 1635 1274 1672 genere
1296 1625 1518 1662 Iudaeorum
1540 1624 1720 1671 scriptum
1742 1622 1889 1660 inueni·
1903 1642 1936 1668 20

388 1704 471 1730 mus
501 1692 649 1730 dicente
679 1692 786 1729 Isaac
808 1692 853 1730 de
875 1692 1019 1730 duobus
1041 1692 1130 1730 filiis
1152 1693 1230 1730 suis
1252 1693 1353 1730 Esau
1373 1693 1513 1731 maiore
1535 1694 1572 1730 et
1592 1693 1704 1730 Iacob
1726 1692 1887 1730 minore:

388 1760 529 1798 Iacob
560 1760 726 1805 dilexi,
759 1760 883 1797 Esau
914 1762 1070 1798 autem
1102 1762 1210 1799 odio
1242 1762 1401 1799 habui.
1443 1762 1567 1799 Esau
1597 1773 1709 1799 uero
1739 1760 1889 1799 maior

388 1829 578 1876 pilosus
622 1829 719 1866 fuit
762 1831 914 1875 totus,
971 1830 1115 1877 inquit,
1161 1831 1302 1877 quasi
1344 1830 1525 1869 corium
1571 1830 1802 1877 pilosum,
1850 1829 1889 1866 in

386 1898 507 1945 figura
541 1898 671 1946 populi
705 1898 856 1936 maioris
893 1898 932 1935 in
960 1898 1140 1946 inpietate
1176 1900 1398 1938 delictorum
1429 1911 1579 1937 suorum
1602 1898 1812 1937 constituti.
1845 1899 1889 1936 et

476 2044 519 2078 12
544 2043 608 2078 Ex.
635 2044 688 2085 16,
713 2043 747 2079 4.
885 2044 929 2078 22
954 2044 1037 2078 Mal.
1065 2046 1096 2087 1,
1121 2046 1152 2080 2.
1177 2045 1208 2079 3.
1250 2044 1334 2080 Gen.
1360 2045 1415 2086 25,
1440 2045 1496 2080 25.

477 2194 495 2227 1
522 2192 765 2237 intellegimus
793 2193 840 2227 M
930 2193 1049 2226 monte
1074 2192 1122 2234 Τ;
1148 2193 1230 2227 item
1256 2193 1279 2228 l.
1300 2195 1323 2227 2
1423 2193 1445 2227 2
1470 2193 1724 2236 interpretatur
1748 2191 1840 2236 Μμυ

384 2252 406 2285 3
430 2251 560 2295 odium]
587 2251 705 2285 odium
731 2249 1009 2285 exacerbationis
1035 2250 1083 2283 M
1292 2250 1580 2295 exacerbationis]
1608 2251 1770 2283 aeternae
1795 2249 1844 2282 M

385 2309 432 2352 et]
459 2326 507 2341 με
523 2309 573 2342 M
735 2308 758 2342 4
783 2307 1038 2352 speculationis
1063 2307 1112 2341 M
1278 2307 1411 2341 dicitur
1437 2318 1483 2352 μυ
1651 2308 1805 2340 montem
1830 2307 1882 2350 μῑ,

384 2366 502 2399 monte
527 2366 616 2406 ΜΤ,
641 2376 743 2399 mons
769 2366 811 2409 μ2
920 2366 1081 2398 aeternae
1106 2364 1156 2398 M
1275 2365 1297 2399 5
1322 2366 1440 2399 monte
1466 2376 1545 2408 exp.
1577 2364 1609 2398 Τ
1713 2364 1734 2398 6
1761 2364 1823 2397 alt.
1849 2364 1884 2396 et

385 2432 450 2456 om.
478 2433 524 2466 μυ
680 2423 702 2458 7
729 2423 877 2467 possunt
904 2422 937 2455 T
1085 2422 1107 2456 8
1133 2421 1210 2455 odio
1238 2422 1278 2462 T,
1304 2418 1423 2456 odium
1449 2422 1544 2466 Μμυ
1697 2421 1740 2455 1Ο
1764 2420 1883 2455 odium

383 2481 565 2513 aeternum
590 2490 610 2514 v
719 2489 923 2514 conuersum
947 2478 1035 2523 M²u
1151 2479 1284 2513 dicitur
1308 2491 1328 2514 v
1446 2480 1487 2513 11
1514 2481 1549 2513 et
1574 2480 1768 2522 temptatos
1793 2478 1840 2512 M

384 2537 427 2570 12
451 2547 606 2580 moysem
633 2550 657 2581 μ
797 2536 840 2570 13
864 2535 1012 2580 colligat
1036 2546 1057 2569 v
1195 2537 1239 2570 14
1263 2537 1376 2580 possit
1402 2550 1426 2580 μ
1558 2536 1601 2569 15
1626 2535 1743 2569 odium
1771 2537 1882 2569 aeter-

381 2604 466 2627 num
492 2606 538 2637 μυ
663 2594 704 2627 17
729 2604 790 2638 per
814 2603 918 2637 quem
943 2593 1055 2637 M²uv
1183 2594 1236 2627 ita
1260 2595 1515 2638 interpretatur
1539 2593 1612 2637 Μμ
1737 2593 1780 2626 18
1804 2594 1882 2626 ten-

381 2650 473 2684 tatio
497 2650 552 2684 dei
577 2660 620 2684 ex
643 2651 756 2684 tentio
786 2651 818 2685 Τ
1049 2661 1111 2694 per
1135 2661 1238 2694 quem
1264 2663 1311 2695 μυ
1563 2650 1605 2684 19
1631 2650 1694 2684 deo
1720 2661 1784 2684 om.
1811 2663 1836 2694 μ

381 2707 500 2741 odium
526 2707 590 2741 Mv
742 2708 787 2741 20
811 2708 875 2741 hoc
901 2707 964 2751 μύ
1125 2708 1167 2741 21
1185 2708 1358 2742 dicentem
1385 2708 1434 2742 M
1440 2713 1447 2731 ¹
1608 2707 1681 2741 suis
1706 2707 1791 2741 filiis
1815 2718 1836 2742 v

382 2765 529 2809 minore]
555 2764 673 2798 dicens
698 2764 780 2798 add.
806 2765 860 2807 M,
886 2764 1023 2798 dicente
1047 2764 1130 2799 add.
1161 2765 1193 2799 T
1335 2766 1381 2800 24
1403 2765 1441 2799 in
1466 2775 1531 2800 om.
1559 2764 1604 2799 M
1611 2765 1664 2808 Τμ
1803 2774 1882 2798 con-

381 2821 534 2854 stitutus
559 2821 607 2855 Μ
608 2821 664 2865 Τμ

2008 1788 2018 1849 ε

2008 1909 2017 2113 ἐ

2011 2152 2016 2174 l

2005 2890 2020 3248 i
