2032 3248
365 241 418 282 82
767 238 958 274 Arnobii
989 240 1203 274 aduersus
1235 239 1445 274 nationes

297 356 347 395 42
363 356 404 397 et
434 366 626 408 exponere
657 355 698 396 et
726 354 770 396 in
790 354 979 396 habitum
1009 355 1255 397 feminarum
1287 354 1532 408 deliciasque
1563 354 1745 397 molliri?
1791 354 1855 396 id-

362 425 465 466 circo
496 423 655 465 animas
684 423 820 474 misit,
852 424 899 465 ut
929 423 1092 465 uiarum
1123 423 1227 465 aliae
1257 423 1499 466 infestarent
1529 426 1710 473 meatus,
1751 423 1856 465 aliae

362 492 746 534 circumscriberent
776 493 946 542 nescios,
977 493 1224 534 testamenta
1245 494 1516 547 supponerent
1536 494 1650 543 falsa,
1682 504 1857 534 uenena-

361 563 423 602 tas
454 561 695 603 conficerent
725 561 922 615 potiones,
964 561 1105 603 domos
1137 562 1184 603 ut
1216 561 1478 616 effringerent
1508 562 1708 612 noctibus,
1740 560 1856 602 solli-

357 631 531 672 citarent
576 630 792 685 abigerent
843 630 1223 684 praeuaricarentur
1275 632 1315 672 et
1369 631 1606 685 proderent,
1664 641 1855 683 saporum
1886 646 1901 671 ⁵

360 699 529 742 fastidia
559 700 605 741 ut
635 700 870 741 excuterent
900 700 1049 753 palato,
1080 700 1127 741 ut
1158 700 1199 741 in
1232 700 1451 753 coquendis
1479 699 1668 742 altilibus
1689 699 1856 753 pingui-

359 768 547 810 tudinem
593 768 759 811 nossent
803 769 978 810 retinere
1024 768 1254 819 labentem,
1299 769 1346 810 ut
1390 768 1566 821 spirulas
1610 770 1651 810 et
1695 768 1856 810 botulos

359 838 555 888 facerent,
608 837 725 880 isicia
771 838 1080 880 castellamenta
1126 837 1315 880 lucanica
1353 838 1604 879 suminatam
1616 862 1628 893 x,
1654 850 1748 879 cum
1792 836 1856 878 his

360 919 524 949 carnem
556 907 597 948 et
627 906 821 960 glacialia
853 906 1087 949 conditione
1118 908 1312 949 tucceta?
1353 906 1502 948 idcirco
1535 906 1695 948 animas
1727 905 1855 956 misit,

359 978 406 1018 ut
436 988 499 1017 res
530 975 663 1018 sancti
693 977 815 1029 atque
847 976 1134 1031 augustissimi
1155 975 1336 1018 nominis
1358 975 1668 1030 symphoniacas
1690 976 1857 1029 agerent
1870 990 1903 1015 lo

359 1047 400 1087 et
437 1044 705 1087 fistulatorias
745 1045 811 1087 hic
852 1046 984 1095 artes,
1031 1046 1079 1086 ut
1118 1044 1310 1087 inflandis
1351 1045 1544 1087 bucculas
1582 1044 1858 1086 distenderent

360 1114 489 1165 tibiis,
522 1113 781 1156 cantionibus
821 1114 868 1155 ut
897 1114 1103 1167 praeirent
1133 1114 1331 1167 obscenis,
1364 1125 1597 1155 numerosos
1628 1114 1675 1155 ut
1704 1113 1858 1155 cierent

359 1182 622 1225 scabillorum
644 1183 1025 1236 concrepationibus
1046 1194 1220 1233 sonores,
1252 1183 1398 1236 quibus
1421 1183 1653 1224 animarum
1675 1181 1756 1224 alia
1774 1181 1857 1224 las-

361 1251 513 1294 ciuiens
543 1252 769 1302 multitudo
800 1251 1093 1305 incompositos
1125 1264 1336 1306 corporum
1367 1252 1662 1294 dissolueretur
1696 1251 1738 1292 in
1768 1263 1857 1293 mo-

249 1322 271 1357 f.
286 1323 346 1356 48¹³
360 1322 448 1371 tus,
494 1320 703 1362 saltitaret
741 1322 782 1362 et
811 1321 1017 1371 cantaret,
1058 1323 1173 1364 orbes
1213 1321 1449 1363 saltatorios
1479 1321 1658 1362 uerteret
1694 1319 1699 1375 1
1736 1321 1776 1363 et
1807 1319 1858 1362 ad
1873 1335 1902 1360 15

359 1389 556 1431 ultimum
602 1389 793 1432 clunibus
832 1390 873 1431 et
910 1390 1198 1432 coxendicibus
1229 1390 1459 1432 subleuatis
1490 1389 1725 1431 lumborum
1757 1389 1858 1430 oris-

358 1458 542 1512 pitudine
588 1458 838 1501 fluctuaret?
876 1458 1028 1501 idcirco
1070 1458 1227 1501 animas
1258 1458 1393 1510 misit,
1426 1460 1472 1499 ut
1502 1458 1544 1500 in
1574 1457 1757 1500 maribus
1789 1452 1871 1498 ex-'

358 1527 496 1577 soleti,
538 1527 581 1569 in
625 1527 789 1570 feminis
837 1527 984 1569 fierent
1029 1528 1266 1569 meretrices
1305 1526 1612 1569 sambucistriae
1648 1526 1856 1579 psaltriae,

359 1596 521 1638 uenalia
550 1597 598 1638 ut
626 1596 928 1649 prosternerent
972 1608 1153 1649 corpora,
1201 1596 1410 1638 uilitatem
1447 1596 1511 1637 sui
1541 1595 1688 1649 populo
1718 1594 1856 1649 publi-

359 1666 511 1716 carent,
541 1664 584 1706 in
605 1664 873 1718 lupanaribus
894 1666 1118 1719 promptae,
1151 1665 1192 1706 in
1214 1664 1437 1707 fornicibus
1458 1664 1615 1715 obuiae,
1647 1663 1751 1705 nihil
1771 1663 1857 1716 pati
1871 1681 1903 1706 20

295 1737 345 1776 43
360 1734 574 1776 renuentes
591 1734 632 1775 et
648 1733 699 1775 ad
717 1733 796 1775 oris
813 1746 903 1775 aere
926 1735 1167 1788 conparatae
1183 1734 1567 1788 constuprationem.
1591 1733 1690 1786 quid
1707 1732 1856 1782 dicitis,

358 1815 380 1844 o
410 1802 572 1845 suboles
603 1815 650 1845 ac
678 1803 802 1856 primi
833 1803 1048 1858 progenies
1087 1803 1297 1845 numinis?
1343 1815 1488 1857 ergone
1526 1803 1729 1855 sapientes
1760 1802 1858 1844 illae

357 1874 479 1926 atque
512 1885 558 1914 ex
588 1872 722 1915 causis
754 1871 1051 1925 principalibus
1081 1872 1265 1926 proditae
1295 1884 1443 1926 genera
1462 1871 1561 1913 haec
1582 1872 1743 1913 animae
1764 1872 1854 1912 tur-

358 1941 596 1994 pitudinum
634 1941 857 1983 criminum
900 1940 1237 1994 malitiarumque
1275 1942 1475 1982 nonerunt
1513 1942 1635 1993 atque
1668 1941 1714 1981 ut
1746 1951 1858 1981 exer-

406 2135 425 2168 1
449 2135 620 2178 deponere
653 2134 721 2169 Urs
848 2133 986 2168 mollire
1012 2133 1084 2168 Sab
1212 2134 1232 2168 6
1257 2133 1418 2168 altilibus
1450 2134 1536 2169 Urs:
1561 2133 1707 2168 alitibus
1732 2134 1768 2169 P

360 2192 377 2226 7
405 2191 556 2236 spirulas
576 2192 667 2226 Sab:
693 2191 843 2235 spiculas
862 2191 898 2225 P
1011 2192 1032 2225 S
1057 2191 1273 2225 suminatam
1295 2191 1380 2226 Gel:
1407 2191 1680 2225 suamminatam
1699 2191 1734 2226 P
1757 2202 1856 2225 suam

358 2249 518 2283 innatam
544 2249 614 2283 sab
638 2249 892 2283 summinatam
916 2258 936 2282 r
1026 2249 1047 2283 9
1072 2248 1239 2293 glacialia
1256 2249 1463 2283 Meursius:
1488 2248 1632 2292 glacilia
1650 2248 1685 2282 P
1710 2248 1857 2292 glaciali

366 2305 434 2341 Get
586 2306 629 2341 10
654 2305 919 2350 symphoniacas
944 2305 1064 2340 Salon.-
1104 2305 1315 2350 symfonicas
1340 2307 1376 2340 P
1523 2306 1566 2340 12
1590 2316 1793 2339 numerosos
1817 2307 1857 2340 ut

360 2362 492 2397 cierent
516 2363 661 2405 (cierent
690 2363 886 2407 Vahlenus)
911 2363 1060 2407 scripsi:
1100 2362 1352 2397 numerosiaeter
1384 2365 1420 2397 et
1444 2363 1480 2397 P
1501 2373 1664 2397 numeros
1696 2363 1763 2398 Urs
1793 2373 1857 2396 nu-

360 2430 510 2454 merosos
536 2419 704 2454 iterarent
730 2419 830 2454 Sazm
970 2420 1012 2454 13
1030 2421 1164 2454 sonoris
1184 2420 1255 2455 Sab
1387 2420 1547 2454 lasciuies
1566 2421 1597 2452 P
1727 2421 1769 2455 15
1787 2420 1856 2454 sal—

359 2475 484 2511 titaret
509 2478 544 2511 et
569 2478 728 2511 cantaret
747 2476 838 2511 Sab:
868 2477 1031 2511 saltitare
1056 2478 1092 2510 et
1109 2479 1249 2511 cantare
1267 2477 1302 2511 P
1440 2477 1482 2511 16
1507 2476 1750 2511 coxendicibus
1768 2477 1857 2512 Sab:

360 2533 624 2568 consendicibus
650 2534 686 2568 P
834 2534 876 2568 17
900 2533 1087 2569 fluctuaret
1113 2534 1204 2569 Sab:
1229 2535 1399 2569 fluctuare
1423 2535 1459 2569 P
1600 2536 1643 2570 18
1667 2534 1857 2569 sambucis-

359 2590 449 2624 triae
476 2591 567 2625 Sab:
592 2591 842 2626 ambucistriae
867 2593 905 2635 (u
922 2602 966 2640 ex
983 2591 1010 2636 i)
1036 2592 1071 2626 P
1207 2592 1375 2636 psaltriae
1403 2592 1494 2628 Sab:
1517 2593 1708 2636 psalteriae
1733 2593 1767 2626 P

362 2648 403 2682 19
421 2648 676 2692 prostituerent
707 2649 777 2683 Urs
914 2648 1093 2683 uilitatem
1116 2649 1205 2683 Urs:
1229 2649 1437 2684 uirilitatem
1456 2650 1492 2684 P
1514 2650 1712 2684 utilitatem
1729 2651 1857 2685 Meur-

360 2705 435 2739 sius
563 2705 609 2739 20
626 2705 750 2740 obuiae
775 2706 861 2741 Urs.-
885 2705 1026 2740 obuitae
1043 2706 1077 2739 P
1094 2705 1256 2740 obuictae
1276 2706 1349 2741 Sab
1364 2706 1551 2741 obuinctae
1571 2706 1636 2741 Gel
1761 2707 1803 2741 21
1823 2710 1858 2741 et

361 2772 415 2796 om
442 2761 514 2797 Sab
652 2763 771 2798 adoris
798 2764 868 2799 Sab
1007 2774 1084 2799 aere
1107 2765 1255 2808 scripsi.-
1288 2764 1375 2799 sacri
1399 2764 1434 2798 P
1458 2766 1619 2808 stuprum
1653 2764 1717 2799 Get
1741 2764 1856 2808 spurci

361 2819 419 2853 uel
435 2818 532 2853 flacci
552 2819 706 2855 Zinkius
841 2823 982 2866 paratae
1006 2821 1072 2856 θεῖ
1208 2821 1528 2866 constuprationem
1546 2822 1696 2865 scripsi:
1720 2832 1856 2866 compa-

361 2876 499 2910 ratione
524 2877 560 2911 P
583 2886 639 2912 om
662 2877 733 2912 Sab
770 2878 1025 2923 stuprationem
1057 2877 1156 2914 Salm
1192 2879 1515 2923 conspumationem
1547 2877 1856 2914 Hildebrandius:

361 2933 529 2969 lacunam
552 2934 700 2979 siynare
723 2935 863 2971 mauult
887 2935 1040 2971 Zinkius
