2032 3248
357 236 437 278 158
758 231 949 267 Arnobii
982 231 1194 266 aduersus
1227 230 1440 265 nationes

353 347 555 404 copulatis
601 346 836 400 corporibus
882 345 1136 400 uoluptates,
1184 344 1371 400 Iuppiter
1414 343 1486 387 1116
1523 344 1728 387 maximus
1766 357 1846 387 non

353 421 470 470 esset,
503 418 544 459 et
573 428 701 470 usque
731 414 784 457 ad
813 414 886 457 hos
917 414 1004 456 dies
1035 417 1076 457 et
1106 427 1244 468 regem
1273 414 1444 456 numina
1473 426 1551 456 non
1578 413 1776 456 haberent
1806 414 1847 456 et

260 499 339 534 f.89
353 488 514 530 caelum
545 485 633 527 sine
663 484 826 527 domino
858 483 1016 526 staret?
1062 484 1102 526 et
1133 483 1231 537 quid
1261 483 1402 525 Iouem
1433 483 1634 526 miramur
1663 496 1709 525 ex
1744 482 1750 538 Ι
1785 482 1845 525 fe-

351 556 489 599 minae
529 554 704 596 effusum
739 553 931 595 dictitare
969 564 1041 595 uos
1083 553 1196 604 aluo,
1243 552 1403 606 quando
1433 552 1616 594 auctores
1647 551 1775 595 uestri
1807 551 1847 594 et

351 624 554 666 nutricem
592 622 784 665 habuisse
824 621 1087 664 conscribunt
1137 622 1178 663 et
1223 633 1271 663 ex
1308 621 1433 663 alieni
1473 621 1609 663 uberis
1650 621 1847 664 alimonia
1877 636 1893 661 ⁵

352 706 446 736 mox
475 692 675 735 traditam
712 691 930 734 retinuisse
967 691 1129 732 uitam?
1174 689 1273 744 quid
1310 690 1448 732 dicitis
1478 703 1500 733 0
1531 690 1642 732 uiri?
1687 701 1846 744 ergone,

351 763 504 804 iterum
537 762 683 812 dicam,
715 761 861 803 tonans
893 759 1057 814 fulgens
1088 762 1129 801 et
1158 758 1382 802 fulminans
1403 759 1443 801 et
1472 758 1616 801 nubila
1644 758 1848 801 terribilia

351 832 579 873 conducens
629 829 738 872 suxit
775 829 931 871 fluenta
966 841 1262 880 mammarum,
1302 828 1492 883 uagitum
1529 828 1677 879 edidit,
1721 827 1849 882 repsit

351 902 475 954 atque
513 901 560 941 ut
595 898 739 941 fletum
781 898 996 951 exponeret
1039 897 1298 951 ineptissime
1343 897 1542 948 tractum,
1590 896 1848 951 crepitaculis

351 968 528 1011 obticuit
557 968 709 1010 auditis
741 967 782 1009 et
809 968 859 1009 ad
889 979 1051 1021 somnos
1082 966 1275 1009 inductus
1306 966 1432 1009 estin
1453 966 1711 1009 mollissimis
1733 967 1847 1010 cunis
1862 980 1895 1006 ιο

349 1038 487 1080 iacens
518 1038 560 1080 et
590 1037 760 1079 uocibus
791 1036 994 1079 delenitus
1025 1035 1243 1078 infractis?
1288 1048 1310 1077 0
1341 1035 1508 1077 deorum
1545 1036 1720 1078 adsertio
1751 1036 1846 1078 reli-

351 1107 485 1162 giosa,
516 1119 538 1148 o
572 1105 862 1159 amplitudinis
893 1105 1135 1147 metuendae
1166 1104 1444 1147 uenerabilem
1474 1105 1705 1147 monstrans
1727 1105 1849 1159 atque

348 1176 562 1218 insinuans
594 1174 859 1230 dignitatem!
893 1174 1019 1216 sicine
1041 1174 1147 1227 apud
1167 1185 1252 1224 uos,
1287 1186 1446 1226 quaeso,
1468 1187 1734 1228 supernarum
1754 1187 1848 1217 nas-

350 1245 459 1287 citur
489 1244 711 1296 eminentia
741 1244 1016 1297 potestatum,
1058 1243 1122 1284 his
1152 1243 1194 1284 in
1224 1243 1360 1285 lucem
1389 1243 1590 1296 prodeunt
1620 1244 1848 1299 generatio-

348 1314 468 1356 nibus
508 1313 566 1355 dii
604 1313 731 1355 uestri
775 1312 924 1366 quibus
969 1312 1074 1355 asini
1120 1311 1231 1366 porci
1275 1324 1414 1363 canes,
1461 1312 1609 1366 quibus
1654 1312 1849 1356 inmunda
1862 1328 1894 1355 15

349 1383 447 1424 haec
477 1382 610 1424 omnis
642 1382 905 1435 conceptatur
935 1382 976 1423 et
1004 1381 1171 1436 genitur
1190 1382 1446 1423 terrenarum
1467 1382 1674 1435 proluuies
1695 1382 1848 1424 bestia-

282 1449 334 1490 22
350 1454 471 1493 rum?
492 1464 565 1493 nec
586 1451 765 1493 contenti
786 1451 859 1493 hos
881 1453 1018 1493 coetus
1039 1450 1240 1505 grauitati
1263 1451 1499 1493 attribuisse
1521 1450 1746 1503 Saturniae,
1770 1451 1848 1494 eti-

348 1534 416 1563 am
436 1522 573 1575 ipsum
594 1533 732 1576 regem
754 1520 898 1562 mundi
918 1519 1161 1574 flagitiosius
1190 1520 1339 1561 liberos
1360 1532 1590 1573 procreasse
1618 1533 1740 1573 quam
1762 1520 1848 1575 ipse

349 1592 410 1631 est
431 1591 553 1631 natus
575 1590 696 1642 atque
718 1590 852 1631 editus
873 1589 1131 1642 praedicatis.
1173 1603 1219 1631 ex
1240 1589 1486 1643 Hyperiona,
1509 1590 1694 1645 inquitis,
1717 1590 1848 1632 matre

347 1658 389 1699 et
410 1671 456 1700 ex
476 1659 574 1701 Ioue
594 1658 817 1700 iaculatore
838 1658 1027 1700 fulminis
1044 1657 1114 1700 Sol
1136 1671 1281 1700 aureus
1304 1659 1346 1700 et
1361 1657 1706 1712 flagrantissimus
1727 1659 1848 1702 natus
1861 1672 1895 1699 20

348 1729 429 1769 est:
453 1740 499 1769 ex
519 1728 677 1770 Latona
697 1728 738 1769 et
759 1727 900 1769 eodem
923 1727 1184 1780 arquitenens
1205 1727 1347 1769 Delius
1369 1728 1409 1769 et
1430 1728 1630 1770 siluarum
1652 1728 1848 1783 agitatrix

348 1796 504 1838 Diana:
553 1809 598 1838 ex
628 1797 738 1838 Leda
776 1796 817 1838 et
855 1796 993 1838 eodem
1028 1793 1307 1853 [arquitenens
1337 1796 1480 1839 Delius
1513 1798 1554 1838 et
1585 1797 1799 1852 siluarum]
1826 1822 1848 1843 ᾖ

347 1878 491 1919 graece
513 1866 716 1908 Dioscoris
748 1878 895 1907 nomen
927 1867 1006 1908 est:
1040 1879 1086 1907 ex
1108 1866 1309 1908 Alcmena
1339 1867 1380 1908 et
1401 1866 1540 1908 eodem
1560 1867 1755 1909 Hercules
1776 1866 1847 1909 1116

349 1934 579 1989 Τ11611611116,
598 1947 717 1988 quem
735 1935 853 1977 claua
870 1935 1068 1988 pellisque
1084 1935 1222 1976 tutata
1238 1937 1350 1977 sunt:
1370 1948 1423 1977 ex
1441 1934 1602 1978 Semela
1619 1936 1739 1989 atque
1758 1935 1846 1988 ipso

347 2003 479 2056 Liber,
513 2004 582 2057 qui
604 2004 796 2046 Bromius
828 2003 978 2046 dicitur
1000 2006 1041 2046 et
1063 2016 1109 2045 ex
1130 2004 1282 2045 femine
1304 2004 1457 2046 iterum
1479 2007 1599 2047 natus
1620 2006 1768 2058 patris:
1800 2018 1848 2047 ex
1860 2019 1892 2045 25

347 2072 433 2126 ipso
455 2085 595 2114 rursus
618 2075 658 2115 et
674 2073 785 2115 Maia
801 2072 1028 2114 Mercurius
1045 2085 1111 2115 ore
1128 2072 1326 2115 facundus
1343 2074 1385 2115 et
1404 2074 1585 2129 gestator
1601 2073 1846 2116 adfabilium

384 2291 413 2324 ’3
433 2301 489 2324 *cx
507 2290 542 2323 P
652 2291 693 2324 in
711 2302 769 2335 my
793 2290 821 2327 ἓ
841 2291 868 2328 ἒ
988 2291 1031 2324 10
1049 2291 1252 2325 11101166111116
1266 2292 1301 2325 P
1415 2291 1456 2324 12
1473 2290 1706 2334 amplitudnis
1722 2291 1757 2325 P

348 2347 391 2381 16
415 2347 579 2391 gignitur
605 2348 677 2381 Sab
841 2347 1017 2392 prolubies
1042 2348 1076 2382 P
1229 2348 1407 2382 bostarum
1433 2349 1469 2382 P
1630 2348 1671 2382 17
1697 2349 1792 2383 conti
1816 2349 1853 2383 P

347 2415 428 2438 corr
445 2416 462 2437 c
593 2406 722 2450 coctus]
743 2413 839 2438 ortus
865 2406 932 2440 Urs
1070 2407 1109 2439 m
1128 2418 1182 2450 ml!
1205 2406 1234 2440 1?-
1373 2408 1415 2440 18
1433 2416 1608 2450 proceasse
1626 2407 1661 2439 P
1674 2416 1755 2440 corr

345 2472 543 2505 procreasse
570 2464 693 2496 natum
719 2464 823 2506 atquc
848 2463 981 2497 editum
1012 2463 1222 2507 praedicatis
1249 2464 1318 2497 Sab
1466 2464 1504 2497 19
1529 2463 1696 2507 yper-iona
1722 2464 1757 2497 P

346 2518 391 2552 20
408 2519 565 2552 fluminis
582 2520 616 2551 P
631 2531 712 2554 coro·
828 2519 1126 2562 flagrantissimus
1144 2520 1216 2554 Sccb
1235 2521 1274 2553 in
1292 2530 1369 2554 err:
1394 2519 1703 2564 fragrantissimus
1722 2519 1757 2552 P

346 2576 389 2609 21
407 2576 552 2619 platona
570 2578 605 2611 P
621 2587 702 2611 corr
827 2578 1011 2622 agitatrix]
1030 2577 1226 2612 habitatrix
1245 2579 1303 2612 uel
1321 2578 1472 2611 ferarum
1490 2576 1663 2621 agitatrix
1687 2576 1754 2611 Urs

347 2633 390 2666 22
404 2634 619 2677 arquitenens
634 2635 669 2668 P
763 2635 989 2678 arquitenens
1007 2635 1118 2669 delius
1137 2637 1171 2669 et
1188 2635 1359 2668 siluarum
1374 2646 1428 2668 01η.
1443 2635 1525 2676 διώ,
1545 2634 1725 2678 εκμιηθείΐ
1738 2643 1756 2667 r

346 2689 517 2724 lacunam
541 2692 703 2735 siynauit
732 2692 823 2725 Sub:
849 2692 1073 2726 intercidisse
1093 2696 1200 2736 putat
1231 2692 1295 2727 Gcl
1319 2692 1446 2736 quibus
1481 2692 1547 2726 Urs
1572 2692 1744 2733 Castores,
1770 2690 1844 2734 qui-

347 2746 413 2781 bus
438 2748 618 2792 Riqaltius
643 2748 867 2793 Tyndaridae
893 2749 1057 2783 Castores
1082 2750 1209 2793 quibus
1347 2750 1390 2783 23
1416 2748 1550 2782 herculi
1574 2749 1608 2782 P
1625 2759 1707 2782 corr
1724 2750 1753 2782 θ’

346 2804 391 2838 24
414 2805 605 2839 thebamus
632 2807 667 2840 P
835 2808 975 2840 tutatae
1001 2807 1071 2841 Sub
1237 2806 1372 2841 Semela
1398 2806 1483 2848 Sal),
1510 2816 1548 2839 r.-
1586 2806 1695 2839 6111616
1720 2806 1755 2840 P

347 2862 391 2896 25
415 2863 450 2895 et
475 2872 512 2895 ex
538 2862 668 2897 femine
693 2863 822 2898 iterum
846 2866 950 2898 natus
975 2864 1084 2908 patris
1111 2875 1166 2898 om
1191 2863 1262 2898 Sal>
1399 2862 1548 2897 feminae
1574 2863 1610 2897 P
1634 2873 1715 2898 corr
