2032 3248
168 1969 268 1996 Editio

132 2016 309 2043 Pamelianu.

321 216 491 245 LXXXII

322 307 470 348 multis
486 318 566 349 non
581 308 730 360 posset,
755 320 850 349 eum
866 307 1117 350 omissurum
1138 307 1266 350 fuisse
1282 320 1363 350 non
1378 309 1611 361 putandum
1633 310 1707 351 est.
1733 309 1839 351 Tur-

321 381 449 424 nebus
466 382 646 436 epistula
658 381 851 424 Carolum
871 395 1025 425 nonum
1041 383 1088 424 ut
1099 394 1267 425 uxorem
1284 382 1515 436 liberosque
1532 395 1631 437 quos
1648 383 1838 425 doctissi-

322 469 416 498 mus
436 457 718 512 typographus
740 457 881 512 inopes
902 457 1139 511 reliquisset
1161 458 1349 500 adiuaret
1370 458 1485 499 enixe
1501 459 1690 511 precatus
1709 459 1757 500 de
1773 458 1839 500 his

322 531 444 573 rebus
473 531 685 585 disputare
714 532 958 587 supersedit,
989 544 1062 574 nec
1092 533 1312 586 quisquam
1342 532 1449 574 alius
1470 532 1513 574 in
1533 533 1638 574 hanc
1665 546 1754 575 rem
1774 533 1839 575 in-

324 606 572 659 quirendum
585 619 673 649 esse
684 607 852 662 putauit
864 623 872 658 ;
885 607 994 661 quod
1007 608 1042 649 si
1053 607 1212 649 factum
1226 608 1345 659 esset,
1358 608 1535 661 proximi
1549 608 1723 650 editores
1736 609 1841 650 hanc

326 680 552 723 editionem
579 694 660 724 non
680 682 742 724 ita
762 682 1054 737 neglexissent.
1084 682 1374 737 integritatem
1405 682 1492 724 eius
1514 682 1627 725 solus
1648 682 1837 725 Pruden-

324 755 410 798 tius
428 756 625 799 Maranus
646 758 756 799 recte
778 757 1022 799 aestimauit
1039 757 1082 799 in
1098 757 1348 799 Baluzianae
1370 757 1565 799 editionis
1586 756 1840 811 praefatione

327 831 529 874 scribens:
566 831 692 874 editio
720 832 826 873 satis
854 834 1057 874 accurata
1084 834 1143 873 est
1162 845 1212 874 ac
1232 832 1282 874 in
1303 832 1462 884 inultis,
1497 845 1603 885 quac
1617 845 1842 885 perperam

324 905 374 947 in
393 906 657 959 sequentibus
686 906 940 948 editionibus
970 909 1136 948 mutata
1163 908 1352 960 fuerant,
1383 921 1476 949 cuin
1506 907 1713 949 codicibus
1744 919 1842 948 inss.

327 981 543 1023 consentit.
576 981 642 1022 1111
671 981 780 1023 enim
810 981 1119 1023 recentissimos
1149 981 1307 1023 codices
1336 982 1615 1036 respexerunt,
1644 982 1842 1024 Morelius

326 1054 372 1097 in
406 1055 643 1111 digerendis
676 1057 718 1098 et
748 1056 1015 1098 emendandis
1052 1056 1242 1110 operibus
1278 1056 1529 1099 uetustiores
1566 1057 1731 1099 secutus
1767 1057 1843 1099 est.

329 1130 454 1184 atque
503 1130 670 1173 libellos
719 1131 913 1173 undecim
960 1132 1127 1185 primos,
1178 1132 1354 1174 insertas
1405 1131 1463 1174 eis
1512 1131 1712 1186 epistulas
1759 1132 1844 1174 tres

330 1204 414 1259 (37.
447 1205 516 1248 38.
553 1206 637 1259 10),
671 1206 892 1248 Prudentii
927 1219 1072 1248 uersus
1102 1207 1143 1248 et
1171 1219 1337 1248 carmen
1370 1205 1566 1255 Qualiter
1600 1208 1842 1247 sanctorum

327 1283 567 1334 martyrum
585 1280 799 1334 Cypriani
816 1281 988 1334 Sperati
1001 1281 1283 1323 Pantalconis
1303 1284 1372 1324 etc.
1396 1293 1443 1322 ex
1462 1281 1599 1323 codice
1615 1280 1843 1323 Parisiensi

333 1355 442 1397 1647
465 1356 516 1398 A.
543 1355 626 1412 (P),
658 1356 835 1398 alteram
865 1369 1035 1411 operum
1056 1358 1219 1410 partem
1239 1357 1336 1399 inde
1359 1357 1410 1398 ab
1432 1357 1613 1411 epistula
1635 1357 1691 1399 60
1711 1369 1841 1410 usque

331 1430 382 1472 ad
413 1431 436 1472 7
469 1443 516 1472 ex
538 1430 854 1484 Compendiensi
883 1431 953 1488 (E)
984 1432 1207 1474 immutato
1240 1431 1323 1474 fere
1354 1432 1507 1483 ordine,
1544 1433 1653 1475 inter
1683 1432 1844 1485 reliqua

331 1505 532 1559 epistulas
554 1505 727 1548 rariores
748 1507 871 1559 atque
892 1518 995 1559 quae
1015 1507 1197 1548 nondum
1219 1507 1331 1548 edita
1351 1507 1468 1549 erant
1488 1508 1529 1548 et
1551 1507 1750 1560 epistulas
1772 1507 1840 1548 21.

328 1580 397 1622 22.
421 1580 446 1621 8
468 1581 510 1622 et
531 1581 728 1634 opuscula
749 1580 889 1635 spuria
910 1581 1091 1635 quinque
1113 1594 1160 1623 ex
1189 1581 1326 1623 codice
1347 1581 1478 1623 Paris.
1505 1582 1627 1632 1648,
1661 1581 1843 1623 carmina

330 1668 378 1696 ex
394 1655 532 1697 codice
547 1654 755 1698 Victorico
772 1656 857 1698 380
872 1656 1180 1698 accuratissime
1197 1656 1417 1709 descripsit
1434 1657 1476 1698 et
1492 1655 1741 1697 emendauit.
1764 1655 1846 1697 ita-

331 1741 410 1782 que
426 1729 654 1771 Moreliana
674 1730 858 1784 reliquas
875 1730 962 1772 tam
979 1731 1222 1786 integritate
1243 1732 1410 1784 superat
1427 1743 1551 1784 quam
1572 1730 1850 1772 recentiorum

332 1804 521 1847 codicum
568 1805 829 1860 plebeculam
870 1806 920 1848 ab
962 1806 1262 1848 uetustioribus
1303 1805 1462 1848 uirtute
1503 1805 1686 1860 superari
1727 1817 1850 1896 supra

335 1880 665 1923 demonstratum
688 1882 762 1923 est.

391 1954 607 2009 Optimam
635 1955 799 1998 Morelii
829 1955 1053 1998 editionem
1083 1955 1264 2008 pessima
1283 1954 1463 1996 Pamelii
1491 1955 1634 1996 secuta
1664 1954 1739 1995 est.
1777 1953 1848 2006 qui

335 2043 430 2073 cum
459 2032 676 2086 conplures
705 2043 832 2073 annos
862 2031 947 2073 iam
976 2030 1073 2072 huic
1102 2030 1161 2071 rei
1183 2042 1350 2083 operam
1370 2030 1576 2079 nauasset,
1607 2028 1851 2069 Manutiana

336 2107 378 2148 et
412 2106 642 2148 Moreliana
683 2107 826 2148 eodem
861 2105 947 2148 fere
982 2107 1166 2159 tempore
1207 2104 1393 2159 uulgatis
1433 2103 1611 2146 maxime
1649 2102 1850 2144 incitatus

336 2179 531 2236 Cypriani
553 2193 674 2234 opera
694 2180 967 2234 Antwerpiae
989 2179 1121 2222 edidit
1143 2192 1178 2221 a.
1205 2179 1336 2228 15683
1365 2191 1445 2232 qua
1465 2179 1508 2219 111
1529 2191 1572 2219 re
1593 2177 1637 2219 id
1658 2176 1850 2230 inprimis

336 2256 416 2298 sibi
445 2257 660 2310 proposuit
681 2258 730 2298 ut
755 2256 956 2310 epistulas
978 2257 1214 2308 temporum
1234 2254 1500 2308 potissimum
1522 2252 1669 2294 habita
1690 2251 1849 2293 ratione

338 2344 383 2373 eo
405 2331 546 2374 ordine
568 2344 647 2384 quo
668 2344 692 2373 a
714 2330 917 2385 Cypriane
940 2330 1118 2384 scriptae
1139 2330 1382 2383 acceptaeue
1404 2328 1595 2377 fuissent,
1627 2326 1849 2368 exhiberet.

338 2404 530 2447 distinxit
564 2406 698 2448 tomos
734 2407 818 2447 tres
856 2416 1032 2458 quorum
1066 2404 1228 2458 primus
1266 2403 1466 2458 epistulas
1502 2401 1771 2454 amplectitur
1806 2401 1851 2441 in

336 2480 475 2533 plures
516 2480 665 2523 classes
707 2480 875 2522 diuisas.
917 2480 1096 2533 primam
1139 2478 1400 2521 constituunt
1436 2476 1664 2529 Epistulae
1704 2475 1850 2516 statim

336 2567 364 2595 a
398 2554 602 2606 baptismo
629 2553 856 2612 'Cypriani
895 2554 1174 2606 conscriptae:
1213 2554 1241 2606 †
1276 2551 1442 2594 Donati
1483 2550 1540 2591 ad
1577 2549 1847 2602 Cyprianum

340 2628 466 2683 (App.
485 2628 646 2684 272‚3)‚
670 2628 882 2682 Cypriani
903 2629 960 2670 ad
976 2627 1209 2678 Donatum,
1232 2628 1270 2669 8.
1294 2628 1332 2670 9.
1355 2626 1394 2668 5.
1421 2625 1485 2667 14.
1510 2625 1574 2666 13.
1602 2625 1666 2666 11.
1693 2625 1757 2666 10.
1783 2624 1848 2665 16.

342 2703 408 2744 15.
444 2703 508 2744 17.
544 2704 608 2745 18.
643 2704 708 2746 19.
738 2704 806 2745 20.
837 2704 904 2746 37.
936 2704 1004 2745 23.
1034 2703 1102 2745 26.
1134 2702 1202 2744 24.
1226 2702 1293 2743 25.
1319 2701 1387 2742 21.
1413 2700 1482 2742 22.
1504 2699 1573 2740 27.
1596 2699 1664 2741 29.
1688 2699 1756 2740 28.
1781 2699 1852 2740 31.

341 2777 407 2819 33.
440 2776 508 2818 34.
539 2779 605 2820 35.
637 2779 703 2820 36.
735 2779 802 2820 30.
834 2778 901 2820 32.
932 2778 999 2820 38.
1030 2778 1097 2819 39.
1127 2777 1196 2818 40.
1221 2777 1258 2818 7.
1285 2775 1350 2817 12.
1379 2774 1446 2815 41.
1469 2774 1537 2815 42.
1561 2774 1637 2823 433
1675 2774 1850 2815 alteram

341 2850 560 2904 Epistolae
580 2853 760 2905 scriptae
780 2853 854 2895 sub
868 2852 1121 2905 pontificatu
1145 2850 1332 2894 Cornelii
1352 2852 1390 2890 ct
1411 2848 1561 2890 Lucii:
1595 2848 1663 2889 44.
1686 2847 1755 2889 45.
1777 2846 1845 2888 47.
