2032 3248
484 225 542 259 De
569 212 906 269 singularitate
931 223 1202 257 clericorum
1228 233 1258 258 c.
1284 223 1432 257 23-25.
1629 226 1708 265 201

203 334 361 375 crimine
384 334 449 370 aut
471 331 595 380 ignari
617 331 840 379 deputemur
862 329 901 367 in
923 330 1112 368 reddendo
1134 329 1330 375 rationem,
1369 330 1412 366 ut
1447 328 1597 376 publice
1619 328 1713 365 uicti

201 402 472 452 paenitentiam
487 402 635 448 gerant:
659 401 725 437 aut
740 399 774 437 si
789 398 994 445 noluerint,
1012 410 1081 436 nos
1099 398 1346 445 expunximus
1365 398 1463 445 quod
1480 399 1528 435 ad
1544 398 1714 435 nostram

203 472 369 521 pertinet
401 469 653 517 diligentiam,
676 470 719 506 ut
741 468 923 516 quomodo
946 466 1199 505 satisfecimus
1222 478 1336 514 supra
1358 466 1479 505 dictae
1502 466 1713 505 sententiae

202 540 424 585 Salomonis,
461 539 516 577 ita
537 537 819 576 satisfaciamus
841 536 958 574 etiam
980 536 1100 574 Paulo
1122 536 1291 583 apostolo
1323 535 1581 574 concionanti:
1623 547 1715 574 ser-

178 622 331 657 51111111,
377 608 525 655 inquit,
574 606 763 645 Domini
809 618 901 644 non
932 606 1130 653 oportet
1160 605 1391 653 litigare,
1431 605 1512 643 sed
1552 606 1714 643 mitem

202 690 309 718 esse
331 678 387 716 ad
408 688 572 716 omnes
594 676 862 714 docibilem
883 675 1178 723 patientem,
1202 687 1302 713 cum
1324 674 1449 713 omni
1471 674 1715 713 modestia

200 747 556 795 corripientem
588 757 666 784 eos
698 745 783 793 qui
813 742 1083 791 resistunt,
1116 756 1169 782 ne
1191 744 1321 782 forte
1343 744 1423 781 det
1454 743 1566 781 illis
1587 744 1715 782 Deus

201 815 560 866 paenitentiam
606 816 662 852 ad.
708 814 1091 862 cognoscendam
1143 813 1403 851 ueritatem
1443 814 1488 851 et
1532 813 1713 861 resipi-

201 887 340 924 scant
372 886 424 923 de
456 884 646 922 diaboli
677 883 883 930 laqueis,
917 895 938 921 a
967 894 1056 930 quo
1088 882 1276 931 captiui
1297 884 1527 921 tenentur
1549 895 1714 921 secun-

156 956 308 993 indum
338 954 441 992 eius
473 953 797 992 uoluntatem.

260 1024 377 1061 Omne
400 1023 580 1070 quicquid
602 1024 649 1061 ab
671 1023 888 1061 auctoribus
909 1023 1051 1062 nostris
1090 1025 1242 1070 gestum
1265 1024 1324 1060 est
1345 1022 1626 1061 rationabiliter
1647 1033 1713 1070 ge·
1731 1017 1784 1055 25

202 1093 369 1139 rebatur,
407 1094 448 1129 ut
469 1092 633 1139 posteris
656 1092 767 1130 nobis
805 1092 988 1130 aduersus
1025 1092 1349 1139 praeuaricatores
1380 1091 1530 1129 munita
1550 1091 1716 1139 undique

202 1162 410 1201 auctoritas
432 1162 660 1200 traderetur.
700 1163 855 1208 propter
891 1161 1080 1199 haeresim
1101 1161 1385 1208 anticipandam
1408 1172 1520 1208 quam
1541 1161 1715 1208 superius

202 1231 416 1269 taxauimus
438 1230 482 1268 de
505 1230 748 1268 adsumendis
771 1230 921 1268 feminis
958 1230 1038 1268 siue
1059 1241 1126 1277 per
1148 1231 1267 1268 semet
1288 1230 1413 1278 ipsum
1435 1230 1515 1267 siue
1546 1240 1614 1277 per
1635 1241 1714 1267 ser—

157 1312 189 1337 15
205 1312 272 1338 uos
293 1311 382 1338 suos
403 1299 589 1337 Dominus
610 1299 807 1347 paululum
828 1299 1028 1346 releuauit,
1066 1311 1112 1337 ne
1133 1299 1248 1336 nimio
1269 1299 1393 1346 rigore
1425 1298 1463 1335 in
1496 1300 1617 1336 totum
1639 1298 1715 1336 Do-

204 1369 297 1407 mini
318 1368 462 1407 fabrica
483 1369 740 1407 damnaretur.
763 1369 1084 1416 praeuidebantur
1105 1381 1127 1407 a
1143 1368 1302 1406 Domino
1323 1368 1509 1407 haeretici
1532 1368 1596 1415 qui
1618 1379 1715 1415 nup-

204 1438 279 1475 tias
315 1438 492 1475 auferunt
533 1439 572 1475 et
607 1449 701 1485 quos
723 1438 905 1476 Dominus
941 1438 1065 1475 iunxit
1086 1440 1217 1476 contra
1247 1439 1405 1475 naturae
1428 1437 1656 1485 principium
1678 1439 1716 1476 et

207 1508 337 1545 contra
358 1507 600 1555 euangelium
623 1518 799 1555 separare
822 1507 1069 1546 contendunt.
1102 1507 1240 1555 quibus
1273 1507 1505 1545 interdicens
1528 1507 1603 1545 iam
1625 1509 1717 1546 tunc

207 1576 415 1615 auctoritas
445 1577 673 1624 parabatur,
710 1589 756 1615 ne
778 1577 978 1615 maritatae
1009 1576 1188 1615 mulieres
1210 1577 1386 1614 accedere
1409 1578 1632 1615 uetarentur
1668 1577 1716 1615 ad

160 1654 195 1679 20
209 1645 400 1683 Christum
414 1676 422 1692 ‚
455 1646 516 1684 cui
537 1646 576 1683 in
598 1647 817 1693 praesentia
839 1647 1066 1685 seruierunt.
1091 1647 1157 1685 sed
1178 1658 1252 1684 non
1269 1646 1350 1684 sine
1370 1646 1626 1685 moderamine
1643 1646 1718 1683 fuit

208 1715 324 1753 etiam
347 1715 431 1763 ipsa
452 1715 651 1763 permissio
673 1718 887 1763 procurata,
910 1728 1006 1764 quae
1027 1728 1102 1754 non
1125 1716 1197 1754 sibi
1220 1715 1450 1763 operabatur
1481 1716 1547 1753 sed
1577 1714 1716 1753 ceteris

205 1785 304 1832 quod
325 1785 493 1832 gerebat.
517 1797 605 1822 nam
627 1785 660 1822 si
682 1784 881 1823 adlocutus
903 1786 963 1823 est
984 1785 1168 1823 Dominus
1190 1785 1491 1831 Samaritanam,
1515 1785 1564 1822 ad
1585 1785 1716 1822 horam

208 1853 336 1891 docuit
372 1856 409 1892 et
445 1853 602 1891 recessit
633 1865 702 1892 nec
724 1854 982 1892 defensionem
1004 1854 1271 1892 continuandis
1293 1854 1515 1892 excessibus
1537 1853 1642 1891 fecit.
1667 1854 1716 1891 ad

205 1922 339 1960 horam
362 1923 553 1960 Martham
575 1935 722 1971 quoque
744 1935 880 1970 passus
902 1925 960 1961 est
982 1923 1278 1962 ministrantem.
1306 1925 1371 1962 sed
1394 1923 1485 1971 quid
1508 1925 1591 1961 erat
1611 1922 1717 1961 aliud

159 1999 190 2025 25
205 1991 362 2029 Domino
383 1992 458 2029 nisi
480 1992 587 2039 regni
609 1992 785 2031 caelestis
806 1993 966 2040 prandia
986 1993 1202 2032 ministrare
1215 1996 1233 2031 ‘2
1256 1993 1441 2041 numquid
1462 1994 1532 2031 sub
1555 1993 1714 2031 Domino

205 2072 279 2098 non
300 2061 404 2098 fuere
428 2060 630 2099 conuiuia?
663 2064 730 2100 aut
753 2063 822 2100 sub
845 2063 1045 2100 maiestate
1066 2062 1147 2100 eius
1169 2064 1252 2100 erat
1273 2062 1371 2100 alius
1394 2064 1506 2110 potus
1526 2064 1592 2100 aut
1609 2062 1715 2100 cibus

205 2139 316 2176 quam
338 2129 541 2177 disciplina
561 2131 822 2170 tantummodo
844 2143 939 2179 quae
962 2133 1171 2179 pascebat?
1204 2134 1371 2169 testante
1394 2132 1474 2179 ipso
1497 2131 1655 2169 Domino
1678 2133 1716 2169 et

205 2198 373 2236 dicente:
397 2210 526 2237 meus
551 2199 688 2237 cibus
711 2202 784 2238 est
806 2203 855 2239 ut
887 2201 1063 2239 faciam
1094 2201 1402 2240 uoluntatem
1424 2201 1528 2239 eius
1551 2200 1631 2248 qui
1650 2212 1717 2239 me

296 2358 318 2391 4
343 2358 380 2391 II
405 2358 496 2393 Tim.
523 2358 556 2399 2,
581 2359 728 2393 24-26.
870 2359 915 2393 28
942 2359 992 2393 Io.
1017 2360 1050 2400 4,
1075 2359 1130 2393 34.

299 2502 317 2534 1
344 2501 558 2546 deputentur
583 2504 608 2535 2
633 2502 734 2538 codd.
763 2502 916 2537 Balaam·
1094 2503 1117 2536 4
1141 2502 1251 2536 etiam
1278 2513 1343 2536 om.
1370 2513 1390 2536 v
1561 2502 1715 2545 apostoli

213 2559 454 2593 concionantis
486 2560 530 2594 Οι
671 2560 690 2593 7
717 2560 902 2604 resistunt]
929 2559 1079 2594 ueritati
1106 2560 1189 2593 add.
1217 2571 1238 2595 v
1378 2559 1435 2593 illi
1466 2560 1496 2595 C
1628 2561 1649 2594 9
1675 2560 1716 2594 de

214 2617 250 2657 C,
277 2627 297 2650 a
313 2627 333 2650 υ
472 2617 516 2650 13
534 2617 799 2661 anticipandam
824 2617 860 2658 C,
889 2618 1146 2661 amputandam
1163 2628 1183 2651 v
1323 2617 1366 2650 14
1391 2616 1432 2651 de
1457 2617 1486 2652 C
1501 2628 1528 2651 s.
1547 2618 1570 2651 l.
1588 2628 1632 2651 m.
1650 2620 1674 2652 2

211 2673 353 2707 feminis
379 2684 485 2717 quam
508 2685 528 2708 v
693 2675 735 2709 17
761 2674 853 2718 quod
883 2675 912 2709 0
1073 2676 1116 2709 19
1142 2674 1297 2709 accidere
1330 2675 1359 2709 G
1519 2675 1564 2708 20
1590 2674 1647 2708 cui
1679 2675 1718 2715 0,

210 2731 271 2773 qui
294 2742 314 2765 v
416 2731 459 2765 22
485 2731 577 2774 quod
603 2731 748 2775 gerebat
773 2732 833 2766 sed
858 2733 984 2766 ceteris
1009 2744 1029 2767 v
1122 2732 1217 2776 quod
1242 2719 1287 2766 ea·
1313 2742 1398 2775 quos
1430 2732 1459 2766 G
1550 2732 1580 2765 si
1605 2742 1635 2765 a.
1662 2733 1717 2766 est

215 2788 250 2829 G,
277 2789 325 2823 sic
351 2789 525 2843 allocutus
551 2801 570 2823 v
663 2790 708 2824 24
732 2790 911 2823 martham
936 2801 1112 2834 quamque
1139 2792 1198 2833 (eac
1217 2800 1375 2833 quaeque
1391 2801 1436 2823 m.
1455 2792 1493 2833 2)
1518 2791 1552 2832 U,
1579 2799 1716 2832 quoque

209 2856 253 2878 m.
268 2857 287 2880 υ
381 2846 426 2880 25
438 2846 500 2880 dni
519 2847 561 2881 (1¹
657 2847 701 2881 26
715 2847 789 2881 eius
803 2858 868 2881 om.
888 2847 918 2882 (J
1010 2847 1110 2881 cibus
1124 2848 1186 2881 aut
1201 2848 1305 2891 potus
1320 2858 1339 2881 υ
1433 2848 1476 2881 27
1491 2848 1526 2881 et
1545 2847 1582 2888 G,
1598 2857 1637 2880 ac
1650 2857 1671 2881 v
