2032 3248
353 250 379 281 c
894 237 1091 273 Caecilii
1118 236 1333 282 Cypriani

353 342 486 384 instar
515 354 703 384 exercens
733 341 925 384 inimicos
955 354 1114 396 quoque
1136 342 1339 394 dilexerit,
1371 343 1442 397 qui
1463 355 1535 397 pro
1556 343 1866 398 insequentium

353 423 396 453 se
425 411 558 452 salute
586 410 710 453 sicuti
731 410 934 452 Dominus
963 413 1103 453 monet
1125 412 1166 453 et
1186 412 1377 454 hortatur
1405 413 1598 455 orauerit.
1627 408 1741 455 ‘oriri
1762 414 1865 457 facit

350 481 506 537 iugiter
538 494 660 523 suum
682 480 811 522 solem
833 480 873 522 et
893 480 1058 533 pluuias
1081 481 1255 523 subinde
1276 481 1508 524 nutriendis
1530 482 1759 525 seminibus
1780 483 1863 525 101-

349 551 491 605 1101111,
516 551 708 593 exhibens
730 551 880 593 cuncta
899 550 982 592 ista
1003 563 1083 592 non
1105 551 1191 592 suis
1214 552 1400 594 tantum:
1425 552 1465 593 et
1487 552 1557 605 qui
1575 565 1617 594 se
1633 552 1711 594 Dei
1733 553 1862 595 etiam

349 620 483 662 filium
503 632 589 663 esse
609 619 839 673 profitetur,
862 632 943 662 non
966 621 1200 674 exemplum
1223 621 1353 674 patris
1375 621 1594 664 imitetur?
1616 622 1860 675 respondere
1875 636 1890 660 5

349 702 422 733 nos
453 691 570 732 decet
601 689 812 732 natalibus
844 690 1010 741 nostris,
1043 691 1084 732 et
1105 703 1206 744 quos
1237 692 1400 733 renatos
1429 704 1501 744 per
1522 691 1657 733 Deum
1687 692 1860 743 constat,

349 759 568 814 degeneres
598 771 685 801 esse
713 771 794 801 non
823 759 1026 814 congruit,
1065 760 1136 801 sed
1164 760 1337 814 probare
1366 760 1505 814 potius
1536 760 1579 802 in
1609 760 1747 803 sobole
1777 762 1863 803 tra-

350 829 497 871 ducem
518 828 616 871 boni
637 828 768 883 patris
790 828 1112 870 aemulationem
1132 822 1361 872 bonitatis’.

282 904 333 944 lo
404 899 541 941 Multa
581 899 662 941 alia
702 899 743 940 et
779 900 947 953 quidem
987 913 1153 954 magna,
1197 913 1300 954 quae
1340 900 1597 954 temperandi
1637 898 1863 942 uoluminis

346 969 453 1011 ratio
483 980 562 1011 non
589 969 749 1022 patitur
777 969 935 1022 prolixo
965 981 1083 1023 opere
1113 970 1310 1012 sermonis
1339 970 1503 1012 iterari:
1536 970 1586 1012 de
1608 970 1757 1023 quibus
1785 969 1909 1010 h0c1o

346 1039 510 1080 tantum
542 1038 691 1080 dixisse
721 1038 823 1080 satis
853 1039 926 1081 est.
960 1038 1068 1093 quod
1090 1039 1125 1081 si
1147 1039 1223 1081 illa
1250 1039 1431 1094 gentiles
1451 1051 1525 1093 pro
1547 1039 1694 1081 rostris
1717 1038 1861 1082 audire

345 1107 589 1161 potuissent,
640 1108 817 1150 forsitan
863 1108 1011 1150 statim
1052 1108 1275 1150 crederent.
1327 1108 1426 1161 quid
1467 1107 1704 1150 Christiana
1741 1108 1860 1161 plebs

345 1176 511 1227 faceret,
549 1176 615 1218 0111
644 1177 694 1218 de
723 1176 803 1219 fide
835 1190 984 1220 nomen
1017 1179 1110 1220 est‘?
1147 1178 1377 1220 distributa
1412 1179 1509 1220 sunt
1541 1189 1636 1232 ergo
1667 1177 1859 1218 continuo

343 1258 416 1300 pro
457 1246 658 1300 qualitate
699 1247 915 1288 hominum
955 1247 1077 1301 atque
1113 1248 1304 1289 ordinum
1341 1247 1588 1289 ministeria.
1626 1246 1752 1288 multi
1788 1246 1860 1299 qui

343 1316 600 1370 paupertatis
617 1315 813 1358 beneficio
831 1317 1025 1370 sumptus
1042 1317 1232 1359 exhibere
1245 1329 1325 1358 non
1340 1317 1544 1371 poterant,
1566 1316 1661 1370 plus
1678 1314 1858 1368 sumpti·
1872 1333 1908 1358 15

343 1385 421 1427 bus
451 1385 710 1436 exhibebant,
742 1387 1053 1439 compensantes
1082 1386 1245 1439 proprio
1275 1386 1413 1428 labore
1442 1385 1674 1427 mercedem
1695 1384 1858 1426 diuitiis

345 1455 536 1497 omnibus
566 1455 777 1496 cariorem.
809 1456 850 1496 et
871 1455 963 1508 quis
994 1467 1073 1496 non
1104 1456 1179 1497 sub
1211 1455 1327 1497 tanto
1348 1455 1512 1497 doctore
1533 1456 1771 1509 properaret
1792 1454 1858 1495 in-

344 1524 484 1566 uenire
513 1524 674 1578 partem
705 1523 889 1577 aliquam
918 1524 1016 1566 talis
1046 1525 1237 1576 militiae,
1267 1538 1340 1578 per
1362 1538 1485 1578 quam
1507 1526 1687 1578 placeret
1710 1526 1750 1566 et
1771 1525 1857 1566 Deo

343 1594 453 1649 patri
486 1594 527 1635 et
557 1593 686 1635 iudici
715 1592 877 1635 Christo
910 1595 951 1635 et
982 1594 1152 1635 interim
1186 1594 1418 1636 sacerdoti?
1454 1594 1581 1636 fiebat
1613 1594 1756 1647 itaque
1787 1606 1855 1635 ex-

343 1662 607 1704 uberantium
628 1674 797 1715 operum
818 1663 1027 1718 largitate,
1050 1663 1159 1717 quod
1178 1663 1332 1704 bonum
1356 1664 1419 1705 est
1439 1663 1491 1704 ad
1513 1676 1668 1714 omnes,
1702 1675 1782 1704 non
1804 1662 1857 1704 ad
1870 1679 1905 1705 20

344 1732 450 1773 solos
483 1732 728 1774 domesticos
762 1731 869 1774 fidei.
904 1732 1030 1774 fiebat
1062 1732 1155 1786 plus
1187 1732 1346 1786 aliquid
1378 1745 1504 1785 quam
1536 1733 1585 1773 de
1607 1732 1761 1774 Tobiae
1791 1731 1857 1772 in-

347 1800 617 1854 comparabili
638 1801 793 1853 pietate
815 1801 1028 1856 signatum
1050 1803 1125 1843 est.
1149 1802 1337 1856 ignoscat
1352 1802 1424 1843 ille
1442 1803 1483 1843 et
1500 1801 1689 1857 ignoscat
1704 1802 1857 1843 iterum

345 1871 386 1911 et
417 1869 653 1924 frequenter
688 1871 874 1926 ignoscat
910 1872 983 1913 aut
1013 1873 1062 1913 ut
1092 1872 1229 1914 uerius
1261 1871 1436 1913 dixerim
1467 1872 1615 1913 merito
1648 1871 1855 1922 concedat,
1915 1902 1917 1904 ψ

413 2020 430 2052 1
450 2030 585 2054 exerces
607 2020 640 2054 T
767 2019 1054 2064 persequentium
1073 2030 1154 2064 10μο
1289 2020 1310 2053 2
1327 2019 1420 2053 310111
1437 2030 1468 2052 w
1600 2019 1720 2052 monet
1736 2006 1806 2052 (1ᾞέ
1818 2031 1854 2063 μ,

341 2094 375 2112 *³2
394 2080 513 2111 monet
532 2077 572 2118 T,
590 2079 710 2111 100001
727 2081 741 2111 t
865 2077 976 2111 orarit
993 2088 1023 2119 v,
1044 2087 1107 2111 om.
1132 2078 1166 2111 T
1287 2076 1375 2110 facit
1393 2075 1478 2110 deus
1497 2087 1565 2121 1ομ,
1584 2075 1668 2110 deus
1685 2075 1774 2110 facit
1790 2086 1810 2110 v

341 2135 362 2168 3
381 2135 489 2169 solem
508 2146 610 2169 suum
628 2146 648 2170 v
750 2146 855 2179 super
871 2134 977 2168 bonos
996 2136 1030 2168 ct
1047 2134 1158 2168 malos
1177 2145 1279 2168 suum
1300 2134 1410 2168 solem
1429 2145 1459 2168 w
1553 2135 1762 2178 impartitur
1778 2145 1809 2168 w

339 2192 363 2226 4
380 2192 517 2226 cunctis
534 2193 659 2227 malim
798 2194 872 2226 tam
890 2193 1034 2225 tantum
1052 2203 1082 2225 w
1093 2204 1101 2232 3
1119 2191 1178 2225 sed
1196 2191 1306 2225 etiam
1324 2191 1451 2225 alienis
1469 2191 1552 2225 add.
1574 2203 1593 2225 0
1731 2191 1753 2224 5
1770 2190 1852 2234 non]

342 2262 403 2285 001
419 2261 488 2284 000
509 2261 529 2285 v
629 2250 797 2284 imitatur
815 2260 895 2294 10μο
989 2249 1195 2294 1031100ᾶο10
1212 2250 1332 2293 inquit
1349 2260 1368 2284 v
1467 2250 1487 2283 6
1505 2237 1591 2283 01οᾹιῇ
1606 2249 1646 2290 Τ,
1664 2248 1757 2282 diem
1775 2258 1807 2281 w

343 2309 361 2342 ’ἰ
379 2309 552 2352 degenere
571 2318 643 2342 3030
664 2309 697 2342 Τ
832 2307 977 2351 probari
994 2319 1015 2342 0
1149 2307 1269 2341 subole
1289 2307 1321 2340 T
1455 2307 1477 2340 8
1494 2305 1734 2340 aemulatione
1755 2315 1806 2339 wv

341 2370 361 2399 9
379 2366 535 2410 quidem]
556 2365 706 2410 quedam
724 2377 755 2399 w
904 2365 1048 2409 magna]
1066 2366 1246 2408 praetereo
1264 2364 1347 2398 add.
1371 2375 1422 2399 100
1570 2364 1613 2396 10
1629 2363 1762 2407 prolixo
1784 2374 1852 2405 ιυμ,

341 2425 496 2468 proximo
516 2424 556 2465 T,
574 2423 762 2467 prolixiore
778 2435 799 2458 v
977 2433 1078 2466 opere
1096 2422 1266 2456 sermonis
1283 2422 1426 2465 scripsi,
1445 2431 1546 2454 onere
1560 2420 1729 2454 sermonis
1747 2421 1850 2464 Τιυμ,

342 2492 500 2515 sermone
517 2493 554 2522 v3
573 2481 618 2523 cf.
639 2492 716 2524 cap.
736 2483 779 2514 14
942 2480 1089 2514 interari
1111 2481 1149 2521 T,
1169 2480 1332 2524 replicari
1349 2491 1370 2514 v
1540 2478 1583 2512 12
1600 2477 1756 2522 potuisse
1773 2489 1805 2511 w

341 2537 505 2572 forsitam
523 2539 630 2573 satim
647 2538 773 2572 statim
792 2540 833 2583 μι
935 2538 1028 2582 quod
1045 2549 1076 2572 w
1179 2537 1374 2572 christiane
1391 2536 1491 2580 pleps
1515 2537 1547 2569 T
1646 2535 1689 2569 13
1706 2534 1849 2578 faceret]

340 2595 452 2640 fairet
471 2607 499 2630 w
616 2596 659 2630 14
676 2607 737 2639 pro
754 2595 929 2640 qualitate
949 2595 1115 2629 continuo
1134 2606 1164 2629 w
1280 2594 1443 2628 misteria
1460 2604 1518 2637 ωμ
1641 2593 1685 2627 15
1702 2603 1849 2637 pauper-

340 2652 429 2686 tatis
453 2652 634 2698 benefieio]
662 2654 830 2697 angustia
853 2653 1075 2697 paupertatis
1092 2651 1262 2687 beneficia
1280 2664 1301 2687 v
1509 2651 1551 2685 16
1568 2651 1751 2694 propriora
1774 2652 1808 2683 T

341 2710 382 2744 17
408 2709 561 2744 10000111
585 2711 622 2744 10
646 2712 745 2754 parte
771 2710 893 2754 aliqua
917 2721 938 2745 v
1147 2710 1190 2744 19
1214 2709 1373 2753 interim]
1398 2709 1473 2741 tam
1499 2707 1589 2741 bono
1615 2708 1758 2741 interim
1783 2717 1803 2741 v

339 2768 385 2802 20
402 2768 495 2812 apud
512 2779 630 2802 omnes
647 2780 679 2810 v,
697 2779 760 2803 om.
782 2769 815 2803 T
996 2769 1078 2813 non]
1097 2779 1166 2802 non
1184 2768 1298 2802 solum
1317 2778 1347 2801 w
1537 2767 1579 2800 21
1599 2766 1641 2800 de
1659 2777 1722 2801 om.
1743 2777 1802 2809 wu

340 2825 605 2869 inconparabile
627 2827 659 2861 T
795 2826 840 2860 22
857 2826 914 2860 1111
931 2837 962 2860 w
1101 2826 1277 2860 illiterum
1295 2825 1338 2870 μι
1476 2823 1523 2859 23
1542 2829 1604 2857 aut
1622 2824 1675 2868 ut]
1693 2825 1733 2857 ut
1751 2823 1791 2865 T,
1810 2824 1846 2857 et

340 2884 381 2916 ut
398 2893 440 2923 w,
459 2884 497 2916 at
514 2884 554 2915 ut
571 2895 596 2926 μ
735 2882 865 2917 dixerit
884 2883 956 2925 T²c,
973 2883 1111 2918 dixerat
1131 2884 1177 2918 T¹
1318 2882 1354 2915 et
1369 2880 1498 2916 merito
1516 2880 1701 2915 concedam
1718 2892 1777 2924 ωμ
