2032 3248
381 216 445 246 ΟΠ
916 201 1115 238 Caecilii
1141 200 1359 247 Cypriani

380 320 482 361 quas
518 308 571 349 ad
606 308 838 361 probandae
879 307 1052 349 uirtutis
1094 307 1372 361 experimenta
1407 306 1674 360 perpetimur,
1715 319 1795 349 non
1833 309 1894 349 est

378 388 520 430 poena,
544 377 640 430 quia
661 377 793 432 gloria
811 379 884 419 est.
909 378 981 420 sed
1001 377 1087 419 esto
1110 390 1219 428 sane,
1241 377 1358 418 nobis
1380 389 1510 431 poena
1525 389 1605 419 non
1621 377 1677 419 sit
1696 377 1891 419 exilium:

378 445 466 487 illis
501 446 701 487 ultimum
738 446 893 488 crimen
928 447 969 488 et
1001 446 1230 501 pessimum
1265 445 1380 488 nefas
1418 446 1545 487 etiam
1580 446 1765 499 ipsorum
1797 459 1892 488 con-

379 516 552 558 scientia
579 516 700 558 testis
729 516 951 571 adscribat,
983 516 1054 570 qui
1076 516 1247 570 possunt
1268 515 1557 558 innocentibus
1578 515 1759 570 irrogare
1782 516 1891 569 quod

377 586 526 639 putant
555 598 741 639 poenam.
770 586 863 627 nolo
892 598 999 627 nunc
1021 585 1251 627 describere
1271 584 1354 627 1001
1376 584 1557 640 gratiam
1580 586 1621 627 et
1643 584 1890 627 deliciarum
1905 597 1919 620 ⁵

377 655 564 697 omnium
591 656 832 709 paraturam
862 655 1033 697 interim
1061 656 1238 697 transeo.
1267 655 1475 710 fingamus
1504 654 1643 696 locum
1662 654 1786 696 illum
1807 654 1892 696 situ

377 725 603 777 sordidum,
642 725 881 779 squalidum
911 726 1018 779 uisu,
1056 725 1138 766 non
1169 725 1355 767 salubres
1385 737 1511 778 aquas
1540 724 1774 775 habentem,
1810 736 1891 766 non

376 795 648 837 amoenitates
670 795 831 849 uiroris,
866 807 947 837 non
967 794 1167 837 uiciniam
1187 794 1338 845 litoris,
1362 794 1434 836 sed
1455 794 1597 836 uastas
1618 806 1739 847 rupes
1761 793 1890 834 silua-

376 876 469 905 rum
500 863 608 906 inter
635 864 864 918 inhospitas
893 864 1032 906 fauces
1053 864 1238 906 desertae
1261 863 1486 906 admodum
1508 862 1762 916 solitudinis,
1795 862 1890 904 auia

375 933 522 975 mundi
551 935 670 988 parte
699 934 968 975 summotum.
999 934 1138 987 posset
1165 933 1266 975 licet
1295 932 1396 974 talis
1425 933 1540 975 locus
1570 932 1720 974 habere
1741 943 1944 973 nemenio·

376 1002 504 1056 exilii,
543 1015 622 1056 quo
659 1002 888 1057 Cyprianus
927 1002 1113 1044 sacerdos
1149 1002 1228 1044 Dei
1264 1002 1446 1052 uenerat,
1485 1014 1565 1043 non
1600 1002 1635 1042 si
1671 1002 1889 1044 hominum

374 1071 608 1114 ministeria
637 1071 867 1123 deficerent,
897 1072 965 1113 uel
994 1072 1114 1114 alites
1145 1072 1193 1113 ut
1214 1071 1361 1113 Heliae
1390 1072 1457 1112 uel
1479 1072 1526 1112 ut
1547 1071 1720 1113 Danielo
1749 1072 1889 1126 angeli

374 1141 690 1183 ministrarent?
731 1130 1001 1192 absit'absit,
1042 1142 1091 1183 ut
1124 1141 1264 1183 credat
1305 1141 1456 1194 aliquis
1497 1141 1671 1183 cuilibet
1712 1141 1888 1182 minimo

375 1210 597 1253 dummodo
625 1210 668 1252 in
693 1210 946 1252 confessione
975 1210 1154 1253 nominis
1185 1211 1411 1253 constituto
1433 1211 1600 1271 *aliquid
1630 1210 1886 1252 defuturum.

372 1281 538 1322 tantum
560 1280 677 1322 abest
697 1281 744 1322 ut
761 1280 839 1322 Dei
859 1280 1045 1334 pontifex
1066 1281 1139 1322 ille
1162 1281 1233 1335 qui
1253 1281 1559 1323 misericordiae
1582 1293 1742 1333 semper
1762 1280 1884 1322 rebus
1902 1292 1933 1317 1⁵

372 1349 586 1392 institerat
607 1350 808 1392 honorum
831 1350 1017 1392 omnium
1039 1350 1186 1404 opibus
1207 1351 1426 1404 indigeret.

308 1418 358 1457 12
431 1419 523 1460 Iam
568 1432 689 1469 nunc,
741 1419 849 1472 quod
899 1419 1073 1461 secundo
1114 1431 1330 1473 posueram
1370 1420 1470 1471 loc0,
1520 1433 1614 1462 cum
1655 1420 1888 1474 gratiarum

373 1488 531 1529 actione
569 1490 819 1542 repetamus,
858 1489 1073 1542 prouisum
1110 1501 1197 1530 esse
1235 1488 1439 1530 diuinitus
1476 1489 1604 1530 etiam
1639 1501 1711 1542 pro
1749 1489 1887 1531 animo

370 1557 479 1598 tanti
496 1557 576 1598 uiri
593 1558 777 1611 apricum
795 1558 836 1598 et
853 1558 1138 1610 conpetentem
1159 1558 1308 1608 locum,
1329 1557 1560 1610 hospitium
1577 1571 1649 1610 pro
1666 1558 1884 1600 uoluntate

371 1627 575 1668 secretum
597 1627 638 1667 et
659 1627 861 1680 quidquid
889 1626 1036 1680 apponi
1058 1627 1116 1669 eis
1139 1628 1234 1669 ante
1254 1627 1506 1680 promissum
1528 1628 1590 1668 est
1612 1627 1683 1680 qui
1704 1640 1879 1682 regnum
1896 1641 1932 1667 20

370 1696 412 1737 et
432 1695 640 1738 iustitiam
661 1696 739 1738 Dei
767 1697 982 1750 quaerunt.
1013 1697 1136 1749 atque
1165 1697 1213 1737 ut
1243 1696 1438 1738 omittam
1467 1696 1746 1750 frequentiam
1777 1696 1882 1737 uisi-

369 1765 553 1807 tantium
574 1765 752 1807 fratrum
774 1767 814 1808 et
835 1766 1020 1820 ipsorum
1041 1766 1135 1807 inde
1157 1766 1314 1807 ciuium
1336 1766 1564 1817 caritatem,
1592 1771 1696 1819 qua'e
1718 1778 1881 1819 reprae-

371 1835 561 1876 sentabat
592 1835 743 1886 omnia,
779 1835 929 1889 quibus
961 1835 1181 1877 uidebatur
1212 1848 1299 1877 esse
1328 1836 1557 1886 fraudatus,
1590 1835 1882 1877 admirabilem

371 1904 654 1946 uisitationem
690 1904 769 1946 Dei
804 1917 882 1946 non
918 1905 1162 1959 praeteribo,
1201 1918 1281 1958 qua
1315 1905 1550 1947 antistitem
1587 1917 1709 1946 suum
1745 1904 1803 1946 sic
1838 1904 1907 1945 in.

440 2053 458 2086 1
478 2052 521 2086 ad
538 2052 752 2098 probandae]
772 2054 996 2098 approbande
1012 2065 1071 2099 1ομ
1176 2054 1394 2098 perpetimur
1411 2054 1649 2098 experimenta
1665 2065 1696 2087 w
1806 2053 1827 2088 3
1845 2055 1881 2088 et

369 2109 561 2153 pessimum
579 2120 642 2144 om.
667 2110 701 2144 Τ
803 2110 826 2144 4
843 2111 1111 2155 ignoscentibus
1130 2125 1154 2155 μ
1268 2112 1290 2145 5
1308 2114 1392 2155 puto
1415 2112 1448 2145 T
1553 2113 1574 2146 6
1591 2112 1706 2145 locum
1724 2121 1789 2145 om.
1810 2125 1834 2155 μ

369 2166 478 2200 situm
500 2168 533 2201 T
532 2181 557 2211 μ
705 2168 723 2202 7
741 2168 858 2202 uisum
879 2180 935 2213 ιυμ
1075 2168 1254 2203 habentur
1276 2169 1308 2202 T
1444 2170 1466 2203 8
1483 2169 1718 2203 amoenitates
1734 2169 1879 2212 scripsi,

369 2225 598 2259 amoenitatis
621 2226 659 2267 T,
679 2226 874 2260 amenitate
891 2238 933 2269 w,
953 2227 1207 2261 amoenitatem
1226 2238 1273 2270 μυ
1374 2227 1511 2272 uigoris
1529 2231 1543 2261 t
1648 2226 1783 2260 uicinia
1805 2227 1837 2260 T

367 2281 428 2315 sed
446 2283 482 2316 et
498 2294 557 2327 1ομ
685 2286 791 2318 uasta
807 2295 911 2329 rupes
930 2298 965 2328 μ,
983 2286 1088 2319 uasta
1104 2296 1191 2329 rupe
1213 2285 1253 2326 T,
1271 2296 1374 2329 rupes
1392 2287 1498 2318 uasta
1514 2296 1545 2318 w
1676 2284 1698 2318 9
1716 2283 1879 2328 hospitas

371 2340 444 2384 Τμ1
596 2330 805 2376 solitudines
828 2342 867 2383 Τ,
886 2342 1087 2376 sollitudini
1103 2353 1134 2376 w
1285 2342 1383 2387 31113]
1402 2343 1462 2376 1113
1482 2343 1514 2376 Τ
1662 2342 1704 2375 11
1723 2342 1785 2385 qui
1804 2342 1837 2375 Τ

367 2400 536 2432 uenerant
557 2399 597 2440 T,
614 2401 805 2448 ueneratur
822 2411 854 2433 w
1039 2411 1108 2434 non
1125 2400 1156 2434 si
1173 2411 1243 2444 τυμ,
1261 2411 1330 2434 11011
1349 2400 1419 2434 sibi
1442 2401 1482 2441 T,
1500 2400 1557 2434 cui
1575 2400 1604 2433 si
1622 2411 1653 2440 v,
1671 2410 1743 2433 non
1761 2399 1830 2433 sibi
1848 2400 1879 2432 si

367 2455 452 2495 fort.
570 2456 614 2490 12
630 2456 812 2491 deficerint
833 2458 873 2498 T,
890 2457 1085 2492 defecerint
1102 2462 1116 2493 t
1229 2458 1357 2502 heliae]
1375 2458 1467 2491 aliae
1485 2458 1518 2491 T
1626 2457 1761 2490 danieli
1778 2468 1832 2491 wv

367 2512 411 2546 13
429 2513 689 2559 ministrarent]
708 2517 934 2559 procurarent
951 2526 1010 2560 1ομ
1150 2516 1246 2550 absit
1263 2526 1328 2550 om.
1348 2516 1438 2560 Τῑυμ
1578 2514 1698 2549 credat
1716 2525 1779 2549 om.
1804 2515 1836 2548 T

366 2569 511 2604 minime
530 2571 564 2605 T
721 2573 891 2607 mundum
910 2573 1011 2607 modo
1029 2577 1043 2608 t
1205 2574 1248 2608 14
1265 2573 1518 2608 confessionem
1538 2573 1570 2606 T
1724 2572 1878 2606 nominis

366 2626 492 2661 christi
512 2639 568 2673 wa
700 2629 741 2663 de
758 2629 879 2664 futuro
901 2631 933 2665 T
1067 2631 1111 2665 15
1127 2631 1312 2676 pontifices
1335 2631 1368 2666 T
1495 2630 1765 2674 misericordiae]
1783 2641 1877 2664 nunc

367 2694 500 2728 semper
520 2696 547 2718 10
662 2687 705 2721 16
723 2687 893 2721 instituat
910 2699 942 2722 w
1056 2688 1227 2723 honorum
1249 2690 1289 2730 T,
1305 2689 1432 2723 horum
1450 2698 1547 2732 ωμυς
1566 2699 1615 2721 cm
1630 2687 1800 2722 bonorum
1812 2687 1830 2722 ‚9

367 2740 411 2774 18
428 2741 559 2787 animo]
579 2744 691 2778 amieo
708 2755 740 2778 w
858 2745 902 2779 19
920 2747 1144 2789 conpetentes
1163 2746 1196 2780 T
1308 2745 1494 2789 uoluptate
1512 2758 1537 2789 μ
1652 2746 1694 2779 21
1714 2745 1876 2789 frequen-

365 2797 457 2831 tium
479 2800 522 2833 T¹
666 2802 711 2836 22
729 2802 884 2847 ipsorum
903 2805 938 2837 et
956 2814 974 2837 υ
1114 2804 1175 2847 qui
1192 2803 1458 2848 representabat
1477 2814 1515 2842 20,
1534 2813 1639 2847 quare
1655 2804 1875 2846 praesentem
1928 2838 1931 2841 ,

366 2857 557 2898 quaerebat
578 2858 610 2892 T
689 2860 733 2893 23
751 2860 916 2894 uideatur
933 2872 961 2894 w
1040 2861 1085 2895 24
1099 2871 1205 2905 quam
1226 2862 1289 2896 Tw
1369 2861 1577 2895 antestitem
1600 2861 1638 2901 T,
1659 2860 1826 2894 antistem
1845 2870 1875 2893 w
