2032 3248
351 224 533 254 LXXXIV

352 316 449 357 sunt
465 315 604 369 pretii.
628 314 716 356 uidi
734 315 960 369 plerasque,
985 316 1055 357 sed
1072 328 1197 357 unam
1209 315 1350 357 uidere
1361 327 1442 357 non
1455 317 1632 372 contigit
1646 317 1864 361 Geneuen-

353 402 440 432 sem
471 402 565 431 cum
595 389 704 432 notis
733 390 872 432 Iacobi
900 390 1080 432 Pamelii
1111 391 1152 432 et
1173 389 1352 433 Simonis
1375 390 1596 443 Goulartii,
1634 405 1740 446 quae
1768 395 1863 447 post

354 464 635 506 Parisiensem
657 477 693 506 a.
720 464 829 507 1593
859 465 1044 519 prodisse
1066 464 1244 506 uidetur.
1274 465 1316 507 in
1339 478 1384 507 ea
1405 466 1518 508 unici
1540 479 1663 520 quem
1684 468 1865 510 habebat

355 538 507 581 codicis
529 539 744 581 cuiusdam
765 539 943 592 episcopi
964 539 1219 582 Achonensis
1241 540 1463 594 scripturas
1485 542 1671 583 enotasse
1691 541 1867 584 Goular-

353 614 462 656 tium
483 614 736 656 Reinhartus
767 614 899 657 editor
919 613 1200 656 Altdorfensis
1220 616 1415 657 testatur.

189 704 288 731 Editio
412 689 597 731 Tandem
619 702 655 731 a.
678 689 788 731 1648
801 689 1012 744 Rigaltius
1033 690 1101 732 uir
1121 690 1163 732 et
1185 690 1393 745 elegantia
1414 691 1571 746 ingenii
1593 693 1633 734 et
1654 692 1865 735 doctrinae

142 751 326 785 Rigaffiana'
355 764 471 819 copia
498 763 675 819 insignis
704 765 822 806 nouis
852 765 1050 807 subsidiis
1071 764 1303 807 instructus
1325 777 1448 820 opera
1471 765 1665 820 Cypriani
1686 766 1863 810 Parisiis

355 838 484 895 (apud
514 839 598 881 uid.
630 839 863 882 Mathurini
892 840 948 882 du
976 839 1079 882 Puis
1108 840 1177 882 uia
1198 840 1395 882 Iacobaea
1425 841 1500 883 sub
1530 841 1647 896 signo
1669 840 1866 894 Coronae)

352 915 465 970 typis
507 915 650 957 edidit.
692 915 736 957 in
776 915 1021 968 scriptorum
1063 915 1203 957 ordine
1239 928 1264 957 a
1297 916 1484 958 Pamelio
1524 917 1719 959 instituto
1760 916 1867 958 nihil

354 990 538 1032 mutauit
565 990 646 1032 nisi
676 990 785 1044 quod
814 991 1039 1045 epistulam
1060 990 1226 1032 Donati
1247 991 1304 1033 ad
1330 990 1598 1044 Cyprianum
1625 993 1669 1034 in
1695 993 1867 1034 adnota-

355 1064 488 1108 tiones
518 1065 672 1107 reiecit.
706 1065 991 1107 adnotationes
1013 1065 1252 1119 locupletes,
1283 1066 1433 1120 quibus
1456 1079 1558 1120 quae
1579 1067 1631 1108 ad
1653 1066 1778 1108 crisin
1799 1066 1867 1108 uel

357 1140 544 1195 exegesin
573 1140 785 1194 pertinentv
811 1140 968 1194 optime
998 1140 1236 1195 explicauit,
1267 1142 1407 1182 tomus
1429 1142 1534 1183 alter
1554 1141 1869 1196 comprehendit

359 1216 498 1268 eisque
518 1214 763 1257 anecdotum
784 1227 885 1268 opus
906 1227 954 1256 ex
972 1215 1107 1257 codice
1123 1215 1317 1258 Remensi
1339 1216 1626 1258 uetustissimo
1649 1216 1869 1271 depromp-

359 1291 451 1332 tum
486 1288 553 1331 De
588 1289 887 1342 rebaptismate
926 1289 1228 1332 haereticorum
1267 1291 1455 1332 inseruit.
1497 1291 1550 1333 ad
1589 1291 1870 1333 adornandam

362 1365 584 1408 editionem
624 1365 811 1420 Rigaltio
851 1366 1014 1420 praeter
1055 1364 1342 1408 Corbeiensem
1379 1365 1460 1421 (C),
1504 1366 1745 1408 Thuaneum
1783 1366 1868 1422 (P),

360 1440 602 1482 Foxiensem
640 1439 721 1496 (Ζ),
763 1440 943 1495 Regium
986 1441 1058 1496 (=
1097 1441 1183 1483 cod.
1221 1441 1351 1483 Paris.
1393 1440 1503 1483 1653
1544 1453 1649 1483 saec.
1686 1441 1790 1498 XII)
1828 1443 1871 1484 et

362 1513 569 1568 exemplar
618 1514 825 1568 quoddam
873 1515 1196 1568 Pomposianum
1244 1515 1625 1557 uetustissimorum
1676 1516 1866 1558 codicum

369 1589 609 1632 Veronensis
639 1590 680 1631 et
701 1590 983 1632 Beneuentani
1014 1590 1180 1632 collatio
1211 1590 1260 1631 de
1289 1603 1369 1643 qua
1397 1602 1518 1643 supra
1549 1592 1605 1645 (p.
1628 1589 1753 1645 XIII)
1784 1591 1871 1632 dixi

365 1666 528 1719 praesto
545 1664 638 1706 fuit.
662 1676 762 1718 quos
784 1677 879 1707 cum
900 1664 1054 1707 ueteris
1075 1665 1303 1719 scripturae
1324 1665 1569 1707 liniamenta
1588 1664 1768 1706 fideliter
1789 1676 1875 1706 ser-

367 1752 464 1782 uare
492 1739 852 1791 animaduerteret,
883 1752 924 1782 se
952 1752 1092 1782 eorum
1114 1739 1340 1794 scripturas
1361 1751 1502 1781 omnes
1523 1739 1566 1781 in
1587 1739 1675 1794 ipso
1707 1751 1877 1793 operum

368 1816 559 1858 contextu
595 1815 901 1868 repraesentare
938 1814 1129 1857 debuisse
1161 1814 1276 1866 dicit,
1315 1815 1385 1857 sed
1415 1814 1710 1856 festinantibus
1742 1813 1878 1868 operis

368 1889 676 1944 typographicis
710 1903 805 1932 cum
838 1890 978 1932 adesse
1008 1889 1089 1931 sibi
1116 1901 1196 1931 non
1216 1889 1372 1941 liceret,
1405 1889 1449 1930 id
1470 1889 1559 1930 fieri
1580 1901 1659 1931 non
1679 1889 1876 1942 potuisse.

369 1965 573 2019 relegauit
594 1964 726 2020 igitur
747 1964 992 2007 Veronensis
1022 1966 1063 2006 et
1084 1963 1364 2007 Beneuentani
1385 1964 1483 2006 libri
1503 1963 1877 2018 locupletissimam

370 2039 612 2082 memoriam
629 2039 672 2081 in
689 2039 1005 2089 obseruationes,
1026 2038 1274 2081 lectionibus
1295 2038 1437 2092 paucis
1453 2038 1495 2080 in
1513 2039 1674 2080 textum
1691 2037 1879 2091 receptis.

371 2113 561 2168 quamuis
571 2126 595 2155 a
606 2113 827 2155 Veronensi
839 2113 988 2165 codice,
1001 2113 1117 2155 cuius
1130 2113 1410 2155 condicionem
1419 2124 1498 2154 non
1509 2112 1780 2167 perspexerat,
1795 2111 1879 2152 fere

372 2190 484 2231 totus
506 2188 697 2242 pendeat,
720 2188 1015 2242 circumspecto
1038 2189 1079 2230 et
1096 2189 1216 2230 acuto
1238 2188 1390 2230 iudicio
1407 2187 1451 2229 in
1467 2187 1666 2241 eligendis
1687 2185 1878 2228 lectioni-

374 2264 450 2306 bus
480 2264 521 2305 et
549 2263 823 2317 ponderandis
851 2264 1040 2305 uersatus
1069 2262 1350 2304 emendatiora
1372 2263 1413 2304 et
1434 2261 1660 2316 integriora
1682 2259 1876 2314 Cypriani

374 2350 495 2391 opera
523 2338 655 2380 edidit
684 2351 809 2391 quam
840 2337 912 2391 qui
933 2350 979 2380 ea
1000 2338 1115 2391 prius
1138 2337 1457 2392 castigauerant.
1488 2337 1531 2378 in
1553 2336 1660 2378 calce
1683 2334 1881 2377 editionis

375 2413 537 2455 Nieolai
558 2412 682 2455 Fabri
712 2413 966 2455 coniecturas
995 2412 1272 2466 lectionesque
1294 2425 1395 2466 quas
1418 2425 1438 2454 e
1460 2410 1669 2453 codicibus
1692 2409 1764 2451 ille
1786 2421 1881 2450 eno-

211 2501 307 2527 Editio
376 2488 539 2530 tauerat
560 2487 723 2529 adiecit.
747 2487 923 2542 Rigaltii
946 2487 1169 2529 editionem
1191 2488 1332 2529 secuta
1353 2487 1416 2528 est
1433 2484 1673 2527 Oxoniensis
1696 2497 1730 2525 a.
1758 2483 1880 2525 1682.

251 2548 257 2553 ’
317 2547 321 2552 ’
378 2575 474 2604 nam
495 2562 712 2621 Reinharti
742 2562 868 2605 editio
900 2575 1002 2616 quae
1024 2575 1058 2604 a.
1086 2562 1193 2604 1681
1218 2560 1446 2603 Altdorfiae
1467 2558 1621 2612 prodiit
1641 2559 1798 2600 nullius
1821 2559 1884 2600 est

378 2637 598 2687 momenti3
621 2637 656 2679 is
679 2637 788 2679 enim
809 2638 970 2691 praeter
993 2636 1194 2679 editiones
1217 2635 1378 2689 aliquot
1399 2633 1652 2687 antiquiores
1676 2646 1696 2675 e
1712 2632 1883 2674 Norim-

380 2710 566 2764 bergensi
597 2711 849 2753 bibliotheca
881 2711 1076 2753 aduectas
1108 2722 1205 2752 mss.
1238 2710 1366 2751 libros
1397 2720 1496 2762 quos
1529 2707 1685 2749 frustra
1717 2707 1759 2748 in
1782 2706 1885 2749 Ger-

380 2785 542 2827 maniae
571 2785 834 2828 bibliothecis
855 2786 1086 2840 quaesierat
1107 2786 1243 2827 nullos
1265 2784 1495 2836 usurpauit.
1527 2781 1774 2824 Oxonienses
1797 2781 1884 2823 edi-

381 2860 489 2901 tores
511 2859 569 2901 Io.
593 2860 733 2901 Fellus
758 2860 972 2914 episcopus
995 2859 1236 2902 Oxoniensis
1259 2861 1300 2900 et
1322 2859 1377 2899 lo.
1401 2857 1646 2900 Pearsonius
1669 2856 1886 2910 episcopus
