2032 3248
328 240 409 282 108
736 241 926 277 Arnobii
959 242 1172 277 aduersus
1203 243 1405 278 nationes

326 358 453 411 roget,
486 369 556 399 cur
586 369 725 399 eorum
755 358 974 399 numinum
1004 370 1177 412 quorum
1214 358 1334 401 modo
1365 359 1536 400 fecimus
1571 359 1823 403 mentionem

327 430 414 469 tam
445 439 533 469 sero
565 427 826 481 susceperitis
858 428 1030 478 cultum,
1061 439 1326 481 responsuros
1356 440 1428 470 uos
1450 428 1609 470 certum
1639 429 1721 471 est:
1753 430 1824 472 aut

329 495 425 550 quia
455 496 549 537 illos
580 508 708 549 nuper
740 498 908 538 deorum
939 509 1026 539 esse
1046 497 1090 538 in
1110 508 1279 538 numero
1302 497 1596 548 nesciebamus,
1629 498 1701 539 aut
1729 498 1826 551 quia

326 578 432 607 nunc
454 577 595 606 sumus
615 577 639 606 a
658 565 822 607 uatibus
843 565 1002 617 moniti,
1032 567 1104 607 aut
1125 566 1221 619 quia
1240 565 1283 607 in
1304 566 1425 608 rebus
1446 566 1681 619 asperrimis
1701 567 1825 609 bene-

326 634 430 676 ficiis
462 647 601 677 eorum
632 647 773 676 sumus
799 635 1042 688 auxiliisque
1073 635 1239 677 seruati.
1271 635 1414 688 quodsi
1443 635 1518 677 hoc
1539 648 1563 677 a
1583 635 1698 677 uobis
1718 637 1826 678 recte
1856 650 1871 674 5

327 703 616 746 existimabitis
638 704 732 758 dici,
755 704 796 745 et
826 717 872 746 ex
902 704 1051 746 nostris
1082 704 1269 758 partibus
1290 704 1445 746 ratione
1466 705 1670 746 consimili
1691 705 1827 746 existi·

326 774 483 816 matote
505 785 591 815 esse
612 785 863 826 responsum.
896 773 1040 828 religio
1070 775 1212 815 nostra
1232 787 1340 815 nunc
1361 774 1457 816 nata
1477 775 1558 816 est:
1591 786 1698 815 nunc
1718 774 1827 815 enim

327 842 478 884 missus
509 842 676 884 aduenit
707 842 776 895 qui
807 855 896 884 eam
926 843 1042 884 nobis
1074 843 1316 893 ostenderet,
1348 842 1418 896 qui
1446 843 1489 884 in
1511 844 1596 885 eius
1617 842 1828 884 induceret

327 912 560 962 ueritatem,
593 911 663 964 qui
685 912 782 954 deus
804 913 1049 953 monstraret
1080 912 1179 965 quid
1201 912 1267 962 sit,
1301 913 1370 965 qui
1391 913 1442 953 ad
1464 912 1550 954 eius
1572 924 1644 953 nos
1666 911 1827 954 cultum

261 974 314 1014 74
329 979 379 1022 ab
401 980 521 1022 rebus
544 980 818 1033 opinabilibus
850 983 1052 1023 auocaret.
1100 982 1141 1023 et
1171 982 1283 1035 quid,
1314 982 1462 1034 inquit,
1494 983 1555 1023 est
1585 981 1723 1023 uisum
1755 981 1827 1023 deo
1840 996 1874 1022 ιο

328 1049 418 1103 regi
449 1061 495 1090 ac
524 1049 711 1102 principi,
743 1050 790 1091 ut
821 1052 914 1091 ante
945 1050 1077 1101 horas,
1110 1050 1454 1103 quemadmodum
1477 1050 1640 1101 dicitur,
1671 1063 1827 1105 paucu-

328 1117 391 1160 las
412 1118 632 1171 sospitator
654 1119 706 1160 ad
726 1130 799 1160 uos
822 1118 1010 1161 Christus
1031 1119 1132 1160 caeli
1154 1132 1200 1160 ex
1228 1119 1389 1161 arcibus
1410 1119 1671 1162 mitteretur?
1701 1119 1829 1161 inter-

328 1200 522 1242 rogamus
552 1190 593 1229 et
622 1200 693 1229 nos
725 1190 883 1230 contra:
930 1201 1033 1242 quae
1073 1201 1214 1240 causa,
1255 1201 1357 1242 quae
1393 1188 1497 1230 ratio
1536 1189 1617 1239 est,
1659 1188 1706 1230 ut
1750 1199 1829 1229 non

329 1255 414 1298 suis
445 1256 664 1310 aliquando
695 1257 921 1299 reddantur
950 1257 1160 1299 mensibus
1182 1258 1382 1311 tempora,
1416 1257 1486 1299 sed
1507 1258 1638 1300 serius
1659 1257 1827 1307 hiemes,

329 1326 459 1368 serius
492 1327 625 1368 aestas
656 1327 780 1379 atque
811 1327 1069 1369 autumnitas
1087 1326 1219 1369 fiant?
1250 1339 1321 1368 cur
1341 1328 1434 1380 post
1455 1339 1606 1368 messes
1629 1326 1829 1368 arefactas
1841 1342 1872 1367 15

329 1397 451 1448 atque
482 1395 663 1437 extincta
692 1395 901 1437 frumenta
932 1407 1240 1449 nonnumquam
1272 1395 1463 1438 decidant
1500 1395 1688 1449 pluuiae,
1728 1406 1829 1447 quas

329 1464 449 1505 rebus
488 1463 670 1517 oportuit
708 1464 984 1506 incolumibus
1023 1465 1109 1507 labi
1141 1466 1182 1507 et
1212 1465 1412 1519 temporis
1451 1463 1829 1519 opportunitatibus

216 1533 241 1566 f.
256 1533 317 1566 62δ
330 1533 590 1575 ministrari?
621 1533 747 1575 immo
778 1534 885 1575 illud
916 1534 1166 1587 exquirimus
1202 1533 1207 1590 Ι
1242 1535 1392 1587 potius,
1425 1547 1508 1585 cur,
1540 1534 1575 1576 si
1606 1532 1830 1574 Herculem

330 1602 510 1654 oportuit
547 1603 679 1653 nasci,
726 1602 761 1644 si
793 1602 1087 1656 Aesculapium
1126 1603 1378 1645 Mercurium
1414 1603 1609 1645 Liberum
1647 1602 1828 1654 aliosque

329 1671 556 1723 nonnullos,
589 1672 659 1725 qui
689 1675 729 1713 et
761 1671 943 1714 conciliis
975 1672 1296 1727 adiungerentur
1326 1673 1492 1715 deorum
1515 1673 1556 1714 et
1582 1670 1828 1713 mortalibus
1841 1683 1875 1709 20

330 1739 486 1793 aliquid
524 1740 722 1782 utilitatis
762 1741 984 1792 adferrent,
1025 1742 1112 1782 tam
1150 1753 1237 1782 sero
1269 1754 1292 1783 a
1323 1741 1420 1782 Ioue
1458 1740 1544 1782 sint
1575 1739 1749 1794 proditi,
1782 1739 1830 1780 ut

331 1808 418 1851 sola
448 1809 541 1851 illos
571 1810 790 1863 posteritas
822 1809 964 1860 sciret,
997 1809 1253 1863 superiorum
1284 1822 1379 1851 uero
1410 1810 1618 1864 ignoraret
1649 1807 1830 1861 antiqui-

330 1880 426 1920 tas?
470 1878 672 1920 rationem
710 1878 894 1932 aliquam
934 1878 1062 1920 fuisse
1092 1878 1252 1920 dicetis.
1300 1878 1406 1920 ratio
1438 1891 1534 1933 ergo
1566 1879 1607 1919 et
1637 1877 1704 1919 hic
1735 1876 1828 1927 fuit,

331 1959 403 1989 cur
440 1959 518 1989 non
556 1960 684 2001 nuper
722 1947 791 1989 sed
827 1947 946 1989 hodie
987 1947 1208 2000 sospitator
1247 1947 1376 1988 nostri
1415 1946 1574 2002 generis
1605 1944 1829 1988 adueniret.

331 2029 533 2070 quaenam
563 2016 693 2071 igitur
723 2017 829 2058 ratio
861 2018 954 2058 est?
983 2028 1063 2058 non
1092 2016 1202 2058 imus
1233 2015 1388 2058 infitias
1409 2016 1565 2058 nescire
1586 2027 1670 2056 nos.
1702 2025 1875 2067 neque25

331 2087 443 2127 enim
480 2086 718 2140 promptum
758 2088 820 2128 est
852 2086 1043 2139 cuiquam
1073 2085 1139 2127 dei
1169 2085 1352 2127 mentem
1382 2085 1542 2136 uidere,
1580 2086 1651 2125 aut
1682 2083 1831 2136 quibus

332 2154 465 2197 modis
495 2155 746 2196 ordinauerit
774 2166 837 2196 res
869 2166 983 2205 suas,
1014 2154 1135 2196 homo
1167 2154 1321 2195 animal
1352 2166 1517 2195 caecum
1549 2153 1590 2194 et
1620 2152 1757 2206 ipsum
1788 2164 1831 2194 se

331 2223 516 2266 nesciens
553 2223 650 2265 ullis
687 2225 823 2278 potest
861 2222 1092 2265 rationibus
1131 2223 1341 2276 consequi:
1388 2222 1486 2275 quid
1516 2223 1701 2275 oporteat
1731 2220 1830 2274 fieri,

331 2293 493 2347 quando
525 2293 591 2335 uel
622 2304 700 2346 quo
730 2304 889 2348 genere,
920 2292 1007 2346 ipse
1037 2304 1175 2334 rerum
1207 2294 1448 2334 cunctarum
1478 2292 1613 2344 pater,
1646 2290 1831 2331 modera-

378 2475 399 2510 3
424 2474 667 2509 nesciebamus
691 2472 785 2509 Sab:
815 2472 1053 2508 desciebamus
1079 2473 1115 2507 P
1246 2474 1268 2508 5
1291 2473 1356 2507 hoc
1381 2472 1456 2508 add
1480 2482 1498 2507 c
1628 2472 1649 2506 6
1672 2470 1832 2516 patribus

334 2532 371 2567 P
385 2542 467 2567 corr
597 2532 619 2566 8
641 2530 817 2566 inducere‘
833 2531 868 2565 P
999 2530 1043 2565 10
1060 2531 1227 2565 auocaret
1244 2531 1280 2565 P
1408 2529 1533 2574 inquid
1550 2530 1586 2564 P
1712 2528 1755 2562 11
1779 2529 1833 2562 at-

334 2599 401 2634 que
427 2589 501 2624 Sab
651 2589 694 2623 13
718 2599 780 2623 uos
805 2587 1098 2623 Elmenhorstius
1251 2587 1295 2622 14
1319 2587 1440 2632 hyems
1465 2586 1538 2621 sab
1690 2585 1733 2620 15
1757 2595 1833 2619 are-

334 2646 447 2681 factas
474 2646 567 2681 Sab:
598 2645 752 2680 arefacta
776 2646 812 2680 P
979 2645 1021 2679 17
1047 2646 1153 2688 atquc
1178 2644 1251 2679 Sab
1423 2643 1466 2678 18
1490 2643 1683 2678 bercualem
1708 2642 1744 2677 P

335 2704 378 2738 19
403 2704 545 2748 opotuit
569 2704 605 2738 P
627 2714 707 2738 corr
733 2714 751 2738 c
896 2702 940 2738 25
963 2703 1058 2736 imus
1084 2701 1178 2737 Sab:
1199 2702 1318 2736 minus
1342 2702 1377 2734 P
1517 2700 1673 2735 infi.cias
1699 2702 1730 2743 (c
1753 2699 1794 2733 in
1816 2700 1834 2733 t

335 2771 418 2795 corr
442 2762 485 2804 c‘)
512 2761 548 2795 Ρ
682 2761 725 2794 27
750 2770 822 2805 sqq.
847 2770 938 2794 suas.
963 2758 1065 2793 homo
1085 2784 1094 2793 .
1109 2786 1115 2793 .
1132 2786 1138 2792 .
1158 2759 1267 2793 nullis
1292 2760 1409 2803 potest
1433 2756 1633 2792 rationibus
1657 2755 1832 2800 consequi,

341 2845 349 2852 .
365 2845 372 2852 .
387 2844 395 2852 .
415 2828 557 2862 genere:
589 2818 663 2862 ipse
683 2846 689 2851 .
706 2843 735 2852 ..
756 2818 824 2852 scit
847 2816 885 2851 id
910 2816 1004 2850 solus
1031 2815 1131 2850 Salm
1280 2815 1325 2850 28
1350 2814 1460 2849 nullis
1492 2814 1562 2849 Urs
1715 2813 1833 2857 potest

340 2875 426 2911 Get.-
455 2877 579 2920 potens
604 2875 640 2910 P
