2032 3248
361 191 441 233 128
763 188 951 223 Arnobii
989 188 1202 223 aduersus
1239 189 1445 223 nationes

359 308 510 359 ponsa?
556 305 828 359 Aesculapius
874 303 1020 346 officiis
1065 305 1106 345 et
1149 304 1336 346 medendi
1381 304 1538 346 artibus
1583 305 1762 359 praeest:
1814 306 1853 346 et

359 388 430 417 cur
458 375 576 428 plura
607 373 845 415 morborum
877 373 918 414 et
949 372 1240 414 ualetudinum
1271 385 1420 427 genera
1450 374 1502 415 ad
1533 374 1753 416 sanitatem
1783 386 1854 415 ne-

358 445 512 497 queunt
552 442 964 494 incolumitatemque
1005 441 1186 495 perduci,
1229 442 1356 483 immo
1399 442 1473 484 sub
1515 442 1617 497 ipsis
1647 442 1752 483 fiunt
1782 455 1853 483 cu-

358 513 540 555 rantium
571 512 760 553 manibus
791 511 1023 553 atrociora?
1069 511 1187 552 curat
1217 511 1447 553 Mercurius
1486 523 1685 561 ceromas,
1716 511 1854 565 pugil-

358 581 512 624 latibus
553 582 594 622 et
634 580 927 622 luctationibus
967 581 1150 633 praeest:
1197 581 1238 621 et
1278 592 1349 622 cur
1388 580 1564 622 inuictos
1605 592 1744 622 omnes
1774 592 1853 621 non
1884 595 1897 618 ⁵

358 650 517 704 perficit
556 649 704 703 quibus
745 648 923 703 praeest,
966 661 1037 690 cur
1076 649 1198 690 unius
1239 649 1282 690 in
1323 648 1455 690 officio
1495 649 1751 702 praesidatus
1782 649 1853 690 hos

358 719 552 761 uictoriae
613 718 838 772 compotes,
896 718 998 759 alios
1048 730 1142 759 uero
1193 718 1421 771 perpetitur
1469 719 1741 773 ignominiosa
1790 719 1854 760 in—

293 787 344 827 24
357 788 555 830 firmitate
594 787 746 829 rideri?
791 788 1102 837 tutelatoribUS‚
1145 787 1300 842 inquit,
1346 788 1551 842 supplicat
1595 788 1676 830 diis
1722 800 1852 839 nemo,

356 859 398 899 et
437 857 589 899 idcirco
630 857 787 911 singuli
826 856 1103 899 familiaribus
1143 857 1288 899 officiis
1330 858 1451 910 atque
1491 857 1657 899 auxiliis
1692 858 1851 899 desunt.

356 926 435 968 nisi
475 927 584 967 enim
623 926 720 967 tura
752 926 792 967 et
822 926 950 967 salsas
991 926 1197 979 accipiant
1226 926 1385 981 fruges,
1427 926 1660 969 benefacere
1691 927 1749 969 dii
1781 939 1852 968 ne-
1869 944 1898 966 10

356 995 527 1048 queunt,
571 997 611 1036 et
643 994 724 1036 nisi
754 1006 946 1048 pecorum
977 995 1177 1049 sanguine
1209 995 1416 1038 delibutas
1448 1008 1542 1037 suas
1573 996 1853 1049 conspexerint

355 1064 510 1115 arulas,
553 1075 645 1105 suos
676 1064 870 1106 deserunt
900 1064 1021 1117 atque
1052 1064 1238 1106 abiciunt
1268 1064 1556 1118 praesidatus?
1601 1065 1746 1118 atquin
1778 1075 1851 1119 ego

355 1133 470 1175 rebar
508 1133 631 1186 paulo
669 1134 786 1184 ante,
828 1135 1073 1187 spontaneas
1110 1145 1197 1176 esse
1228 1134 1447 1175 numinum
1478 1134 1755 1188 benignitates
1787 1133 1853 1175 ul—

353 1203 497 1255 troque
527 1202 577 1244 ab
608 1202 673 1244 his
703 1202 827 1244 fluere
863 1202 1122 1256 inexpectata
1162 1203 1462 1245 beniuolentiae
1503 1215 1685 1245 munera.
1732 1216 1852 1244 num-

354 1271 452 1324 quid
493 1271 602 1313 enim
632 1284 701 1314 rex
732 1271 817 1325 poli
858 1271 1053 1313 libamine
1085 1271 1222 1325 aliquo
1255 1272 1487 1314 exambitur
1517 1273 1588 1314 aut
1619 1272 1772 1325 hostia,
1806 1272 1853 1313 ut
1867 1286 1896 1310 15

353 1340 491 1381 omnia
531 1340 612 1382 ista
652 1340 802 1394 quibus
838 1340 998 1382 uiuitur
1028 1340 1242 1382 commoda
1272 1341 1514 1383 mortalium
1544 1341 1737 1395 gentibus
1767 1340 1850 1382 lar-

352 1409 522 1463 giatur?
552 1421 632 1451 non
662 1410 865 1451 feruorem
896 1409 1122 1464 genitalem
1152 1409 1249 1451 solis
1281 1409 1394 1460 deus,
1426 1410 1557 1451 noctis
1579 1411 1620 1452 et
1650 1411 1848 1464 tempora.

352 1478 496 1520 uentos
537 1478 698 1531 pluuias
739 1478 879 1532 fruges
926 1479 1085 1520 cunctis
1131 1479 1422 1521 subministrat
1466 1479 1690 1532 aequaliter
1713 1478 1849 1521 ·bonis

351 1546 471 1588 malis
517 1546 683 1588 iniustis
728 1547 849 1588 iustis
903 1546 1092 1601 ingenuis
1143 1547 1271 1588 seruis
1322 1547 1570 1601 pauperibus
1621 1547 1849 1589 diuitibus?

351 1616 427 1657 hoc
458 1617 521 1657 est
551 1615 662 1657 enim
693 1615 904 1669 proprium
936 1615 1001 1657 dei
1021 1616 1203 1668 potentis
1225 1628 1272 1657 ao
1294 1615 1394 1667 ueri,
1428 1616 1636 1659 inexorata
1656 1615 1848 1658 beneficia
1863 1627 1895 1652 20

239 1694 263 1729 f.
277 1695 337 1727 73¹>
350 1684 543 1737 praebere
583 1684 700 1726 fessis
741 1685 864 1738 atque
903 1684 1103 1726 inualidis
1139 1683 1144 1740 1
1180 1684 1300 1726 rebus
1332 1685 1374 1726 et
1404 1685 1650 1727 multiformi
1690 1696 1849 1738 semper

353 1753 572 1807 asperitate
602 1753 783 1795 uallatis.
831 1766 927 1795 nam
959 1753 1170 1795 sacrificiis
1201 1753 1323 1796 editis
1354 1754 1396 1795 id
1427 1755 1533 1807 quod
1567 1753 1745 1808 poscaris
1776 1752 1847 1794 ad-

353 1835 491 1877 nuere,
522 1834 601 1864 non
632 1823 694 1863 est
729 1822 842 1864 istud
871 1822 1177 1876 postulantibus
1217 1822 1433 1865 subuenire
1473 1823 1543 1865 sed
1578 1821 1848 1877 benignitatis

352 1891 538 1945 propriae
569 1890 898 1933 munificentiam
928 1891 1152 1933 uenditare.
1200 1891 1382 1933 ludimus
1404 1892 1444 1934 et
1465 1891 1702 1933 lasciuimus
1731 1891 1849 1932 tanta

351 1961 392 2001 in
423 1972 465 2001 re
495 1960 692 2011 homines,
725 1961 766 2002 et
796 1960 866 2014 qui
897 1961 953 2002 sit
974 1962 1072 2003 deus
1100 1960 1235 2011 obliti,
1266 1961 1364 2014 quid
1393 1961 1516 2003 istius
1546 1959 1849 2015 magnificentia
1864 1974 1893 1998 25

352 2028 544 2079 nominis,
588 2029 782 2082 quicquid
813 2029 896 2071 uile
927 2030 994 2071 uel
1025 2029 1237 2071 sordidum
1268 2030 1493 2084 suspiciosa
1521 2029 1731 2083 potuimus
1762 2040 1847 2070 cre-

283 2102 335 2141 25
353 2097 528 2139 dulitate
565 2097 794 2152 confingere
836 2098 947 2140 diuis
984 2098 1229 2141 tutelaribus
1268 2099 1528 2154 adrogamus.
1575 2097 1846 2146 unctionibus,

397 2306 413 2337 1
432 2302 582 2337 officinis
602 2302 818 2337 Stewechius
933 2303 955 2337 4
972 2304 1071 2338 curat
1088 2303 1207 2338 Salon.-
1232 2295 1334 2338 curae
1353 2304 1405 2346 (in
1421 2314 1478 2348 my
1496 2304 1541 2346 ·.·)
1560 2303 1595 2336 P
1611 2313 1666 2336 om
1689 2302 1757 2335 Urs

349 2370 483 2393 ceroma
508 2359 582 2394 Sab
621 2359 787 2393 ceromasi
820 2359 888 2394 Urs
1026 2361 1048 2394 5
1073 2362 1231 2404 praestat
1256 2359 1328 2394 Sab
1468 2360 1487 2393 7
1519 2359 1690 2403 coinpotit
1715 2358 1846 2393 διεψε-

348 2417 450 2451 ultius
469 2418 643 2461 compotes
661 2427 733 2451 esse
757 2416 776 2450 {2
791 2427 863 2451 esse
882 2419 1057 2461 compotes
1082 2417 1101 2451 ,9
1226 2418 1248 2452 8
1264 2416 1478 2451 tutelaribus
1496 2416 1567 2451 Sab
1684 2416 1726 2450 10
1742 2415 1846 2449 thura

349 2484 392 2507 efc
416 2484 496 2508 cura
522 2474 558 2508 P
582 2474 661 2508 tura
686 2485 706 2507 r
859 2475 899 2509 11
927 2474 1100 2508 dilibutas
1126 2475 1162 2508 P
1298 2474 1341 2508 12
1358 2474 1580 2518 praesidatus
1599 2472 1691 2507 Sab:
1716 2473 1846 2517 praesi-

348 2530 466 2564 diatus
484 2531 518 2564 P
616 2530 747 2575 adquin
765 2531 801 2565 P
812 2542 893 2566 corr
994 2531 1037 2566 14
1054 2531 1248 2576 inexpetita
1274 2531 1341 2566 Urs
1439 2531 1606 2575 numquit
1624 2531 1659 2565 P
1674 2541 1755 2565 corr

348 2588 392 2621 16
418 2587 634 2622 commodam
659 2588 696 2622 P
719 2598 799 2622 corr
823 2591 852 2623 ε’
994 2588 1172 2633 gentibus]
1197 2589 1316 2632 generi
1349 2589 1415 2623 Urs
1554 2588 1594 2621 17
1620 2587 1793 2622 ferborem
1811 2588 1845 2621 P

348 2655 428 2680 corr
566 2646 609 2680 18
633 2644 774 2689 plubias
792 2646 827 2680 P
842 2656 923 2680 corr
1062 2647 1105 2680 19
1130 2646 1233 2680 iustis
1258 2646 1403 2680 iniustis
1420 2645 1577 2689 (iniustis
1594 2646 1698 2680 iustis
1718 2645 1844 2680 Hilde-

348 2701 539 2745 brandius)
574 2702 739 2746 ingenuis
777 2703 866 2737 Urs:
908 2703 1051 2738 iniustis
1078 2704 1113 2737 P
1294 2704 1338 2737 20
1369 2704 1528 2738 inexorta
1563 2703 1597 2736 P
1621 2713 1701 2736 corr
1725 2706 1753 2736 ε’

347 2758 393 2791 25
418 2758 500 2802 quid
528 2759 600 2793 Sab
