2032 3248
419 226 498 267 106
1042 220 1289 265 Appendix.

414 328 546 367 facta
578 331 689 366 sunt
720 328 852 366 facta
882 326 1039 364 illius.
1072 338 1116 364 ex
1152 338 1225 374 qua
1255 338 1296 365 re
1326 326 1504 374 quicquid
1539 326 1656 364 estin
1677 326 1746 364 hoc
1768 327 1915 364 saecule

412 399 560 435 terreno
584 398 758 434 sanctum
780 407 862 434 esse
883 408 958 434 non
980 397 1117 443 potest.

375 464 399 501 3
473 466 559 504 Sion
595 467 721 503 autem
757 466 921 503 montem
943 476 988 502 ex
1022 465 1241 512 prophetico
1279 464 1377 502 dicto
1415 465 1563 502 constat
1585 475 1665 502 esse
1688 466 1857 502 sanctum
1878 466 1916 501 et

413 535 634 581 spiritalem,
671 534 711 571 in
746 545 818 582 quo
853 535 980 572 monte
1017 534 1174 581 spiritus
1209 535 1363 571 sanctus
1388 533 1489 570 filius
1510 533 1580 570 Dei
1601 544 1664 570 rex
1685 532 1913 571 constitutus

413 605 483 650 est,
506 603 736 641 adnuntians
758 603 993 641 uoluntatem
1015 604 1052 640 et
1074 602 1272 650 imperium
1293 602 1363 640 Dei
1384 602 1506 649 patris
1529 602 1607 639 sui:
1639 604 1676 640 et
1698 602 1786 639 Sina
1806 613 1912 639 mon·
1930 616 1945 640 5

411 674 489 710 tem
510 683 591 710 esse
613 673 802 709 terrenum
823 672 861 709 in
885 671 990 709 arida
1019 672 1120 708 terra
1142 670 1402 717 constitutum,
1425 670 1489 718 qui
1511 672 1568 707 est
1588 670 1628 707 in
1650 670 1756 719 Syria
1778 670 1913 708 Palae-

414 741 524 787 stina,
557 741 620 778 ubi
643 742 700 778 est
722 743 824 778 terra
842 741 993 786 Iudaea,
1030 740 1094 777 ubi
1116 741 1174 778 est
1196 742 1233 777 et
1255 739 1391 777 ciuitas
1412 739 1478 776 illa
1499 739 1733 777 interfectrix
1753 739 1916 787 prophe-

413 812 550 856 tarum,
589 811 675 847 ante
712 810 819 847 cuius
854 811 985 856 portas
1015 809 1187 846 Christus
1209 821 1231 846 a
1252 808 1401 846 Iudaeis
1437 808 1636 846 crucifixus
1657 809 1714 845 est
1734 808 1773 845 in
1794 808 1915 854 horto,

413 890 507 927 quae
530 879 670 917 ciuitas
693 878 831 916 dicitur
853 878 1095 916 Hierusalem
1115 889 1183 925 per
1199 878 1351 915 Esaiam
1371 878 1595 925 prophetam
1617 876 1781 925 spiritali
1802 876 1916 914 uerbo

414 949 585 985 execrata
621 948 658 984 et
695 946 886 993 derelicta,
919 957 986 984 nec
1024 946 1213 984 inmerito.
1246 948 1283 984 et
1319 946 1419 984 Deus
1453 958 1497 984 ex
1532 946 1660 984 eodem
1681 947 1807 984 monte
1829 945 1917 983 Sina
1931 962 1964 986 10

414 1017 563 1054 terreno
598 1027 665 1063 per
694 1016 850 1063 Moysen
886 1015 1009 1052 adhuc
1038 1015 1077 1052 in
1114 1026 1225 1052 carne
1247 1017 1398 1053 terrena
1419 1014 1532 1062 primi
1553 1014 1716 1052 hominis
1751 1015 1917 1062 positum

411 1084 549 1131 populo
586 1084 811 1122 Iudaeorum
847 1085 995 1122 terreno
1018 1085 1056 1121 et
1077 1083 1219 1121 carnali
1239 1083 1362 1131 legem
1383 1083 1498 1121 dedit.
1531 1096 1552 1122 a
1574 1084 1651 1122 Deo
1674 1084 1816 1131 accepit
1838 1084 1916 1121 illis

411 1153 647 1199 tradendam,
687 1152 818 1200 digitis
855 1152 973 1190 sacris
1008 1152 1189 1199 scriptam
1217 1152 1256 1190 in
1289 1153 1435 1191 duabus
1464 1153 1607 1191 tabulis
1628 1153 1803 1200 lapideis,
1827 1152 1917 1190 licet

411 1221 544 1269 digitis
577 1221 694 1259 sacris
724 1223 852 1259 tamen
882 1221 1015 1269 digitis
1044 1221 1083 1258 in
1114 1221 1235 1269 figura
1255 1221 1394 1268 carnis,
1427 1221 1534 1269 quasi
1556 1221 1693 1268 populo
1715 1221 1859 1259 carnali
1880 1223 1917 1259 et

411 1275 614 1328 durissimo
637 1290 735 1328 sicut
755 1290 910 1328 fuerunt
930 1290 1082 1328 tabulae
1108 1290 1278 1337 lapideae
1301 1290 1538 1337 durissimae,
1561 1290 1601 1328 in
1618 1290 1755 1337 quibus
1775 1290 1918 1328 tabulis
1933 1306 1965 1330 15

411 1358 535 1407 legem
556 1361 794 1407 acceperunt.
816 1359 899 1397 ideo
921 1359 961 1396 in
983 1359 1152 1397 duabus:
1176 1359 1395 1407 significans
1418 1370 1462 1397 ex
1483 1359 1628 1397 unitate
1649 1358 1779 1407 populi
1800 1359 1918 1397 diuidi

413 1428 506 1465 duas
541 1430 681 1475 partes,
719 1430 865 1475 partem
901 1439 996 1475 quae
1019 1428 1190 1465 saluatur
1211 1430 1249 1466 et
1277 1429 1423 1475 partem
1448 1428 1680 1466 incredulam
1702 1439 1796 1475 quae
1817 1428 1918 1475 perit

413 1496 560 1534 dicente
600 1497 734 1544 angelo
776 1498 822 1534 ad
864 1497 1070 1535 Rebeccam
1109 1507 1263 1535 uxorem
1304 1497 1412 1535 Isaac
1430 1511 1438 1534 z
1491 1498 1608 1534 duae
1654 1498 1826 1544 gentes
1870 1497 1917 1534 in

413 1567 554 1603 utero
585 1567 667 1603 tuo
700 1569 815 1603 sunt
846 1567 892 1603 et
922 1566 1010 1603 duo
1041 1565 1211 1613 populi
1242 1567 1295 1603 de
1326 1567 1493 1603 uentre
1525 1567 1604 1603 tuo
1635 1565 1918 1603 diuidentur

413 1634 458 1671 et
503 1634 710 1682 populus
754 1634 981 1681 populum
1028 1634 1282 1681 superabit
1326 1636 1372 1671 et
1417 1634 1565 1672 maior
1610 1634 1795 1672 seruiet
1836 1633 1914 1671 mi·
1930 1651 1965 1676 20

413 1701 534 1739 nori.
566 1713 655 1739 uero
691 1702 860 1740 Rebecca
892 1701 1052 1750 figuram
1088 1704 1214 1749 portat
1243 1702 1443 1750 ecclesiae,
1482 1703 1580 1741 sicut
1611 1703 1718 1741 Isaac
1747 1702 1806 1740 uir
1836 1702 1916 1740 eius

411 1772 543 1819 typum
576 1770 616 1807 in
652 1782 690 1808 se
731 1771 909 1819 portabat
945 1770 1100 1810 Christi.
1147 1783 1235 1819 ergo
1277 1783 1360 1809 cum
1397 1771 1489 1810 dicit
1520 1773 1636 1810 duae
1667 1774 1838 1820 gentes
1869 1773 1916 1810 in

501 1904 522 1938 9
547 1903 589 1938 cf.
615 1904 672 1937 Es.
698 1904 729 1946 3,
756 1904 811 1939 26.
952 1905 995 1939 18
1020 1905 1104 1939 Gen.
1131 1905 1185 1947 25,
1212 1905 1267 1940 23.

504 2032 521 2065 1
548 2033 602 2066 est
625 2042 691 2066 om.
718 2045 742 2076 μ
841 2032 863 2065 2
890 2031 981 2075 quod
1007 2033 1166 2066 sanctum
1196 2033 1228 2066 T
1318 2032 1340 2065 3
1364 2032 1582 2076 prophetico]
1609 2032 1765 2076 profecto
1795 2033 1869 2076 Τμ1

410 2088 544 2123 dictum
571 2091 612 2132 μι
780 2089 803 2122 4
827 2090 984 2122 montem
1009 2089 1056 2123 M
1230 2089 1379 2133 spiritus
1405 2091 1548 2123 sanctus
1575 2090 1623 2124 M
1628 2090 1711 2134 1Τμ,
1740 2101 1760 2124 a
1786 2090 1915 2134 spiritu

412 2148 533 2180 sancto
557 2147 643 2181 M²v
782 2147 804 2180 5
828 2146 883 2180 dei
908 2146 961 2187 M
989 2146 1044 2180 dei
1069 2148 1105 2180 et
1135 2148 1209 2191 Τμ;
1232 2147 1317 2189 fort.
1346 2146 1403 2181 dei
1428 2146 1465 2181 id
1490 2148 1545 2180 est
1692 2147 1713 2181 6
1736 2149 1914 2181 terrenum

411 2214 483 2237 esse
507 2215 528 2238 v
637 2203 769 2248 syriam
794 2203 1032 2248 palaestinam
1057 2204 1105 2238 Μ
1110 2205 1160 2238 ¹T
1267 2205 1285 2238 7
1311 2203 1437 2238 iudaea
1462 2204 1536 2249 ubi]
1563 2203 1691 2238 iudaea
1715 2204 1768 2238 ibi
1794 2205 1867 2248 Τμι

410 2261 432 2295 8
455 2262 595 2305 portam
621 2271 640 2295 v
795 2271 815 2294 a
839 2271 904 2295 om.
932 2261 983 2295 Tv
1144 2262 1165 2295 9
1190 2261 1321 2295 eseiam
1346 2262 1401 2304 M,
1426 2262 1554 2296 isaiam
1579 2275 1601 2306 μ
1759 2262 1914 2307 spiritali

410 2318 516 2352 uerbo
543 2319 612 2363 Τμ,
638 2318 851 2362 spiritaliter
874 2329 957 2353 uero
982 2318 1050 2354 Mv
1217 2319 1262 2354 10
1287 2319 1370 2363 quia
1395 2321 1430 2353 et
1455 2320 1538 2354 deus
1563 2331 1585 2355 v
1748 2320 1790 2354 12
1816 2319 1914 2354 dedit

409 2387 477 2411 om.
503 2376 605 2411 MTv
774 2387 795 2410 a
820 2375 896 2421 deo]
924 2376 1008 2420 quia
1033 2378 1068 2410 et
1093 2376 1179 2410 adeo
1204 2389 1231 2422 μ
1401 2377 1517 2421 legem
1543 2387 1563 2411 a
1588 2376 1651 2411 deo
1677 2377 1814 2421 accepit
1838 2388 1913 2411 non

409 2433 599 2478 distinquit
623 2444 644 2468 v
805 2433 935 2477 accipit
962 2433 994 2467 T
1145 2433 1192 2469 13
1219 2435 1350 2478 scripta
1377 2434 1409 2468 T
1562 2434 1605 2468 14
1629 2434 1737 2478 digiti
1762 2434 1799 2468 in
1824 2434 1873 2468 M

409 2490 453 2523 15
478 2490 626 2534 tabulis]
653 2490 739 2524 talis
765 2490 798 2524 T
942 2491 984 2525 16
1010 2490 1216 2535 significans
1242 2492 1293 2536 ex]
1320 2492 1405 2535 quia
1430 2491 1650 2536 significaret
1674 2503 1695 2526 v
1832 2491 1911 2525 uni-

406 2548 520 2580 tatem
546 2547 628 2581 MT
784 2547 898 2582 diuidi
921 2547 1008 2582 duas
1033 2549 1076 2591 μ’
1101 2548 1143 2582 in
1167 2559 1293 2593 marq„
1320 2548 1508 2583 diuidduas
1534 2549 1574 2590 T,
1601 2548 1765 2582 diuiduas
1790 2549 1843 2593 μ’,
1870 2548 1912 2582 de

406 2603 494 2638 duas
518 2604 567 2638 M
587 2604 640 2647 (as
663 2605 706 2639 in
731 2604 819 2639 abus
844 2615 936 2640 corr.
961 2616 1006 2639 m.
1032 2607 1083 2648 2),
1110 2605 1226 2640 diuidi
1251 2607 1289 2640 in
1306 2606 1393 2640 duas
1418 2618 1439 2641 v
1548 2606 1590 2640 17
1615 2606 1778 2650 partibus
1802 2605 1866 2639 Μ1

406 2663 544 2705 partem
570 2661 748 2696 incredula
775 2663 816 2704 T,
841 2673 922 2707 pars
950 2662 1130 2697 incredula
1155 2663 1205 2697 M
1353 2664 1461 2708 periit
1485 2677 1510 2708 μ
1669 2663 1712 2697 18
1736 2662 1909 2697 dicentem

407 2718 456 2752 M
460 2719 507 2752 ¹T
657 2719 824 2763 angelum
851 2720 913 2753 Μι
1070 2720 1111 2753 19
1137 2719 1348 2755 deuidentur
1375 2721 1408 2755 T
1557 2719 1601 2753 20
1627 2719 1809 2764 superauit
1836 2719 1868 2753 T

405 2775 450 2809 21
477 2786 558 2809 uero
593 2776 633 2817 T,
663 2787 785 2810 uerum
819 2777 930 2821 Μμυ;
955 2776 1000 2819 cf.
1030 2788 1069 2820 p.
1095 2779 1173 2818 105,
1199 2779 1222 2811 9
1450 2778 1582 2822 portat]
1617 2777 1785 2821 portabat
1817 2788 1865 2822 μυ

407 2833 514 2866 sicuti
540 2846 565 2878 μ
