2032 3248
847 201 973 235 Liber
1000 202 1045 235 ΙΙ.
1629 206 1683 247 55

202 316 527 369 conprehenditis
565 316 748 357 millibus
780 316 1020 357 credulitate
1055 317 1301 358 adseueretis
1334 317 1452 367 duce,
1485 330 1682 370 quaenam

202 385 297 425 haec
328 388 388 425 est
427 385 623 425 iudicatio
662 388 745 425 tam
789 384 958 429 iniusta,
999 388 1043 424 ut
1073 388 1251 426 nostram
1292 385 1508 427 derideatis
1548 386 1681 435 fidem,

202 466 449 505 quamquam
481 464 552 494 uos
584 453 729 494 habere
770 452 1002 505 conspicitis
1039 455 1219 493 nostram
1258 453 1541 495 credulitatem
1573 467 1682 495 com-

202 524 394 562 munem?
440 521 510 562 sed
542 521 792 574 sapientibus
824 533 895 561 uos
926 521 1025 561 uiris
1064 521 1329 574 omnibusque
1359 521 1568 563 instructis
1599 522 1682 563 dis-

173 590 441 641 sciplinarum
480 590 697 644 generibus
736 589 910 630 creditis.
951 601 1093 641 nempe
1131 588 1236 637 11113,
1270 589 1339 641 qui
1370 589 1473 630 nihil
1505 590 1682 631 sciscunt

201 671 271 699 nec
303 659 567 710 pronuntiant
598 671 744 707 unum,
788 658 856 710 qui
888 670 958 709 pro
990 658 1073 698 suis
1105 657 1318 699 sententiis
1352 658 1457 698 bella
1488 670 1577 698 cum
1610 658 1681 698 ad-

200 725 456 767 uersantibus
488 728 701 767 conserunt
732 730 771 767 et
793 726 1016 778 peruicacia
1045 738 1201 778 semper
1223 725 1501 779 digladiantur
1526 725 1680 775 hostili,

200 795 267 847 qui
313 807 404 835 cum
450 794 553 835 alter
600 794 767 835 alterius
811 794 1059 835 labefactant
1111 794 1324 834 destruunt
1371 794 1682 846 conuelluntque

200 864 373 912 decreta,
405 865 550 903 cuncta
582 862 735 903 incerta
766 862 944 903 fecerunt
975 874 1046 903 nec
1078 874 1192 914 posse
1217 862 1371 914 aliquid
1403 863 1495 903 sciri
1526 875 1570 902 ex
1593 862 1682 915 ipsa

156 947 187 971 ιο
199 931 445 972 dissensione
475 933 765 971 monstrarunt.
813 931 881 972 sed
915 929 1098 971 officiant
1130 930 1226 971 haec
1257 930 1360 971 nihil
1390 931 1571 983 nihilque
1603 931 1680 971 im-
1701 932 1744 971 11

199 999 394 1052 pediam,
443 998 668 1052 plurimum
718 999 932 1051 quominus
983 999 1040 1040 eis
1091 1000 1250 1040 credere
1299 1001 1420 1051 atque
1460 999 1686 1041 auscultare

199 1067 400 1109 debeatis:
448 1068 488 1108 et
519 1067 616 1120 quid
647 1068 728 1117 est,
775 1068 880 1120 quod
912 1067 953 1108 in
984 1067 1058 1109 hac
1096 1069 1209 1119 parte
1247 1068 1317 1108 aut
1360 1079 1430 1108 uos
1461 1068 1684 1120 plurimum

199 1136 384 1178 habeatis
415 1138 485 1176 aut
515 1148 586 1177 nos
607 1136 774 1177 minus?
807 1148 876 1177 uos
897 1136 1073 1186 Platoni,
1107 1148 1178 1177 uos
1200 1135 1356 1186 Cronio,
1391 1148 1462 1177 uos
1485 1136 1686 1177 Numenio

200 1206 265 1246 uel
297 1206 360 1246 cui
392 1204 563 1245 libuerit
594 1204 780 1245 creditis:
812 1217 882 1245 nos
905 1204 1106 1245 credimus
1130 1205 1170 1245 et
1191 1204 1489 1256 adquiescimus
1512 1203 1683 1245 Christo.

157 1273 395 1326 isiniquitas
426 1273 523 1314 haec
555 1273 705 1325 quanta
735 1276 815 1319 est,
857 1276 902 1314 ut
934 1285 1026 1314 cum
1065 1272 1227 1324 utrique
1266 1272 1496 1314 auctoribus
1527 1275 1683 1314 stemus

200 1342 333 1394 sitque
372 1341 487 1382 nobis
519 1342 559 1382 et
590 1341 705 1382 uobis
743 1354 869 1382 unum
908 1344 947 1382 et
979 1341 1132 1382 socium
1173 1340 1354 1391 credere,
1394 1341 1508 1383 uobis
1546 1341 1686 1382 uelitis

200 1410 287 1451 dari
318 1411 423 1463 quod
453 1410 512 1451 ita
542 1411 591 1452 ab
624 1411 710 1451 illis
742 1410 901 1451 dicatur
931 1410 1129 1463 accipere,
1162 1423 1233 1452 nos
1265 1423 1311 1452 ea
1342 1423 1444 1463 quae
1474 1410 1683 1463 proferun-

200 1482 267 1520 tur
298 1491 320 1519 a
351 1479 513 1521 Christo
549 1479 553 1534 Ι
590 1480 729 1521 0011110
768 1480 807 1520 01
852 1481 1032 1532 spectare
1078 1480 1246 1521 nolitis?
1293 1481 1435 1533 atquin
1473 1481 1505 1520 si
1545 1492 1686 1521 causas
1701 1488 1779 1520 f.32

200 1549 344 1597 causis,
376 1549 511 1600 partes
544 1548 731 1602 partibus
763 1548 1012 1590 uoluerimus
1035 1560 1218 1601 aequare,
1253 1549 1385 1603 magis
1407 1560 1477 1590 nos
1500 1549 1685 1590 ualemus

155 1633 187 1656 ευ
201 1618 422 1667 ostendere,
454 1618 551 1670 quid
583 1620 621 1659 in
645 1616 802 1659 Christo
835 1617 1030 1659 fuerimus
1059 1620 1186 1659 secuti
1218 1631 1340 1671 quam
1377 1618 1418 1659 in
1440 1618 1686 1670 philosophis

200 1687 297 1738 quid
325 1699 408 1727 uos.
457 1699 502 1727 ac
534 1699 604 1727 nos
644 1687 806 1740 quidem
847 1688 886 1728 in
925 1687 994 1727 illo
1042 1688 1168 1728 secuti
1216 1687 1314 1728 haec
1359 1699 1519 1728 sumus:
1568 1699 1687 1739 opera

200 1755 308 1796 illius
347 1755 562 1809 magnifica
601 1755 983 1807 potentissimasque
1023 1756 1217 1805 uirtutes,
1264 1768 1364 1808 quas
1403 1755 1527 1796 uariis
1559 1754 1687 1795 edidit

201 1824 461 1876 exhibuitque
502 1825 730 1874 miraculis,
778 1824 925 1877 quibus
968 1825 1101 1876 quiuis
1139 1828 1273 1877 posset
1313 1826 1362 1866 ad
1402 1825 1686 1866 necessitatem

201 1893 453 1933 credulitatis
485 1893 629 1933 adduci
661 1893 700 1933 et
739 1893 915 1933 iudicare
955 1893 1146 1943 fideliter,
1188 1905 1264 1933 non
1296 1905 1378 1934 esse
1411 1905 1512 1945 quae
1545 1893 1687 1934 fierent

156 1960 378 2001 :15h0mllllS
409 1961 478 2001 sed
516 1961 678 2001 diuinae
717 1961 887 2001 alicuius
928 1962 1048 2013 atque
1080 1962 1307 2014 incognitae
1337 1962 1565 2013 potestatis,
1615 1973 1686 2002 1103

204 2030 242 2069 111
274 2028 522 2081 philosophis
565 2029 738 2069 uirtutes
778 2031 907 2070 secuti
947 2041 1046 2081 quas
1085 2029 1201 2078 estis,
1244 2033 1290 2069 ut
1330 2030 1461 2082 magis
1502 2041 1572 2069 uos
1604 2028 1686 2070 11113

202 2109 323 2149 quam
354 2109 426 2137 nos
457 2096 620 2138 Christo
651 2098 874 2149 oportuerit
905 2097 1093 2138 credere?
1125 2098 1390 2149 quisquamne
1412 2097 1576 2138 illorum
1610 2097 1686 2138 011-

202 2166 360 2218 quando
392 2166 512 2207 uerbo
543 2177 620 2206 uno
650 2167 785 2218 potuit
817 2167 887 2207 aut
918 2166 1037 2206 unius
1070 2166 1225 2217 imperii
1259 2165 1431 2206 iussione
1452 2177 1529 2206 non
1553 2165 1683 2206 dicam

252 2359 265 2390 1
296 2357 437 2390 milibus
465 2356 499 2389 P
649 2356 670 2389 3
696 2366 903 2399 quamquam
932 2357 1078 2399 scripsi:
1115 2367 1217 2400 quam
1246 2357 1280 2390 P
1435 2358 1588 2391 nostram
1615 2368 1686 2390 cre-

203 2412 389 2446 dulitatem
409 2413 555 2455 scripsi.-
581 2415 701 2445 nostra
724 2413 760 2445 in
779 2412 986 2446 credulitate
1005 2413 1039 2446 P
1058 2415 1178 2446 nostra
1203 2424 1279 2446 cum
1298 2413 1504 2447 credulitate
1530 2414 1596 2447 I'rs

203 2471 223 2502 ξ*
240 2470 368 2512 aliquit
389 2470 420 2503 P
437 2480 516 2503 corr
662 2470 706 2504 10
724 2469 911 2502 (113303101ιο
932 2470 964 2502 I’
1111 2470 1267 2503 efficiant
1290 2470 1360 2503 &ab
1499 2470 1586 2503 nihil
1613 2471 1686 2504 add

202 2526 389 2560 ,ileum-ius
527 2526 705 2568 nihilquae
731 2526 764 2558 Ι)
783 2537 863 2559 corr
1001 2527 1042 2559 13
1067 2526 1208 2560 Plotino
1241 2527 1307 2560 L'rs
1445 2528 1569 2561 Cronio
1598 2528 1685 2561 Urs.-

203 2584 357 2617 crotonio
385 2584 418 2616 Ι)
581 2584 621 2616 15
646 2583 803 2624 utrisque
833 2583 899 2616 §ab
1054 2586 1185 2616 stemus
1211 2584 1326 2626 sitque
1356 2584 1440 2617 Gel:
1478 2586 1613 2628 tempus
1639 2585 1685 2617 sit

203 2651 290 2683 quae
318 2641 350 2673 J>
483 2640 522 2672 1?
551 2640 705 2672 dicatur:
731 2639 882 2682 accipere
912 2639 977 2672 (iel
1115 2650 1175 2672 nos
1200 2639 1282 2673 Gel:
1310 2651 1368 2673 uos
1389 2641 1422 2674 P
1562 2644 1600 2675 18
1626 2641 1683 2675 ad-

203 2697 286 2740 quin
313 2698 347 2730 1)
491 2699 534 2730 20
560 2696 662 2729 sicuti
691 2696 723 2728 Ι)
743 2706 821 2729 corr
970 2695 1149 2739 pliilosofis
1177 2697 1209 2729 Ι)
1349 2697 1392 2730 22
1416 2697 1514 2732 111103
1539 2699 1684 2741 scripsi:

204 2753 257 2786 illi
280 2755 310 2787 Ι)
334 2754 396 2786 1110
416 2754 486 2786 Sal,
505 2755 539 2787 ιή
560 2768 568 2782 ι
582 2764 616 2785 rr
754 2752 1103 2795 potentissiinasquae
1130 2753 1163 2785 P
1175 2764 1255 2786 corr
1394 2755 1436 2787 28
1462 2765 1550 2788 unus
1569 2756 1638 2788 Sab
