2032 3248
815 167 943 200 Lib-21·
973 167 1036 200 111.
1585 170 1663 210 115

181 282 218 322 in
252 281 386 322 nisum
418 281 634 334 aliquando
667 282 935 334 notitiamque
966 282 1142 334 perlati?
1182 294 1308 335 neque
1339 283 1446 324 enim
1479 283 1571 324 sciri
1604 284 1664 323 est

179 350 319 402 facile,
362 350 529 392 definita
560 352 600 392 et
631 352 739 392 certa
770 350 823 391 sit
854 362 992 391 eorum
1025 350 1181 391 numeri
1224 351 1445 393 multitudo
1489 364 1539 392 an
1578 351 1663 393 sine

178 420 261 461 ulla
302 419 587 473 populositatis
626 431 785 460 summa
824 419 877 459 sit
916 431 988 460 nec
1029 420 1341 471 computationis
1384 420 1557 461 alicuius
1597 433 1663 461 ra-

177 489 355 530 tionibus
395 488 628 529 terminata.
676 487 877 541 fingamus
917 487 1025 527 enim
1066 499 1136 527 uos
1176 487 1268 529 deos
1308 488 1424 529 mille
1462 488 1662 542 percolere

150 556 239 597 sue]
273 556 388 597 milia
419 557 553 609 potius
586 556 782 608 quinque:
819 557 861 596 at
893 554 934 594 in
967 568 1100 596 rerum
1144 559 1289 597 natura
1327 557 1460 609 potest
1492 556 1661 597 forsitan

178 624 281 674 fieri,
323 627 367 665 ut
406 626 570 665 deorum
608 623 724 665 milia
764 627 927 664 centum
967 624 1069 673 sint,
1103 626 1251 677 potest,
1291 626 1337 665 ut
1368 625 1440 666 hoc
1472 625 1661 677 amplius,

175 694 321 742 imino,
364 692 468 745 quod
507 692 681 733 diximus
721 692 840 745 paulo
878 692 988 745 ante,
1027 694 1160 744 potest
1190 695 1354 734 deorum
1387 705 1546 734 summa
1577 705 1662 734 esse

177 762 289 802 nulla
315 761 319 815 Ι
346 774 417 802 nec
449 760 691 802 numerabili
720 760 1090 814 circumscriptione
1110 760 1235 801 finita.
1277 763 1347 801 aut
1379 761 1507 814 igitur
1529 762 1569 802 et
1590 773 1660 801 uos
1677 772 1756 806 fiee

175 831 310 883 impii,
351 830 419 882 qui
459 832 615 882 praeter
652 829 745 870 deos
783 841 929 881 paucos
968 830 1215 882 reliquorum
1247 829 1378 871 officia
1410 842 1488 870 non
1521 830 1657 880 obitis,

130 900 244 939 mant
276 898 309 939 si
341 898 456 939 uobis
487 898 651 938 ueniam
684 898 906 938 ceterorum
937 898 1191 951 ignorantiae
1222 898 1452 950 postulatis,
1487 899 1654 940 eandem

174 968 213 1008 et
253 967 366 1007 nobis
407 966 675 1008 conciliabitis
715 967 896 1015 ueniam,
943 966 976 1007 si
1014 978 1084 1019 pro
1123 967 1238 1019 parte
1277 967 1479 1008 consimili
1522 979 1659 1008 eorum

174 1035 439 1088 religionibus
471 1035 720 1075 abstinemus
752 1046 849 1086 quos
883 1047 967 1075 esse
999 1035 1161 1076 omnino
1193 1035 1410 1076 nescimus.
1453 1036 1492 1076 et
1521 1037 1696 1077 tamenG

173 1117 220 1144 ne
252 1117 321 1145 nos
353 1105 567 1156 quisquam
600 1102 867 1155 peruicaciter
898 1103 1116 1144 arbitretur
1148 1104 1400 1145 sacramenta
1431 1104 1538 1145 nolle
1570 1117 1657 1145 sus-

172 1173 300 1225 cipere
332 1174 558 1213 ceterorum
590 1183 864 1224 quaecumque
903 1174 997 1212 sunt
1036 1172 1261 1212 numinum.
1309 1172 1474 1213 denotas
1507 1172 1656 1214 etenim

127 1244 328 1282 151nentes
369 1242 408 1282 et
456 1253 599 1282 manus
646 1239 922 1293 protendimus
969 1241 1170 1294 supplices
1224 1253 1351 1293 neque
1398 1254 1658 1294 aspernamur

171 1321 423 1362 quocumque
462 1308 738 1349 inuitaueritis
776 1309 981 1357 accedere,
1028 1309 1061 1349 si
1093 1309 1211 1350 modo
1244 1309 1457 1359 discamus,
1491 1309 1656 1362 quinam

171 1378 238 1418 isti
279 1378 361 1418 sint
399 1376 529 1418 diuini
577 1389 675 1430 quos
716 1376 832 1417 nobis
871 1376 1069 1430 ingeritis,
1104 1378 1143 1418 et
1174 1390 1271 1430 quos
1303 1390 1374 1430 par
1405 1378 1460 1418 sit
1491 1377 1656 1431 adiungi

170 1446 318 1486 summi
350 1445 457 1499 regis
488 1458 533 1486 ac
555 1445 748 1498 principis
771 1445 1030 1486 uenerationi.
1065 1444 1277 1496 Saturnus,
1300 1446 1446 1498 inquit,
1470 1446 1509 1486 et
1531 1446 1656 1487 Ianus

169 1515 240 1567 est,
274 1513 461 1555 Minerua
492 1514 593 1555 Iuno
624 1513 770 1565 Apollo
808 1513 942 1554 Venus
979 1514 1253 1566 Triptolemus
1298 1515 1494 1555 Hercules
1537 1515 1657 1567 atque

126 1583 237 1624 2021st
269 1582 405 1635 ceteri,
439 1582 584 1634 quibus
616 1581 853 1636 magnificas
887 1582 1004 1623 aedes
1042 1583 1198 1624 cunctis
1239 1596 1366 1636 paene
1407 1583 1448 1624 in
1490 1583 1657 1625 urbibus

170 1651 357 1704 religiosa
389 1649 638 1692 consecrauit
661 1650 898 1702 antiquitas.
931 1651 1110 1692 inuitare
1132 1662 1201 1691 nos
1223 1651 1393 1692 forsitan
1415 1651 1464 1692 ad
1486 1652 1656 1693 istorum

168 1719 382 1761 numinum
414 1719 651 1771 potuissetis
683 1718 853 1769 cultum,
887 1719 920 1759 si
952 1731 1024 1760 non
1059 1719 1138 1771 ipsi
1171 1731 1242 1760 uos
1269 1720 1391 1773 primi
1424 1720 1653 1772 opinionum

169 1789 350 1840 turpium
389 1787 583 1829 foeditate
614 1786 717 1828 talia
749 1787 795 1828 de
834 1788 917 1828 illis
958 1787 1240 1841 confingeretis
1279 1800 1380 1840 quae
1421 1800 1498 1829 non
1538 1789 1655 1829 modo

168 1857 333 1897 illorum
364 1857 594 1909 polluerent
626 1856 871 1909 dignitatem
903 1856 971 1897 sed
1002 1856 1168 1897 minime
1200 1856 1293 1897 illos
1329 1868 1413 1897 esse
1443 1856 1655 1908 qualitati-

125 1926 240 1966 abus
280 1926 574 1977 conprobarent
616 1924 671 1964 eis
709 1924 923 1965 adiunctis.
975 1924 1121 1965 adduci
1158 1926 1264 1965 enim
1296 1926 1474 1978 primum
1506 1925 1578 1966 hoc
1610 1926 1655 1966 ut

168 1993 378 2034 credamus
402 2005 478 2033 non
496 2006 721 2046 possumus,
747 1992 1021 2033 immortalem
1044 1993 1160 2033 illam
1178 1993 1654 2046 praestantissimamque

166 2066 352 2102 naturam
386 2062 561 2102 diuisam
593 2073 678 2102 esse
710 2073 779 2113 per
810 2073 926 2102 sexus
959 2063 997 2102 et
1030 2073 1115 2102 esse
1154 2064 1313 2115 partem
1353 2074 1474 2102 unam
1505 2074 1651 2111 mares,

167 2135 322 2182 partem
356 2142 442 2171 esse
476 2130 647 2170 alteram
680 2130 864 2171 feminas.
898 2142 1016 2181 quem
1049 2129 1210 2182 quidem
1243 2130 1375 2170 locum
1407 2130 1525 2181 plene
1547 2129 1650 2170 iam-

167 2198 318 2238 dudum
351 2197 536 2238 homines
567 2198 738 2251 pectoris
772 2197 857 2238 uiui
889 2199 974 2238 tam
998 2198 1189 2238 Romanis
1221 2197 1371 2238 litteris
1403 2197 1651 2249 explicauere

214 2323 225 2352 1
256 2321 366 2353 uisum
398 2321 601 2354 Jleursius:
639 2331 738 2353 usuin
767 2320 799 2352 ]›
932 2321 951 2351 :3
990 2319 1209 2363 populositas
1249 2321 1345 2354 Snlm
1485 2322 1505 2354 5
1541 2321 1582 2355 ad
1620 2321 1652 2354 P

165 2388 243 2410 cort·
429 2380 544 2420 potest
570 2379 603 2410 et
633 2377 701 2410 Sub
887 2379 927 2410 10
954 2376 1141 2419 postulatis
1168 2376 1261 2410 Sab:
1294 2377 1501 2420 postulastis
1528 2379 1562 2411 P

168 2434 206 2467 13
224 2434 433 2467 arbitretcur
452 2435 485 2467 P
504 2444 584 2467 corr
722 2434 896 2476 suscipere
919 2434 949 2466 P
1089 2433 1127 2466 14
1147 2435 1229 2466 sunt
1248 2433 1319 2467 add
1337 2445 1354 2467 c
1479 2435 1520 2468 15
1536 2445 1651 2479 asper-

165 2501 287 2523 namur
307 2491 395 2524 S'ab:
422 2501 645 2534 aspernamus
666 2491 699 2523 P
838 2490 879 2522 143
903 2500 1116 2532 quocumque
1144 2489 1234 2523 Sal).-
1260 2490 1500 2534 quodcumque
1527 2492 1559 2526 P

165 2547 204 2580 17
225 2548 295 2581 sint
314 2549 574 2581 Jleanzammx:
600 2549 680 2580 sunt
700 2547 735 2580 P
894 2546 967 2579 diui
989 2546 1061 2580 Sal)
1232 2547 1273 2579 18
1291 2547 1413 2590 inquid
1435 2549 1467 2581 P
1483 2559 1560 2582 corr

164 2615 249 2638 anus
278 2606 310 2638 Ι)
333 2616 413 2638 corr
438 2609 465 2638 ε’
595 2604 636 2637 19
661 2604 723 2646 est]
751 2607 784 2636 et
813 2602 907 2636 Salui
1037 2603 1263 2645 treptoleinus
1283 2603 1316 2636 P
1449 2605 1596 2639 herculis
1618 2606 1651 2639 P

164 2672 242 2694 corr
391 2663 495 2704 atque
519 2661 591 2703 alii]
618 2659 844 2702 Aesculapius
875 2659 942 2692 L'rs
1092 2659 1136 2691 20
1159 2659 1263 2692 ceteri
1289 2659 1495 2694 Memmius.-
1534 2664 1568 2696 ot
1593 2673 1647 2696 cc-

164 2718 229 2751 teri
257 2719 290 2751 P
436 2719 479 2751 ⁴25
505 2716 769 2759 corripi-‹marent
794 2715 837 2748 iis
864 2714 1169 2749 lindebrandum.-
1208 2716 1468 2759 conprobaretis
1497 2719 1529 2751 P
1557 2729 1648 2752 com-

164 2774 351 2817 probarent
374 2774 559 2808 Heraldus

1465 2846 1513 2876 841·
