2032 3248
383 229 463 271 194
786 226 977 261 Arnobii
1009 228 1225 261 aduersus
1265 227 1471 261 nationes

381 343 509 393 sedeS,
542 343 857 385 maledictorum
887 344 1073 394 materia,
1106 344 1219 385 locus
1250 344 1419 396 quidam
1448 345 1668 396 expositus,
1700 343 1742 385 in
1763 355 1883 397 quem

382 413 602 467 spurcitiae
624 425 665 454 se
686 424 825 455 omnes
846 412 1101 454 sentinarum
1120 425 1140 454 e
1162 412 1473 454 conluuionibus
1494 413 1738 454 deriuarent.
1761 425 1883 466 quem

382 484 521 525 tamen
552 483 587 524 si
618 481 813 524 diceretis
834 495 929 524 cum
950 482 1153 523 extraneis
1174 481 1368 524 habuisse
1390 482 1682 524 commercium
1702 481 1883 533 feminis,

379 552 510 606 impia
546 564 610 593 res
649 551 836 604 quidem,
877 550 947 592 sed
983 550 1212 592 tolerabilis
1251 552 1358 593 esset
1386 551 1689 594 maledictionis
1719 552 1883 594 iniuria.

381 621 559 663 etiamne
589 621 633 662 in
662 622 853 672 matrem,
887 620 1067 661 etiamne
1097 620 1140 661 111
1169 619 1301 662 filiam
1332 620 1490 663 efferati
1520 622 1694 675 pectoris
1725 622 1883 676 appeti·
1916 636 1929 659 ⁵

380 690 563 732 tionibus
594 689 841 741 adhinniuit,
872 701 1003 742 neque
1034 689 1155 731 illum
1186 690 1384 732 sanctitas
1415 691 1487 732 aut
1516 691 1746 733 reuerentia
1766 704 1885 746 gene-

264 779 366 813 f.110
380 761 507 810 tricis,
538 760 679 801 horror
711 759 836 801 etiam
866 758 1051 813 pignoris
1082 771 1129 799 ex
1160 770 1202 799 se
1230 759 1312 800 sati
1333 758 1382 800 ab
1404 759 1584 813 imagine
1604 760 1742 813 potuit
1766 758 1771 816 1
1799 761 1886 802 tam

314 837 365 877 23
380 830 520 871 foedae
571 828 834 883 cogitationis
884 827 1113 869 abducere?
1162 827 1311 870 uellem
1361 827 1500 881 itaque
1549 828 1688 870 uidere
1727 829 1887 882 patrem

379 899 502 941 illum
538 899 708 939 deorum
736 897 898 950 Iouem,
943 897 1150 938 aeternam
1181 909 1318 938 rerum
1349 898 1470 950 atque
1506 897 1720 939 hominum
1751 901 1887 953 potes-

380 968 520 1018 tatem,
553 967 721 1008 bubulis
752 978 838 1008 esse
869 965 1177 1008 cohonestatum
1208 966 1411 1017 cornibus,
1450 966 1631 1009 hirsutas
1662 967 1888 1022 agitantem
1901 985 1933 1008 10

381 1050 521 1086 aures,
579 1036 798 1078 contractis
842 1035 888 1076 in
933 1035 1111 1090 ungulas
1140 1062 1162 1082 ÷÷
1191 1035 1421 1090 gressibus,
1476 1036 1757 1091 rumigantem
1797 1038 1888 1091 pal-

382 1106 506 1148 lentis
554 1105 701 1147 herbas
747 1106 788 1146 et
827 1116 874 1145 ex
920 1104 1035 1158 parte
1075 1104 1233 1158 postica
1274 1104 1448 1146 caudam
1495 1105 1739 1160 suffragines
1783 1107 1888 1148 talos

380 1175 499 1217 molli
529 1174 626 1216 fimo
656 1174 854 1227 perlitum
876 1174 1000 1227 atque
1021 1173 1220 1215 intestina
1239 1174 1426 1227 proluuie
1448 1173 1691 1216 delibutum.
1723 1175 1887 1226 uellem,

381 1243 564 1297 inquam,
586 1242 1017 1285 uidere—dicendum
1038 1242 1102 1284 est
1122 1243 1234 1284 enim
1250 1245 1411 1297 saepius
1424 1244 1746 1297 —torquentem
1766 1244 1890 1286 illum

383 1312 517 1354 sidera
548 1313 589 1354 et
619 1313 691 1366 qui
721 1312 900 1366 pallidas
939 1311 1126 1353 nationes
1164 1311 1324 1366 fragore
1364 1312 1564 1365 perterret
1595 1313 1637 1355 et
1666 1313 1889 1366 prosternit
1903 1329 1933 1352 15

382 1382 689 1424 consectantem
709 1392 931 1423 ueruecum
953 1392 1113 1435 gregeS,
1135 1379 1425 1434 inspicientem
1446 1381 1658 1423 testiculos
1680 1381 1886 1433 arietinos,

382 1451 648 1505 arripientem
677 1451 752 1493 hos
782 1463 909 1492 manu
940 1450 1125 1492 censoria
1162 1449 1238 1492 illa
1275 1452 1398 1503 atque
1439 1451 1581 1493 diuina
1617 1464 1696 1505 qua
1726 1451 1889 1493 uibrare

382 1532 567 1562 coruscos
612 1520 732 1574 ignes
763 1520 805 1561 et
835 1519 994 1560 saeuire
1032 1517 1278 1560 fulminibus
1317 1520 1459 1561 suetus
1498 1520 1579 1570 est,
1625 1522 1716 1561 tum
1747 1520 1890 1562 deinde

382 1590 539 1631 secreta
573 1589 795 1631 rimantem
836 1588 1031 1642 [feruenti
1070 1587 1224 1642 nullas]
1272 1589 1570 1642 summotisque
1608 1589 1775 1630 arbitris
1808 1589 1888 1630 cir-

383 1658 607 1700 cumiectas
639 1658 822 1712 prolibus
844 1657 1108 1711 diripientem
1144 1657 1449 1699 membranulas
1480 1657 1736 1711 feruentique
1757 1658 1889 1700 adhuc
1902 1673 1935 1698 20

382 1727 506 1769 matri
536 1728 655 1769 uelut
685 1727 884 1781 quasdam
914 1726 1067 1768 infulas
1090 1725 1312 1768 eliciendae
1332 1727 1610 1770 miserationis
1631 1727 1888 1770 offerentem:

383 1796 599 1838 diductum
628 1796 835 1850 pallidum
866 1795 1074 1846 saucium,
1112 1795 1380 1837 simulantem
1416 1796 1566 1838 doloris
1595 1809 1732 1839 cruces
1762 1798 1803 1838 et
1837 1796 1890 1838 ad

382 1865 505 1907 fidem
551 1865 660 1908 facto
699 1865 931 1907 faciendam
974 1864 1145 1906 arietino
1182 1865 1379 1919 sanguine
1418 1865 1728 1918 coinquinatum
1767 1867 1808 1907 et
1845 1866 1889 1907 in

381 1935 593 1977 mendacia
624 1934 809 1976 uulneris
839 1933 969 1976 laneis
1000 1932 1140 1976 fasciis
1171 1933 1436 1987 linteolisque
1466 1934 1715 1976 contectum.
1746 1934 1890 1976 hocine

383 2003 516 2045 audiri
548 2003 589 2045 et
618 2003 774 2058 perlegi
805 2003 881 2045 sub
911 2003 1055 2045 1111111111
1093 2003 1169 2044 1100
1190 2005 1291 2045 axe?
1323 2005 1364 2045 et
1385 2015 1451 2045 eos
1483 2003 1552 2056 qui
1575 2003 1675 2045 haec
1710 2004 1890 2045 tractant
1904 2019 1933 2044 25

383 2071 610 2114 existimari
641 2084 684 2114 se
714 2072 823 2114 uelle
853 2072 955 2127 pios,
988 2073 1149 2114 sanctos
1180 2072 1508 2126 religionumque
1530 2072 1747 2114 custodes?
1778 2074 1889 2114 estne

430 2232 449 2265 1
475 2242 574 2275 seges
597 2232 664 2267 Urs
802 2233 825 2266 2
851 2233 1075 2267 sentinarum
1092 2232 1213 2267 Salm:
1238 2225 1440 2267 sci-'enarum
1465 2233 1520 2275 (in
1542 2243 1598 2278 ‘my
1625 2235 1669 2275 ·.·)
1694 2233 1731 2267 P
1754 2242 1891 2266 50001111-

384 2299 461 2322 rum
479 2288 554 2323 Sab
570 2299 751 2324 scenarum
775 2289 854 2332 Get,
870 2301 891 2324 1·
1016 2302 1034 2324 0
1059 2290 1191 2325 addidi
1207 2294 1294 2325 ante
1316 2290 1601 2333 conluuionibus,
1625 2289 1796 2325 Oehlerus
1807 2293 1890 2333 post

384 2369 505 2393 omnes
635 2359 658 2393 4
682 2359 903 2394 malectionis
922 2359 993 2394 Sab
1010 2370 1093 2395 corr
1108 2360 1151 2394 in
1167 2371 1227 2394 err
1357 2361 1379 2394 5
1403 2349 1562 2394 efferatio
1580 2360 1616 2394 P
1744 2359 1765 2392 6
1790 2358 1890 2392 adin-

384 2415 478 2449 niuit
503 2416 539 2449 P
679 2418 722 2451 11
748 2417 920 2452 lacunam
943 2418 1111 2463 siquam.-
1137 2417 1378 2452 ambulantem
1401 2416 1628 2452 intercidisse
1651 2416 1800 2451 uidetur

384 2472 626 2507 ruminantem
652 2473 724 2508 Sab
863 2475 907 2508 12
931 2474 1142 2519 suffragine,
1167 2475 1242 2509 talo
1268 2474 1341 2509 Sab
1482 2475 1526 2509 13
1559 2473 1662 2508 molli
1686 2474 1770 2508 fimo
1801 2473 1891 2508 Urs:

384 2530 598 2565 mollissimo
623 2531 666 2574 P,
692 2530 766 2566 sab
803 2532 1015 2566 mollissima
1039 2534 1069 2566 ε’
1104 2532 1332 2566 111011155111105
1360 2531 1428 2567 Gel
1565 2531 1726 2575 prolubio
1751 2531 1788 2565 P
1810 2541 1892 2565 coro·

384 2598 419 2621 m
435 2598 451 2621 s
469 2587 548 2622 XV
682 2588 876 2623 dilibutum
901 2590 937 2624 P
1075 2589 1120 2624 15
1144 2589 1312 2634 perterrit
1329 2589 1366 2624 P
1381 2599 1463 2624 corr
1479 2591 1509 2624 c‘
1647 2588 1691 2622 16
1708 2588 1891 2622 uerbecum

385 2644 421 2678 P
433 2655 516 2679 corr
533 2648 562 2680 c‘
686 2646 730 2680 17
747 2656 874 2680 manus
892 2647 928 2681 P
943 2657 1024 2681 corr
1151 2647 1194 2681 18
1212 2647 1367 2681 saeuirae
1384 2647 1419 2680 P
1435 2657 1517 2681 corr
1531 2656 1551 2680 1·
1678 2645 1721 2679 19
1738 2645 1891 2679 feruenti

386 2702 504 2736 nullas
517 2703 662 2738 seclusit
674 2704 831 2739 Zinkius
847 2704 1001 2738 feruenti
1018 2704 1123 2738 smila
1141 2704 1206 2739 θεῖ
1222 2703 1375 2738 feruenti
1393 2703 1430 2737 in
1448 2703 1519 2738 olla
1538 2703 1605 2737 Urs
1621 2703 1685 2737 illa
1700 2703 1800 2737 Salm

386 2760 432 2794 20
456 2760 613 2804 11101111115
638 2761 723 2803 Sab,
747 2773 788 2795 r.-
819 2762 953 2796 rolibus
978 2762 1015 2796 P
1159 2761 1437 2796 membranullas
1462 2761 1498 2795 P
1639 2760 1683 2794 22
1709 2759 1890 2794 diductum

386 2817 534 2861 scripsi.-
559 2817 749 2852 deductum
773 2819 809 2852 P
975 2819 1087 2853 crucis
1112 2819 1150 2853 P
1172 2818 1283 2853 cruris
1306 2829 1342 2852 m
1364 2828 1382 2852 s
1406 2817 1485 2852 XV
1644 2817 1688 2851 23
1713 2816 1891 2851 arietinon

387 2875 423 2908 P
439 2885 520 2908 corr
536 2884 557 2908 r
680 2876 718 2909 in
735 2875 868 2911 addidi
992 2876 1037 2910 24
1054 2876 1201 2910 uulnera
1223 2876 1292 2910 Urs
1410 2875 1523 2909 laneis
1542 2874 1633 2910 Sab:
1658 2874 1749 2908 lanis
1766 2874 1802 2908 P

388 2931 513 2966 fasceis
540 2932 576 2966 P
714 2933 759 2968 25
782 2943 843 2967 axe
867 2934 958 2968 Sab:
983 2944 1041 2968 ase
1066 2934 1102 2968 P
1238 2933 1282 2966 26
1306 2932 1386 2976 111115
1411 2932 1446 2966 P
1466 2943 1549 2967 corr
1574 2943 1591 2967 0
