2032 3248
390 203 444 246 38
794 201 988 236 Arnobii
1016 201 1230 236 aduersus
1259 201 1472 236 nationes

388 318 483 360 sunt
521 316 588 358 uel
629 328 731 369 quae
761 315 811 357 ab
844 315 930 356 eius
968 315 1234 369 praeconibus
1271 314 1361 368 pari
1399 314 1486 356 iure
1516 316 1558 357 et
1586 315 1769 368 potentia
1799 316 1877 356 ter-

386 386 564 440 minata,
611 385 745 439 magis
776 395 848 426 uos
877 384 1106 426 incredulos
1145 383 1295 425 faceret
1334 383 1398 424 uis
1436 384 1553 426 tanta
1581 384 1807 434 uirtutum>
1838 387 1878 427 et

386 454 685 508 adprehendere
704 453 840 495 locum
861 452 1035 494 fortasse
1056 452 1241 506 1108εο118,
1273 464 1351 505 quo
1372 453 1582 494 uideretur
1603 465 1688 495 esse
1709 453 1877 495 similli-

385 537 501 566 mum
531 523 632 575 ueri,
666 523 707 564 et
736 522 986 563 incrementa
1016 522 1136 563 rebus
1175 521 1361 574 adposita
1391 522 1431 563 et
1460 522 1613 564 inditas
1645 522 1807 577 scriptis
1839 525 1878 565 et

293 604 373 636 f.2·2
388 592 692 635 commentariis
737 590 952 633 falsitates
990 590 995 647 Ι
1030 591 1099 633 sed
1145 603 1274 644 neque
1319 591 1455 632 omnia
1495 591 1692 633 conscribi
1733 593 1805 634 aut
1835 592 1877 634 in
1908 610 1922 634 5

385 674 500 705 aures
532 661 716 703 omnium
745 661 956 715 peruenire
994 662 1214 714 potuerunt
1254 661 1370 714 gesta
1411 661 1603 715 gentibus
1643 661 1684 702 in
1724 661 1877 715 ignotis

385 731 425 773 et
455 743 577 772 usum
615 729 885 772 nescientibus
924 729 1180 780 litterarum,
1223 730 1295 770 aut
1325 729 1442 782 siqua
1472 730 1567 770 sunt
1598 729 1750 771 litteris
1782 742 1876 771 con—

385 799 755 853 scriptionibusque
799 798 1012 850 mandata,
1061 798 1351 840 maleuolentia
1395 797 1657 849 daemonum,
1706 810 1878 851 quorum

384 881 480 911 cura
510 870 550 909 et
580 868 763 909 studium
796 869 857 909 est
887 867 991 909 hanc
1021 867 1211 920 intercipi
1242 867 1482 921 ueritatem,
1524 868 1566 909 et
1601 867 1878 910 consimilium

382 937 447 979 his
477 937 690 978 hominum
736 936 979 990 interpolata
1015 936 1214 989 quaedam
1247 937 1288 978 et
1326 936 1490 987 addita,
1535 937 1687 991 partim
1718 938 1922 978 mutatam

383 1010 504 1060 atque
561 1006 744 1048 detracta
794 1006 930 1047 uerbis
981 1005 1150 1059 syllabis
1199 1006 1381 1060 litteris,
1430 1009 1477 1048 ut
1526 1007 1567 1047 et
1615 1005 1877 1060 prudentium

381 1076 592 1118 tardarent
628 1075 752 1116 fidem
792 1076 832 1116 et
870 1075 1078 1129 gestorum
1121 1076 1425 1128 corrumperent
1455 1075 1757 1117 auctoritatem.
1809 1077 1878 1116 sed

380 1157 604 1198 numquam
643 1143 785 1194 fuerit,
830 1144 895 1184 his
933 1144 1033 1185 bene
1064 1145 1111 1185 ut
1142 1142 1331 1185 Christus
1372 1143 1441 1197 qui
1479 1143 1603 1186 suerit
1642 1145 1878 1186 litterarum

380 1214 630 1256 testimoniis
661 1213 892 1268 colligatur,
925 1213 1040 1255 cuius
1072 1212 1114 1254 in
1145 1213 1187 1254 id
1220 1213 1354 1255 solum
1386 1213 1555 1255 dimissa
1578 1214 1638 1254 est
1666 1226 1798 1264 001180,
1831 1215 1878 1254 ut

381 1284 416 1325 si
448 1296 534 1325 esse
566 1283 798 1325 constiterit
830 1296 875 1324 ea
905 1295 1002 1324 uera
1033 1295 1135 1335 quae
1167 1283 1361 1334 dicimus,
1405 1282 1654 1324 confessione
1695 1283 1875 1325 omniun]
1893 1299 1919 1322 15

314 1357 363 1397 57
381 1354 478 1394 deus
516 1352 641 1394 fuisse
678 1354 941 1393 monstretur.
993 1364 1072 1393 non
1113 1351 1277 1393 creditis
1320 1352 1485 1404 scriptis
1516 1352 1691 1394 nostris:
1736 1352 1776 1393 et
1807 1363 1876 1392 nos

379 1422 527 1464 uestris
558 1434 638 1462 non
676 1422 880 1463 credimus
918 1421 1094 1474 scriptis.
1152 1421 1257 1462 falsa
1296 1421 1343 1461 de
1375 1420 1538 1462 Christo
1570 1420 1875 1474 compingimus:

380 1491 421 1532 et
451 1501 523 1531 uos
555 1490 603 1531 de
645 1489 724 1531 diis
769 1490 919 1531 uestris
966 1489 1102 1531 inania
1139 1491 1181 1531 et
1211 1489 1315 1531 falsa
1360 1490 1548 1539 iactatis;
1594 1501 1722 1542 neque
1768 1489 1876 1530 enim

379 1559 488 1600 caelo
528 1558 624 1600 deus
664 1558 814 1611 aliquis
853 1559 993 1612 lapsus
1035 1559 1097 1600 est
1141 1559 1211 1599 aut
1249 1559 1333 1600 suis
1371 1570 1433 1600 res
1479 1561 1640 1600 uestras
1671 1570 1876 1599 commen-

378 1628 490 1669 tatus
522 1627 584 1669 est
620 1627 809 1669 manibus
848 1629 920 1669 aut
949 1627 1106 1669 ratione
1137 1627 1341 1669 consimili
1372 1627 1522 1669 nostris
1554 1627 1675 1669 rebus
1707 1628 1747 1669 et
1778 1627 1876 1668 reli-
1891 1643 1922 1668 ρο

379 1696 568 1750 gionibus
606 1697 833 1750 derogauit.
886 1697 935 1738 ab
976 1697 1211 1738 hominibus
1242 1696 1341 1737 haec
1379 1697 1555 1749 scripta:
1601 1698 1641 1737 et
1672 1696 1748 1737 1110
1779 1697 1876 1737 sunt

378 1765 427 1807 ab
459 1765 694 1807 hominibus
735 1765 905 1818 scripta,
947 1765 1191 1807 mortalibus
1230 1766 1473 1807 edissertata
1513 1765 1788 1815 sermonibus;
1837 1766 1876 1806 et

379 1834 577 1888 quidquid
623 1835 755 1876 dicere
787 1835 836 1876 de
866 1835 1018 1876 nostris
1050 1835 1391 1887 conscriptoribus
1430 1834 1715 1885 intenderitis,
1757 1835 1798 1875 et
1829 1834 1875 1875 de

377 1904 527 1945 uestris
572 1903 670 1945 haec
709 1904 819 1945 dicta
863 1903 1031 1957 paribus
1072 1903 1223 1945 sumite
1262 1903 1382 1956 atque
1418 1903 1611 1945 habetote
1641 1902 1872 1944 momentis.

377 1972 506 2014 uultis
552 1986 649 2014 uera
693 1985 779 2014 esse
826 1985 928 2026 quae
972 1973 1014 2014 in
1053 1973 1201 2014 uestris
1247 1972 1518 2025 conprehensa
1555 1973 1652 2012 sunt
1691 1971 1919 2024 scriptis:25

377 2042 418 2082 et
449 2052 550 2094 quae
580 2042 623 2083 in
653 2042 806 2083 nostris
839 2042 1079 2096 consignata
1110 2043 1205 2083 sunt
1234 2042 1388 2083 litteris
1416 2040 1693 2083 confiteamini
1714 2052 1874 2082 necesse

378 2110 440 2152 est
470 2123 554 2152 esse
593 2124 700 2152 uera.
752 2111 949 2152 falsitatis
991 2111 1166 2165 arguitis
1204 2123 1268 2152 res
1298 2111 1479 2152 nostras:
1528 2111 1568 2151 et
1606 2121 1677 2151 nos
1716 2110 1874 2150 uestras

267 2188 365 2222 f‚22b
382 2179 594 2234 arguimus
637 2180 846 2222 falsitatis.
883 2179 887 2235 Ι
924 2179 993 2222 sed
1024 2181 1274 2234 antiquiora,
1306 2179 1500 2232 inquitis,
1534 2180 1672 2220 nostra
1703 2179 1799 2220 sunt
1829 2192 1873 2220 ac

379 2261 450 2302 per
481 2248 555 2289 hoc
584 2248 678 2290 fidei
711 2250 751 2290 et
782 2250 972 2291 ueritatis
1003 2249 1265 2303 plenissima:
1307 2248 1422 2302 quasi
1453 2261 1550 2290 uero
1582 2260 1764 2290 errorum
1795 2259 1872 2289 non

423 2429 443 2463 1
467 2429 669 2466 terminata.
702 2430 817 2473 magis
843 2431 954 2476 uulgo
1138 2431 1159 2464 2
1184 2430 1310 2465 faceret
1335 2431 1369 2463 P
1542 2432 1592 2476 et]
1623 2435 1684 2466 aut
1711 2433 1782 2467 Sab

377 2486 398 2520 3
423 2489 491 2530 quo
523 2487 612 2521 Urs:
644 2487 736 2531 quod
762 2488 796 2520 P
946 2489 967 2522 9
992 2488 1200 2532 intercipere
1226 2488 1297 2522 Sab
1451 2489 1491 2522 11
1518 2488 1628 2533 adque
1653 2491 1687 2522 P
1837 2497 1872 2525 et

377 2540 616 2588 prudentium]
650 2543 687 2578 id
711 2544 927 2579 credentium
960 2545 1026 2579 Urs
1173 2545 1215 2579 12
1239 2545 1421 2580 tardarent
1452 2546 1535 2580 Gel:
1568 2546 1726 2581 tardaret
1750 2549 1784 2580 P

379 2603 640 2645 corrumperent
671 2602 755 2636 Gel:
784 2604 1017 2646 corrumperet
1040 2603 1074 2635 P
1211 2603 1252 2637 13
1276 2613 1466 2647 numquam
1491 2604 1616 2646 fuerit,
1641 2604 1695 2638 his
1721 2607 1807 2639 bene
1832 2608 1871 2639 ut

378 2667 457 2691 cum
484 2659 554 2692 Sab
585 2660 649 2692 (ἰῶ
681 2659 747 2693 Urs
765 2664 818 2694 etc
842 2660 1005 2704 Zinkius,
1032 2661 1105 2694 nisi
1128 2660 1224 2705 quod
1246 2661 1315 2694 erit
1329 2662 1520 2705 proponit:
1546 2672 1738 2705 numquam
1764 2662 1871 2696 fuerit

374 2713 434 2747 his
457 2714 552 2756 bene,
579 2719 618 2749 ut
643 2717 798 2751 (stellius
936 2718 978 2752 14
1003 2718 1149 2752 dimissa
1174 2721 1257 2752 sunt
1275 2719 1346 2753 Sab
1485 2718 1527 2753 16
1551 2729 1625 2753 mos
1644 2720 1676 2752 P
1699 2730 1781 2754 corr

378 2771 420 2804 17
445 2774 682 2816 conpi'giznns
709 2775 741 2806 P
893 2775 937 2809 20
961 2786 1005 2808 au
1030 2777 1064 2808 P
1086 2786 1167 2810 corr
1192 2787 1209 2810 c
1362 2775 1406 2809 22
1431 2775 1621 2810 edisertata
1644 2777 1679 2810 P
1702 2777 1870 2811 edisserta

375 2828 451 2862 Sal>
588 2830 632 2863 23
657 2831 735 2874 quic
747 2832 819 2874 1:de
847 2832 880 2873 (0
906 2843 950 2867 ea:
975 2832 1010 2876 d)
1036 2833 1070 2865 P
1205 2833 1248 2866 24
1273 2833 1364 2866 dista
1390 2834 1425 2866 P
