2032 3248
316 221 400 263 378
1015 221 1147 255 Index

365 323 464 367 quies
490 325 526 357 et
553 323 658 358 timor
682 324 761 367 522,
787 325 849 366 173
875 324 950 358 eius
977 325 1068 358 uitia

365 380 455 413 quae
479 370 737 413 grassabantur
769 372 851 404 ante
877 370 1090 414 persecuti-

349 426 463 457 ¹onem
490 415 628 457 240,13
654 427 704 460 sq.
729 417 853 461 populi
878 416 1069 460 aliquando

363 461 541 495 numerosi
556 462 743 506 multiplex
757 463 986 497 lamentanda
999 463 1089 503 iac-

362 509 446 541 tura
482 509 536 541 est
567 509 645 551 239,
673 509 732 550 16;
758 509 836 550 241,
864 510 925 551 18;
962 509 1068 543 eccle-

365 553 418 588 sia
443 564 504 597 per
529 554 669 598 lapsum
692 555 907 598 quorundam
927 555 1070 599 presby-

362 602 519 634 terorum
546 600 706 634 desolata
723 601 801 643 586,
818 602 856 643 83
882 601 967 636 cleri
992 612 1069 645 por-

362 646 414 680 tio
439 645 539 690 lapsa
564 646 731 689 509,10;
763 647 882 682 clerici
907 647 1069 681 nonnulli

362 694 581 726 recesserunt
612 674 690 735 570,
725 692 786 735 143
812 695 966 738 quinque
991 704 1069 738 pre-

363 738 500 782 sbyteri
517 740 639 773 contra
658 739 874 783 Cyprianum
893 739 1070 773 coniurati

361 784 440 825 591,
465 784 487 818 5
512 795 562 828 sq.
600 796 639 819 ea
672 784 803 830 gaudet
834 786 877 820 de
901 786 1069 820 Romanis

361 830 619 865 confessoribus
644 831 682 865 in
715 831 897 866 ecclesiam
923 831 1068 866 redeun-

361 876 460 910 tibus
500 876 635 918 609,1
673 888 725 921 sq.
766 877 808 912 de
848 874 1088 912 confessione

362 922 518 957 Cornelii
543 905 621 965 691,
646 924 668 958 8
694 935 745 968 sq.

316 967 458 1004 Cassius
485 969 668 1013 episcopus
695 970 856 1014 766,12,·
883 969 1025 1005 Cassius
1050 981 1069 1004 a

360 1015 625 1049 Macomadibus
650 1015 728 1058 445,
753 1016 774 1050 6

316 1061 479 1096 Castores
507 1061 560 1103 19,
587 1061 630 1095 1O

315 1106 445 1142 Castra
470 1106 619 1141 Galbae:
646 1108 777 1142 Lucius
803 1119 824 1142 a
841 1108 967 1143 Castra
984 1107 1069 1143 Gal-

361 1153 425 1187 bae
449 1153 529 1196 440,
556 1153 599 1187 10

315 1198 445 1233 Castus
463 1199 540 1241 246,
559 1199 622 1242 21;
648 1200 775 1235 Castus
793 1211 813 1234 a
831 1200 928 1234 Sicca
951 1200 1030 1243 447,
1048 1200 1070 1235 9

315 1245 550 1289 cataclysmus
575 1246 639 1280 sub
663 1246 738 1280 Noe
763 1245 793 1280 A
819 1246 874 1289 56,
901 1247 943 1280 19

316 1291 566 1337 Cataphrygae
590 1292 762 1327 haeretici
788 1292 866 1334 814,
891 1292 936 1326 20

313 1339 532 1372 catecumeni
574 1338 649 1372 51116
702 1338 881 1383 baptismo
934 1338 1066 1373 mortui

362 1384 438 1425 795,
459 1385 520 1426 16;
546 1385 577 1419 A
602 1385 657 1426 82,
675 1386 738 1427 313
765 1386 794 1420 A
815 1385 869 1426 87,
889 1384 952 1427 103
977 1388 1069 1419 cate-

362 1430 546 1465 chumenis
590 1430 802 1466 infirmitate
840 1431 1089 1475 adprehensis

361 1476 643 1511 subueniendum
667 1477 746 1520 488,
766 1478 788 1511 2
797 1492 805 1520 ;
830 1487 971 1522 peccare
996 1477 1067 1511 iam

359 1533 429 1556 non
454 1522 584 1556 debent
609 1523 685 1565 178,
710 1523 732 1557 5

313 1568 484 1603 cathedra
515 1579 586 1602 una
610 1579 715 1613 super
745 1569 893 1603 Petrum
917 1568 1068 1603 fundata

361 1613 440 1657 594,
466 1615 507 1654 5;
531 1614 609 1650 uid.
628 1627 664 1649 u.
690 1615 816 1649 Petrus

315 1670 422 1694 cauea
447 1661 478 1702 9,
507 1661 551 1695 10

316 1705 460 1741 Cedias:
488 1706 706 1741 Secundinus
731 1718 752 1740 a
777 1706 904 1741 Cedias
928 1705 1069 1749 442,11

314 1751 496 1787 Celerinus
533 1753 709 1787 confessor
746 1752 824 1795 533,
851 1753 890 1794 2;
926 1753 1003 1793 576,
1030 1752 1070 1794 5,

361 1798 407 1832 ad
431 1799 627 1833 Lucianum
661 1798 785 1833 scribit
810 1799 887 1841 529,
913 1799 952 1840 9;
991 1798 1069 1840 543,

359 1844 401 1886 4;
426 1845 501 1879 61115
526 1845 721 1879 moderatio
746 1845 916 1879 laudatur
934 1844 1012 1887 543,
1031 1845 1070 1886 73

361 1890 398 1926 C.
424 1891 534 1925 lector
560 1891 746 1925 ordinatus
771 1891 849 1932 582,
874 1891 896 1925 2

314 1937 477 1973 Celerina
501 1937 583 1971 auia
608 1937 761 1972 Celerini
785 1937 862 1978 583,
890 1936 911 1970 6

314 1983 436 2018 Celsus
463 1983 493 2017 A
520 1984 596 2025 132,
618 1984 680 2025 16;
704 1983 842 2017 Iasonis
868 1984 903 2017 et
927 1982 1071 2026 Papisci

361 2029 656 2073 disceptationem
681 2029 722 2063 de
760 2028 930 2073 religione
956 2029 1069 2063 latine

360 2086 499 2109 uersam
517 2075 548 2109 A
565 2076 641 2119 129,
661 2076 679 2109 1
699 2085 750 2119 sq.
778 2075 913 2119 Vigilio
931 2074 1071 2109 dedicat

358 2121 391 2155 A
417 2122 493 2163 119,
520 2121 542 2155 5
566 2132 616 2165 5(1.
643 2125 675 2155 A
702 2121 779 2163 129,
806 2121 846 2155 17

315 2167 452 2203 Cerdon
492 2167 684 2201 Marcionis
709 2167 881 2212 magister
906 2166 971 2201 sub
995 2167 1071 2211 Hy-

361 2214 445 2258 gino
470 2213 619 2247 Romam
645 2214 746 2247 uenit
770 2214 847 2255 813,
874 2212 895 2246 6

315 2258 433 2294 Cereri
459 2261 494 2294 et
519 2259 646 2294 Libero
684 2259 761 2293 ludi
798 2258 910 2293 dicati
934 2258 965 2293 A
991 2258 1022 2301 7,
1049 2259 1069 2292 1

315 2306 510 2340 certamina
534 2316 660 2349 graeca
684 2305 715 2340 A
741 2306 771 2348 7,
798 2305 819 2338 2

314 2351 573 2386 Chaldaeorum
597 2353 693 2385 terra
709 2352 739 2385 A
757 2352 834 2394 260,
853 2351 914 2393 223
938 2349 970 2385 A
989 2350 1068 2392 293,

315 2441 426 2477 Cham
450 2443 622 2487 propheta
647 2442 679 2476 A
704 2441 781 2483 135,
809 2442 852 2477 14

316 2488 507 2524 Cherubim
534 2488 563 2522 A
589 2489 667 2530 287,
693 2489 759 2523 139

315 2534 452 2569 Choreb
476 2545 574 2568 mons
606 2535 636 2568 A
663 2534 739 2575 134,
764 2535 802 2576 8;
827 2533 858 2567 A
884 2533 960 2574 143,
987 2533 1031 2567 15

315 2580 601 2615 Christianorum
637 2591 769 2614 nouum
801 2590 926 2614 nomen
963 2579 1067 2613 bene-

361 2625 497 2660 dictum
522 2626 559 2659 in
584 2626 688 2659 terris
713 2627 767 2668 57,
787 2627 828 2660 11
848 2636 898 2669 sq.
925 2624 1068 2659 christi-

362 2682 467 2705 anum
484 2672 660 2705 neminem
678 2671 748 2706 dici
761 2672 831 2705 nisi
847 2671 908 2715 qui
922 2671 1066 2706 Christo

361 2717 520 2751 moribus
539 2719 747 2761 coaequetur
765 2720 794 2750 A
814 2718 890 2759 163,
908 2717 970 2759 20;
992 2716 1067 2751 odi-

361 2774 421 2796 um
446 2763 599 2797 nominis
637 2765 720 2797 ante
743 2763 961 2807 praedictum
989 2762 1065 2803 142,

362 2809 404 2843 17
432 2819 482 2852 sq.
508 2808 586 2849 334,
614 2809 657 2843 10
677 2819 726 2853 5(1.
753 2809 962 2842 christianis
988 2808 1066 2851 plus

362 2865 469 2899 quam
487 2854 614 2889 ceteris
628 2855 665 2888 in
680 2854 818 2889 sacculo
833 2854 1066 2888 laborandum

1153 323 1230 365 302,
1251 325 1287 366 23
1306 324 1543 358 christianum
1562 325 1741 370 spiritalia
1759 325 1858 370 cogi-

1154 372 1231 404 tare
1258 370 1382 404 (1611616
1410 371 1486 412 122,
1511 372 1533 405 5
1559 382 1608 416 sq.
1642 382 1709 405 11011
1734 371 1857 405 debere

1153 416 1265 450 denuo
1290 417 1333 451 ad
1359 417 1536 451 saeculum
1558 418 1689 452 reuerti
1714 418 1857 458 328,1;

1155 462 1342 507 gentilitei
1378 464 1498 497 uiuere
1536 475 1607 498 non
1632 463 1755 497 debere
1782 463 1856 506 146,

1155 509 1216 550 193
1242 509 1411 553 gentilem
1436 509 1588 544 iudicem
1614 509 1763 553 expeiiri
1787 520 1857 543 non

1154 554 1278 589 debere
1304 555 1380 597 151,
1406 556 1428 589 8
1453 566 1501 599 5(1.
1529 555 1735 590 christianis
1760 555 1858 589 nefas

1153 601 1333 635 lutulenta
1367 601 1559 645 gentilium
1608 601 1772 635 conuiuia
1821 601 1859 635 in

1154 647 1302 692 collegio
1326 647 1549 691 frequentare
1570 648 1627 681 uel
1645 658 1723 681 cum
1740 647 1857 681 ethni-

1153 693 1202 727 cis
1229 693 1371 737 sepeliri
1396 693 1474 734 740,
1501 695 1543 728 19
1564 705 1614 738 sq.
1640 705 1708 728 non
1733 693 1858 728 matri-

1152 740 1262 773 monii
1274 739 1457 773 uinculum
1471 750 1548 774 cum
1562 739 1766 774 infidelibus
1780 740 1858 773 iun-

1153 785 1306 829 gendum
1332 785 1408 827 240,
1436 786 1496 828 213
1534 786 1748 820 christianos
1775 785 1857 819 sim-

1151 831 1260 875 plices
1302 842 1380 865 cum
1412 831 1601 876 prudentia
1634 843 1708 866 esse
1733 831 1858 866 debere

1153 878 1229 919 174,
1257 878 1310 918 18,
1337 878 1541 912 innocentes
1569 878 1645 921 149,
1672 879 1711 920 1;
1743 888 1858 921 perse-

1151 924 1344 958 uerandum
1376 924 1413 957 in
1446 924 1513 958 fide
1537 924 1615 966 329,
1639 924 1662 957 4
1687 934 1737 968 sq.
1764 923 1859 957 nihil

1155 970 1299 1005 Christo
1317 970 1598 1014 praeponendum
1615 970 1693 1011 327,
1712 970 1751 1011 6;
1775 969 1858 1003 fide-

1150 1017 1203 1052 les
1227 1017 1399 1050 reseruari
1423 1017 1459 1050 et
1485 1016 1663 1050 emendari
1694 1016 1771 1055 157,
1797 1016 1859 1058 113

1151 1063 1291 1097 fidelem
1308 1062 1351 1097 ob
1369 1073 1494 1097 nomen
1521 1062 1633 1096 solum
1657 1061 1777 1106 puniri
1802 1061 1859 1096 de-

1151 1109 1232 1143 bere
1256 1108 1333 1150 148,
1360 1109 1404 1142 22
1429 1119 1479 1152 sq.
1518 1108 1706 1142 christiani
1741 1108 1859 1151 philo-

1153 1154 1256 1199 sophi
1281 1165 1348 1189 non
1375 1154 1494 1189 uerbis
1520 1154 1579 1188 sed
1596 1154 1702 1188 factis
1718 1154 1796 1196 398,
1816 1154 1859 1188 13

1152 1203 1336 1245 tamquam
1360 1201 1520 1245 hospites
1546 1202 1582 1234 et
1605 1200 1783 1244 peregrini
1801 1200 1859 1235 hic

1152 1247 1298 1281 interim
1322 1247 1458 1291 degunt
1475 1247 1625 1288 313,12.
1652 1246 1859 1281 christianis

1154 1293 1286 1328 saeculi
1324 1293 1419 1327 mala
1455 1293 1679 1337 imputantur
1716 1292 1793 1335 352,
1827 1292 1858 1326 7.

1154 1340 1197 1374 19
1223 1350 1273 1384 sq.
1299 1339 1376 1381 364,
1396 1340 1435 1381 9,
1459 1339 1559 1383 plebs
1586 1321 1860 1373 chi-istianoium

1154 1387 1209 1420 est
1244 1386 1349 1419 uinea
1385 1385 1563 1419 dominica
1589 1396 1608 1418 a
1633 1384 1775 1419 Christo
1800 1395 1858 1418 cu-

1152 1431 1287 1466 stodita
1327 1433 1356 1465 A
1384 1432 1460 1474 118,
1486 1431 1525 1473 9;
1564 1430 1770 1465 christianis
1806 1441 1860 1465 re-

1153 1489 1263 1522 gnum
1288 1478 1461 1512 caelorum
1489 1477 1701 1521 promissum
1725 1476 1757 1510 A
1784 1477 1860 1520 116,

1154 1524 1216 1566 133
1257 1523 1445 1558 christiani
1471 1523 1726 1557 continentiam
1752 1522 1861 1556 desti-

1152 1571 1280 1604 nantes
1305 1569 1487 1603 domicilia
1505 1569 1703 1613 singularia
1720 1568 1859 1612 eligunt

1152 1617 1182 1650 A
1207 1615 1286 1657 207,
1313 1616 1337 1650 4
1362 1626 1410 1660 sq.
1439 1615 1514 1649 uid
1541 1626 1576 1648 u.
1602 1615 1798 1658 persecutio

1107 1661 1272 1697 Christus
1299 1661 1383 1705 quid
1409 1662 1457 1695 sit
1481 1661 1536 1703 27,
1554 1660 1594 1702 63
1619 1661 1674 1702 28,
1692 1661 1731 1702 63
1758 1660 1859 1695 Chri-

1153 1709 1230 1742 stus
1255 1707 1340 1742 deus
1365 1707 1489 1750 68,10
1515 1717 1565 1750 sq.
1592 1717 1730 1740 carnem
1756 1707 1858 1750 spiri-

1153 1756 1212 1788 tus
1249 1755 1391 1788 sanctus
1427 1753 1590 1787 induitur
1614 1753 1668 1794 28,
1694 1753 1732 1794 9,
1758 1752 1861 1787 Chri-

1155 1802 1231 1834 stus
1268 1799 1305 1834 id
1342 1802 1395 1834 est
1433 1799 1582 1843 spiritus
1619 1780 1761 1832 saiictus
1799 1798 1861 1842 qui

1153 1846 1335 1891 profectus
1354 1857 1393 1880 ex
1411 1845 1475 1879 deo
1499 1846 1599 1889 patre
1617 1845 1716 1878 uenit
1735 1846 1763 1877 A
1783 1845 1860 1887 128,

1155 1894 1175 1926 1
1203 1892 1261 1936 (cf.
1286 1892 1315 1926 A
1334 1892 1411 1934 108,
1431 1892 1507 1934 19);
1533 1890 1697 1926 Christus
1714 1892 1860 1925 uocatus

1155 1939 1208 1972 est
1245 1938 1394 1982 spiritus
1432 1938 1574 1971 sanctus
1612 1937 1673 1980 (1111
1698 1936 1740 1970 (16
1765 1936 1860 1971 caelo

1155 1984 1336 2018 descendit
1360 1984 1383 2018 i.
1411 1995 1438 2018 e.
1472 1984 1599 2017 unctus
1636 1982 1689 2016 de
1661 1993 1692 2015 61
1728 1982 1804 2016 111111
1829 1982 1861 2016 A

1157 2031 1233 2072 118,
1252 2031 1292 2071 8,
1317 2030 1481 2064 Christus
1506 2028 1796 2073 pr'imogenitus
1786 2039 1861 2072 lpse

1156 2058 1335 2121 sapientia
1374 2075 1429 2110 dei
1470 2075 1582 2117 62,1
1616 2085 1666 2118 sq
1709 2074 1785 2116 209,
1821 2074 1861 2116 6;

1156 2133 1267 2156 5611110
1305 2124 1340 2156 et
1380 2121 1477 2155 filius
1518 2120 1574 2154 dei
1599 2120 1654 2161 28,
1680 2120 1701 2154 6
1726 2131 1766 2164 sq
1804 2119 1861 2154 dei

1156 2179 1268 2202 sermo
1305 2168 1382 2210 287,
1414 2168 1476 2209 233
1510 2167 1590 2208 402,
1621 2148 1682 2207 20;
1719 2131 1795 2208 267,
1821 2166 1860 2208 8;

1155 2225 1266 2248 sermo
1305 2215 1341 2248 et
1377 2214 1494 2247 uirtus
1532 2214 1568 2246 et
1606 2212 1779 2256 sapientia
1803 2211 1860 2245 dei

1153 2260 1266 2304 patris
1303 2260 1380 2297 229,
1420 2259 1463 2300 8;
1504 2259 1558 2300 28,
1594 2258 1635 2299 8;
1675 2268 1798 2291 manus
1824 2258 1860 2291 et

1153 2306 1336 2340 brachium
1361 2305 1418 2339 dei
1443 2305 1560 2347 65,12
1577 2314 1626 2356 sq.
1653 2303 1799 2347 angelus
1825 2304 1861 2337 et

1153 2351 1238 2386 deus
1274 2352 1328 2393 67,
1366 2351 1387 2385 6
1412 2361 1463 2395 sq.
1501 2361 1559 2384 rex
1598 2350 1636 2383 in
1677 2350 1860 2383 aeternum

1152 2379 1366 2486 gggnatuiius
1387 2398 1445 2476 36,
1474 2396 1586 2475 14stq.
1614 2394 1724 2482 111ᾶξέ
1741 2396 1785 2474 e2tl
1801 2405 1860 2429 rex

1230 2444 1249 2477 7
1269 2454 1309 2487 sq
1348 2454 1384 2476 iu
1412 2454 1450 2477 ex
1475 2453 1542 2476 uen
1563 2452 1645 2475 urus
1805 2451 1857 2484 sq.

1151 2472 1249 2523 filius
1274 2489 1407 2523 iudicat
1431 2499 1500 2522 non
1525 2486 1789 2531 patei-146,10
1806 2496 1858 2530 sq.

1152 2535 1230 2577 249,
1268 2535 1332 2576 26;
1372 2545 1441 2568 11011
1480 2534 1597 2578 potest
1637 2533 1682 2566 ad
1717 2515 1858 2576 ’zpitrem

1151 2581 1267 2615 ueniri
1293 2580 1364 2614 nisi
1388 2591 1449 2624 per
1473 2579 1656 2614 Christum
1685 2578 1739 2620 94,
1767 2579 1785 2612 1
1804 2588 1856 2621 sq.

1153 2627 1306 2668 140,12
1339 2636 1388 2669 5(1.
1426 2625 1590 2660 Christus
1626 2626 1707 2676 pest
1744 2634 1857 2657 resur-

1150 2673 1342 2707 rectionem
1367 2682 1387 2705 a
1411 2673 1513 2715 patre
1551 2670 1687 2715 accepit
1719 2679 1857 2703 omnem

1150 2720 1364 2762 potestatem
1403 2717 1458 2759 92,
1500 2717 1543 2751 15
1587 2727 1637 2760 sq
1691 2715 1856 2750 Christus

1151 2763 1316 2798 ecclesiae
1355 2773 1502 2807 sponsus
1550 2762 1703 2796 filiorum
1751 2759 1856 2804 spiri-

1149 2810 1278 2843 talium
1302 2810 1401 2853 pater
1425 2809 1479 2851 85,
1505 2809 1526 2843 8
1552 2819 1602 2852 sq.
1645 2808 1721 2842 ouis
1758 2807 1794 2840 et
1819 2816 1854 2839 a-

1150 2866 1240 2899 gnus
1264 2854 1320 2894 80,
1346 2855 1367 2888 6
1385 2865 1434 2898 5(1.
1461 2854 1561 2898 panis
1586 2854 1682 2888 uitae
1708 2851 1785 2894 280,
1811 2851 1854 2892 6;
