2032 3248
394 212 475 253 214
800 212 990 247 Arnobii
1023 214 1233 248 aduersus
1273 214 1478 249 nationes

781 818 1078 891 LIBER
1133 819 1504 893 SEXTVS

275 979 376 1012 f.121
456 961 460 1017 Ι
487 943 619 1010 Nunc
641 968 832 1021 quoniam
860 968 1103 1010 summatim
1126 968 1391 1019 ostendimus,
1425 981 1547 1022 quam
1567 969 1717 1023 impias
1738 970 1787 1012 de
1809 970 1887 1012 diis

358 1027 372 1066 Ι
392 1036 539 1078 11631113
561 1037 800 1091 opinionum
822 1037 1119 1079 constitueritis
1141 1038 1345 1089 infamiaS,
1370 1038 1554 1091 sequitur
1574 1039 1621 1080 ut
1643 1039 1690 1080 de
1707 1039 1885 1093 templis,

392 1105 439 1147 de
481 1105 714 1148 simulacris
759 1106 886 1147 etiam
926 1105 1219 1160 sacrificiisque
1259 1106 1443 1148 dicamus
1484 1108 1612 1161 deque
1660 1108 1740 1149 alia
1787 1108 1887 1150 serie

391 1188 491 1228 quae
522 1175 586 1217 his
617 1175 737 1218 rebus
769 1176 925 1218 adnexa
956 1177 1018 1219 est
1050 1178 1091 1219 et
1122 1176 1258 1218 uicina
1288 1176 1545 1231 copulatione
1578 1178 1805 1220 coniuncta.
1845 1178 1887 1219 in
1918 1191 1932 1216 5

391 1245 465 1286 hac
506 1244 613 1286 enim
654 1245 876 1286 consuestis
916 1246 1032 1298 parte
1063 1246 1219 1288 crimen
1250 1245 1365 1288 nobis
1401 1247 1627 1288 maximum
1659 1247 1886 1301 impietatis

392 1312 581 1367 adfigere,
615 1314 721 1367 quod
752 1327 883 1367 neque
915 1315 1032 1356 aedes
1064 1327 1200 1357 sacras
1232 1315 1510 1358 uenerationis
1541 1316 1591 1357 ad
1622 1315 1760 1358 officia
1791 1328 1886 1358 6611-

392 1383 616 1434 struamus,
656 1395 735 1424 non
776 1383 944 1426 deorum
977 1383 1150 1426 alicuius
1182 1383 1450 1426 simulacrum
1482 1385 1784 1427 constituamus
1815 1386 1886 1426 aut

392 1451 579 1503 formam,
612 1465 691 1494 11611
723 1451 872 1494 altaria
903 1453 1162 1504 fabricemus,
1194 1465 1274 1495 non
1304 1465 1406 1504 araS,
1443 1465 1522 1495 non
1554 1466 1762 1496 caesorum
1793 1466 1886 1495 san-

390 1523 557 1575 guinem
587 1520 863 1563 animantium
896 1522 1051 1570 demus,
1083 1534 1161 1564 non
1193 1523 1286 1564 tura
1316 1535 1444 1576 neque
1473 1522 1611 1577 fruges
1633 1523 1773 1574 salsas,
1806 1535 1932 1564 noum

391 1589 565 1642 denique
596 1589 740 1631 uinum
772 1590 932 1644 liquens
963 1592 1204 1644 paterarum
1226 1591 1496 1634 effusionibus
1517 1591 1752 1633 inferamus.
1786 1605 1886 1645 quae

391 1658 556 1711 quidem
595 1670 667 1700 nos
714 1671 919 1701 cessamus
962 1672 1041 1702 non
1081 1660 1171 1702 ideo
1213 1660 1279 1702 uel
1325 1660 1584 1702 exaedificare
1630 1661 1697 1702 uel
1743 1660 1884 1710 facere,

390 1728 602 1780 tamquam
642 1727 776 1782 inpias
816 1740 1006 1782 geramus
1053 1729 1094 1770 et
1132 1729 1352 1771 scelerosas
1393 1730 1551 1771 mentes
1592 1730 1664 1771 aut
1704 1729 1885 1783 aliquem

392 1795 687 1849 sumpserimus
718 1797 935 1840 temeraria
966 1797 1008 1839 in
1039 1798 1133 1840 deos
1165 1798 1446 1851 desperatione
1478 1798 1776 1851 contemptum,
1817 1799 1885 1840 sed

390 1865 497 1919 quod
530 1877 595 1907 663
628 1865 877 1908 arbitramur
908 1867 947 1908 et
978 1867 1179 1909 credimus
1204 1892 1250 1897 —
1276 1867 1311 1908 si
1341 1868 1459 1909 modo
1491 1867 1549 1909 dii
1580 1868 1678 1910 certi
1720 1870 1813 1908 sunt
1844 1869 1885 1909 et
1900 1884 1930 1909 ιο

390 1934 567 1976 nominis
598 1934 720 1977 huius
752 1935 974 1977 eminentia
1003 1936 1254 1989 praediti-
1277 1936 1476 1978 honorum
1506 1936 1604 1978 haec
1634 1948 1781 1990 genera
1813 1937 1884 1977 aut

387 2003 491 2046 risui
521 2003 669 2045 habere
701 2004 736 2045 si
758 2004 920 2046 rideant
951 2004 1023 2046 aut
1058 2004 1226 2058 indigne
1261 2004 1417 2058 perpeti
1453 2004 1487 2046 si
1509 2003 1689 2045 motibus
1721 2016 1883 2057 exaspe-

352 2075 530 2118 2rentur
560 2074 726 2117 irarum.
774 2076 821 2116 ut
853 2073 961 2116 enim
992 2074 1179 2126 noscatis,
1214 2074 1311 2127 quid
1342 2074 1391 2116 de
1419 2074 1498 2116 isto
1534 2074 1696 2115 nomine
1732 2073 1884 2115 sentia-

388 2156 479 2185 mus
511 2143 735 2197 iudiciique
766 2144 895 2185 simus
927 2144 1055 2194 cuius,
1088 2143 1371 2186 existimamus
1399 2155 1471 2186 nos
1508 2156 1587 2195 eos,
1619 2142 1654 2184 si
1686 2142 1805 2184 modo
1827 2141 1884 2183 dii

389 2211 489 2253 certi
522 2213 637 2263 sunt,
679 2213 726 2254 ut
757 2212 897 2255 eadem
938 2224 1078 2254 rursus
1121 2212 1351 2266 satiateque
1393 2212 1602 2262 dicantur,
1645 2211 1881 2253 cunctarum
1898 2225 1929 2250 20

389 2293 474 2322 esse
507 2280 650 2322 debere
686 2280 1038 2335 perfectarumque
1073 2281 1293 2332 uirtutum,
1327 2281 1531 2334 sapientes
1562 2280 1691 2321 iustos
1723 2291 1880 2334 graues,

388 2349 421 2390 si
451 2349 572 2391 modo
602 2349 718 2391 nulla
748 2350 811 2391 est
841 2351 972 2403 culpa,
1005 2350 1111 2403 quod
1143 2362 1211 2392 eos
1242 2349 1432 2392 laudibus
1462 2349 1774 2391 adcumulamus
1806 2347 1882 2389 hu-

390 2418 542 2467 manis.
590 2417 800 2460 intestinis
847 2419 1048 2472 pollentes
1091 2419 1228 2470 bonis,
1275 2431 1348 2461 nec
1386 2418 1583 2461 extraneis
1624 2417 1883 2460 adminiculis

388 2486 544 2528 adicere
581 2499 659 2540 quo
700 2486 786 2529 illis
826 2487 1044 2542 integritas
1075 2487 1299 2530 inoffensae
1331 2487 1599 2530 beatitudinis
1630 2486 1879 2540 conpleatur,

433 2610 454 2644 3
479 2611 635 2645 insanias
662 2611 731 2647 Urs
846 2612 868 2646 4
893 2612 1004 2647 seriae
1022 2613 1058 2647 P
1077 2622 1158 2647 corr
1175 2615 1204 2647 c‘
1321 2612 1340 2646 7
1358 2612 1528 2656 affingere
1551 2611 1618 2646 Urs
1736 2611 1778 2645 12
1795 2621 1883 2645 *ces-

387 2677 504 2701 samus
523 2669 557 2701 P
679 2670 722 2704 15
747 2669 827 2704 (1663
846 2670 919 2704 Sab
1036 2670 1078 2703 17
1102 2668 1273 2714 indignae
1290 2669 1326 2703 P
1436 2669 1481 2703 20
1506 2669 1701 2712 sociateque
1719 2667 1791 2703 Sab

387 2725 430 2759 22
455 2725 659 2760 adculamus
678 2726 712 2760 P
727 2737 810 2761 corr
932 2727 976 2761 23
999 2737 1062 2761 nec
1079 2737 1114 2761 se
1130 2753 1136 2761 .
1160 2754 1166 2760 .
1188 2752 1196 2760 .
1214 2726 1374 2761 addicere
1393 2725 1611 2761 Stewechius
1732 2735 1766 2759 se
1783 2725 1882 2759 addi-

387 2792 461 2816 cere
479 2782 577 2816 Salm
677 2783 722 2817 24
739 2784 874 2818 adicere
896 2784 1099 2819 Vahlenus:
1124 2783 1282 2819 addicere
1299 2784 1335 2818 P
1357 2783 1519 2827 indigere
1542 2783 1605 2818 Gel
1705 2793 1772 2827 quo
1797 2782 1882 2817 Urs:

386 2838 477 2883 quod
503 2839 538 2873 P
