2032 3248
738 229 866 263 Liber
900 229 981 264 VII.
1519 235 1599 277 259

118 344 397 385 auersionibus
440 344 740 385 stomachorum
779 345 964 386 laborant
1011 347 1051 386 et
1089 346 1139 387 ad
1171 346 1404 398 expellenda
1436 346 1601 389 fastidia

119 424 306 465 saporum
345 411 526 453 uarietas
565 413 793 465 quaeritur,
841 415 887 454 ut
925 413 1043 454 modo
1082 413 1144 454 his
1175 427 1285 464 assa,
1324 417 1441 457 modo
1480 415 1601 457 cruda

119 482 336 534 ponantur,
381 480 596 521 semicocta
626 482 665 521 et
696 481 813 522 modo
854 481 1111 523 semicruda?
1156 484 1262 534 quod
1294 483 1328 523 si
1361 496 1498 524 omnes
1530 484 1601 525 has

120 550 253 602 partes
291 561 390 601 quas
428 549 620 602 prosicias
659 549 797 591 dicitis
835 551 1013 604 accipere
1052 551 1109 592 dii
1142 553 1281 593 amart
1312 554 1484 605 suntque
1515 553 1597 593 illis

90 621 258 672 agnatae
289 617 354 659 uel
387 618 613 671 uoluptatis
645 618 818 660 alicuius
850 619 914 660 uel
949 619 1173 661 dulcedinis
1196 633 1326 671 sensu,
1359 621 1454 673 quid
1478 621 1600 661 inter-

120 686 237 738 cedit,
270 686 369 738 quid
399 686 598 740 prohibet,
631 689 676 728 ut
708 700 786 728 non
817 688 946 729 semel
977 688 1075 729 haec
1105 688 1241 729 omnia
1273 688 1371 729 totis
1403 701 1493 729 cum
1516 689 1602 729 ani-

119 754 326 795 mantibus
347 755 563 796 inferatis?
594 767 694 807 quae
716 768 846 806 causa,
881 768 981 808 quae
1012 756 1114 797 ratio
1136 758 1210 807 est,
1244 758 1289 798 ut
1311 769 1402 798 caro
1425 757 1605 798 strebula

120 823 351 877 separatim,
384 836 513 873 ruma,
545 824 673 865 cauda
703 826 742 865 et
772 825 909 877 plasea
939 825 1173 877 separatim,
1205 825 1316 866 hirae
1339 825 1445 866 solae
1467 837 1604 866 omen-

120 905 196 945 que
226 892 357 934 solum
388 895 701 946 augmentorum
732 893 961 934 adiciantur
991 893 1034 934 in
1067 897 1261 935 causam?
1302 894 1603 946 pulmentorum

78 961 391 1002 muarietatibus
429 960 674 1002 adficiuntur
705 961 760 1001 dii
792 961 978 1011 caelites,
1018 964 1063 1003 ut
1094 961 1177 1003 fieri
1211 973 1297 1002 mos
1329 967 1389 1003 est
1422 963 1510 1014 post
1542 974 1604 1002 ce-

120 1042 261 1070 narum
299 1029 447 1070 ditium
478 1030 518 1070 et
549 1029 815 1083 locupletium
857 1030 1041 1083 saginas,
1088 1030 1269 1071 frustilla
1306 1030 1402 1071 haec
1435 1030 1605 1083 paruula

120 1109 189 1149 pro
220 1097 413 1139 suauibus
445 1098 633 1140 mateolis
660 1097 665 1151 Ι
691 1102 872 1149 sumunt,
906 1111 984 1140 non
1006 1098 1151 1151 quibus
1182 1099 1333 1140 famem
1363 1099 1500 1140 sedent
1534 1099 1602 1139 sed
1619 1111 1640 1143 s.
1659 1109 1740 1141 147¹>

122 1166 167 1207 ut
204 1165 331 1219 palati
375 1165 617 1207 admoneant
662 1166 791 1207 otium
831 1179 951 1220 seque
994 1167 1100 1219 ipsos
1141 1167 1251 1220 pleni
1292 1168 1342 1208 ad
1375 1167 1601 1219 adpetitum

122 1235 355 1276 uoracitatis
386 1234 616 1288 instigent?
647 1247 667 1275 0
700 1234 864 1275 deorum
898 1235 1137 1289 magnitudo
1169 1235 1391 1285 mirabilis,
1429 1248 1450 1275 o
1481 1236 1603 1277 nullis

78 1321 106 1344 15
121 1302 330 1344 hominum
362 1303 667 1356 comprehensa,
708 1303 833 1344 nullis
872 1304 1079 1345 intellecta
1112 1304 1289 1354 naturis,
1332 1304 1529 1357 siquidem
1561 1306 1605 1344 ut

121 1372 277 1424 prosint
314 1372 517 1414 testiculis
557 1372 757 1425 pecudum
796 1372 1050 1413 redimuntur
1081 1374 1120 1413 et
1158 1373 1285 1414 rumis
1329 1385 1456 1425 neque
1494 1373 1606 1425 prius

121 1441 201 1481 iras
232 1442 352 1493 atque
384 1440 540 1482 animos
571 1441 727 1492 ponunt
757 1440 835 1481 nisi
864 1440 942 1481 sibi
971 1441 1120 1481 adoleri
1143 1443 1305 1493 paratas
1328 1441 1606 1493 conspexerint

124 1508 259 1549 nenias
276 1508 454 1561 offasque
476 1508 633 1550 reddier
654 1509 819 1562 penitas.
852 1509 1046 1562 sequitur,
1070 1511 1115 1550 ut
1136 1510 1184 1550 de
1207 1510 1324 1551 thure
1346 1510 1472 1562 deque
1494 1520 1604 1550 mero
1621 1514 1671 1552 26

123 1577 278 1630 aliquid
318 1579 403 1619 sine
435 1578 520 1619 ulla
551 1578 764 1619 nimietate
801 1578 996 1619 dicamus.
1043 1578 1230 1631 copulata
1270 1579 1378 1618 enim
1411 1579 1451 1618 et
1482 1578 1607 1618 mixta

79 1646 218 1686 2osunt
257 1646 593 1688 caerimoniarum
625 1648 666 1687 et
695 1647 792 1687 haec
833 1658 979 1700 genera
1017 1647 1251 1699 cultumque
1291 1646 1536 1688 adhibentur
1567 1646 1606 1687 111

123 1714 359 1766 plurimum.
406 1727 452 1756 ac
482 1716 662 1769 primum
694 1715 798 1756 illud
829 1729 852 1757 a
884 1715 998 1756 uobis
1030 1715 1107 1756 isto
1140 1715 1226 1768 ipso
1259 1715 1488 1767 quaerimus
1519 1727 1608 1766 per-

125 1783 412 1836 contamurque
443 1783 490 1825 de
521 1784 662 1834 thure,
703 1785 808 1825 unde
838 1785 908 1825 aut
939 1797 1016 1836 quo
1047 1785 1227 1836 tempore
1258 1795 1372 1824 nosse
1403 1783 1506 1824 illud
1538 1784 1609 1824 aut

125 1851 223 1891 scire
254 1851 483 1903 potueritis,
515 1854 561 1893 ut
591 1853 736 1893 merito
768 1852 1009 1893 existimetis
1041 1853 1112 1893 aut
1133 1864 1217 1893 esse
1239 1851 1316 1893 diis
1339 1851 1517 1892 dandum
1537 1854 1608 1891 aut

126 1930 262 1960 eorum
293 1921 622 1973 acceptissimum
655 1921 869 1962 uoluntati.
903 1920 1063 1961 nouella
1094 1920 1201 1960 6111111
1225 1920 1512 1972 propemodum
1545 1932 1606 1959 res

82 1990 187 2030 25est
224 2000 352 2041 neque
392 2001 588 2030 annorum
629 1988 925 2040 inexplicabilis
966 1988 1106 2037 series,
1150 2001 1195 2029 ex
1227 1999 1303 2040 quo
1345 1988 1430 2028 eius
1462 1986 1609 2027 notitia

128 2055 316 2107 profluxit
355 2057 394 2097 111
434 2058 506 2099 has
545 2059 680 2110 partes
719 2060 759 2099 et
801 2057 981 2098 delubris
1024 2057 1172 2098 meruit
1212 2057 1406 2097 iuteresse
1444 2055 1605 2096 diuinis.

174 2273 191 2304 1
218 2274 449 2306 stomaeorum
477 2273 511 2306 P
686 2274 707 2306 3
732 2272 936 2305 semicoacta
963 2271 997 2304 P
1020 2281 1100 2304 corr
1272 2269 1370 2303 modo
1396 2272 1429 2302 «ft
1458 2268 1521 2302 Gel

127 2328 147 2360 4
173 2329 336 2371 pusicius
364 2330 563 2364 Turnebus.
597 2329 682 2363 Urs:
715 2328 900 2373 praesicias
927 2328 962 2361 P
1096 2327 1117 2359 ἴ)
1142 2326 1275 2369 gratiae
1302 2326 1373 2360 Sub
1510 2325 1609 2358 ‹luce-

129 2385 218 2418 ‹linis
248 2386 281 2419 P
297 2397 376 2420 corr
401 2398 418 2420 r
532 2390 552 2420 ὅ
577 2386 686 2420 cauda
711 2387 803 2420 Sab:
829 2385 912 2419 cada
938 2385 971 2418 1¹
996 2385 1105 2418 cauda
1124 2388 1249 2426 postea
1273 2382 1357 2416 coda
1382 2393 1399 2415 r
1513 2382 1606 2415 hiran¹

128 2442 333 2477 Ilstecrsizcs:
360 2443 430 2476 irae
447 2444 482 2477 P
618 2453 782 2485 omenque
802 2442 1005 2475 illem-sius.-
1031 2451 1241 2482 110111ι,·11«[11;1·ι
1267 2440 1299 2473 1¹
1324 2450 1514 2482 nomenque
1540 2439 1610 2472 Sal)

130 2502 306 2533 omentum
337 2500 400 2533 (iel
543 2501 563 2532 9
590 2502 866 2541 magmentorum
899 2498 966 2531 Urs
1106 2496 1292 2529 :uliiciatur
1319 2496 1390 2530 Sal»
1533 2507 1609 2529 cau-

130 2558 182 2589 sin
209 2558 226 2591 ἒ
350 2559 389 2590 11
408 2557 503 2600 haec]
522 2567 559 2590 ac
586 2556 652 2590 Urs·
774 2557 813 2589 13
832 2554 939 2598 palati
959 2554 1077 2588 iS'nlm:
1105 2553 1234 2596 palatiu
1254 2554 1288 2586 Ι)
1304 2553 1431 2596 palatis
1451 2553 1521 2586 Sul)

130 2613 337 2648 admoueant
365 2615 434 2648 Sub
573 2613 700 2645 *otium
718 2612 752 2644 P
890 2611 1009 2653 plenae
1026 2614 1063 2644 ε’.
1085 2622 1103 2642 11
1113 2610 1187 2653 alyn
1326 2609 1367 2642 nd
1393 2609 1522 2643 addidi

130 2670 288 2713 adpetitu
314 2674 341 2705 c*
368 2671 525 2714 appetitu
553 2670 660 2713 wdyo
822 2669 863 2701 1⁵·
888 2667 1021 2700 taenias
1048 2666 1216 2709 :S'cala'gsetn
1250 2666 1317 2698 lsrs
1478 2665 1610 2699 reddier

132 2728 267 2770 penitas
293 2729 462 2762 Zinlce‘us:
495 2726 691 2768 redcmptas
718 2725 750 2758 1³
783 2724 916 2768 penitas
949 2723 1013 2757 (iel
1148 2724 1191 2755 20
1216 2723 1304 2755 fiunt
1331 2722 1402 2756 Sub
1540 2722 1608 2755 cul-

132 2788 273 2829 tumque
292 2786 383 2819 Sao:
409 2785 573 2826 cultuque
592 2783 626 2816 1²
740 2782 782 2815 23
801 2780 983 2824 potueritis
1009 2779 1093 2812 Urs:
1120 2778 1282 2822 poteritis
1302 2779 1334 2811 Ι)
1462 2779 1505 2812 ’26
1523 2789 1607 2811 sme-

133 2843 203 2875 ruit
228 2842 262 2875 P
286 2852 367 2876 corr

1408 2903 1474 2935 17⁴2
