2032 3248
813 226 942 261 Liber
973 226 1019 260 ΙΙ.
1604 229 1653 270 77

174 355 239 385 eas
270 354 378 384 mors
408 353 528 383 saeua
559 353 672 394 posse
703 341 893 383 uideatur
924 342 1156 397 extinguere
1188 344 1230 384 et
1260 343 1311 384 ad
1332 343 1508 384 nihilum
1534 342 1538 395 Ι
1564 342 1654 384 red·
1671 349 1693 381 s.
1707 350 1749 381 45

172 413 280 453 actas
318 411 571 452 inremeabili
610 411 827 452 abolitione
866 411 1010 452 delere.
1060 412 1178 453 Plato
1218 411 1288 453 ille
1327 412 1490 453 diuinus
1521 412 1654 453 multa

173 480 219 521 de
250 482 321 521 deo
354 479 479 533 digna
510 492 581 520 nec
612 479 842 520 communia
868 479 1045 520 sentiens
1067 480 1327 521 multitudini
1348 481 1389 521 in
1411 492 1454 521 eo
1475 492 1656 522 sermone

172 560 217 590 ac
248 548 350 589 libro
389 547 453 588 cui
491 560 635 588 nomen
668 547 858 589 Timaeus
897 547 1089 588 scribitur
1127 548 1220 589 deos
1257 548 1358 589 dicit
1387 549 1427 589 et
1458 550 1655 590 mundum

144 616 450 669 scon-uptibilis
488 628 573 657 esse
612 616 757 657 natura
796 627 922 668 neque
963 628 1048 657 esse
1087 617 1248 657 omnino
1279 617 1557 658 dissolutionis
1589 629 1655 658 ex-

171 687 316 740 perteS,
350 687 419 727 sed
441 686 651 726 uoluntate
673 685 737 726 dei
759 685 866 739 regis
889 698 934 727 ac
955 685 1148 738 principis
1170 686 1372 726 uinctione
1402 685 1443 726 in
1464 687 1656 738 perpetua

171 754 379 796 contineri.
429 753 535 807 quod
566 753 676 795 enim
706 755 814 795 recte
846 754 900 795 sit
931 755 1114 795 uinctum
1146 755 1187 795 et
1213 754 1327 795 nodis
1349 754 1656 807 perfectissimis

171 823 441 877 conligatum,
482 822 546 863 dei
585 822 765 863 bonitate
805 822 979 864 seruari:
1026 835 1155 875 neque
1186 823 1271 864 ullo
1303 823 1353 863 ab
1384 822 1462 863 alio
1494 822 1574 862 nisi
1605 822 1655 863 ab

171 904 215 934 eo
247 892 315 945 qui
347 890 478 932 uinxit
516 890 556 932 et
595 890 782 940 dissolui,
829 891 862 932 si
894 903 955 932 res
986 892 1144 944 poscat,
1191 892 1231 932 et
1273 891 1443 932 salutari
1481 890 1656 932 iussione

127 974 189 1002 ιο*
223 960 376 1002 donari.
425 970 517 1012 ergo
547 958 581 999 si
612 971 674 1000 res
711 962 771 1000 est
809 959 867 1000 ita
905 972 977 1001 nec
1021 959 1132 1001 aliud
1177 959 1365 1000 conuenit
1408 959 1473 1000 uel
1519 959 1655 1001 existi-

170 1043 279 1072 mare
320 1028 385 1070 nel
427 1028 602 1078 credere,
643 1028 739 1081 quid
778 1028 934 1069 animas
965 1028 1227 1069 admiramini
1258 1028 1414 1069 mediae
1446 1028 1526 1070 dici
1557 1041 1655 1081 qua-

170 1098 300 1139 litatis
331 1110 354 1138 a
384 1097 517 1147 nobis,
557 1110 649 1138 cum
687 1096 924 1138 numinibus
965 1097 1064 1149 ipsis
1097 1097 1205 1138 dicat
1236 1097 1353 1138 Plato
1384 1096 1540 1138 medias
1572 1109 1655 1138 esse

171 1168 346 1214 naturas,
386 1165 455 1206 sed
494 1166 723 1207 continuam
755 1167 795 1206 et
832 1165 1085 1207 inocciduam
1125 1166 1254 1207 uitam
1293 1165 1512 1219 principali
1544 1165 1655 1207 beni-

170 1235 350 1276 uolentia
389 1234 630 1288 subrogari?
676 1233 709 1275 si
741 1233 848 1275 enim
888 1233 990 1275 forte
1028 1234 1192 1275 nescitis
1224 1235 1264 1275 et
1295 1235 1413 1276 antea
1443 1234 1559 1276 uobis
1590 1234 1653 1275 in-

126 1319 155 1342 ιε.
169 1304 379 1358 cognitum
415 1304 578 1355 propter
615 1303 672 1343 rei
710 1303 933 1344 nouitatem
966 1302 1067 1351 fnit,
1109 1302 1280 1355 accipite
1318 1315 1404 1344 sero
1435 1315 1480 1344 ac
1510 1302 1652 1343 discite

169 1373 219 1414 ab
251 1384 295 1413 co
326 1371 394 1424 qui
415 1371 530 1412 nouit
551 1372 590 1412 et
611 1371 782 1423 protulit
804 1371 845 1411 in
867 1370 1047 1411 medium
1072 1370 1231 1412 Christo
1245 1403 1254 1420 ,
1287 1384 1365 1412 non
1388 1383 1472 1412 esse
1493 1372 1650 1413 animas

169 1441 275 1494 regis
304 1441 469 1481 maximi
500 1440 605 1481 filias
635 1452 706 1481 nec
736 1440 785 1481 ab
815 1451 858 1481 eo
890 1439 1229 1492 quemadmodum
1259 1440 1409 1481 dicitur
1445 1442 1654 1494 generatas

173 1510 347 1562 coepisse
373 1521 414 1549 se
437 1520 552 1550 nosse
574 1509 695 1561 atque
715 1508 757 1549 in
780 1508 842 1549 sui
864 1508 1038 1549 nominis
1061 1521 1146 1550 esse
1168 1509 1398 1550 substantia
1419 1508 1652 1561 praedicari.

170 1579 239 1619 sed
262 1578 435 1619 alterum
458 1576 690 1629 quempiam
712 1577 936 1630 genitorem
953 1576 1016 1617 his
1039 1588 1136 1626 esse,
1160 1576 1375 1630 dignitatis
1397 1578 1437 1618 et
1453 1576 1653 1629 potentiae

126 1647 363 1702 20gradibus
402 1647 502 1687 satis
532 1645 720 1698 plurimis
751 1646 801 1686 ab
833 1644 1075 1697 imperatore
1108 1646 1358 1695 diiunctum,
1399 1645 1485 1686 eius
1517 1646 1654 1686 tamen

172 1728 217 1756 ex
248 1716 341 1756 aula
371 1716 411 1756 et
443 1714 711 1755 eminentium
743 1714 926 1755 nobilem
964 1714 1220 1756 sublimitate
1251 1714 1466 1755 natalium.
1512 1713 1650 1766 quodsi
1670 1716 1716 1755 37

172 1786 305 1825 essent
335 1785 381 1824 ut
412 1785 520 1824 fama
551 1785 612 1824 est
642 1782 865 1824 dominicae
895 1783 1021 1836 prolis
1054 1784 1093 1824 et
1114 1784 1333 1835 potestatis
1356 1783 1512 1824 animae
1534 1795 1654 1836 gene-

171 1853 274 1893 ratio
311 1851 567 1904 principalis,
610 1850 713 1892 nihil
744 1851 801 1892 eis
832 1851 881 1892 ad
912 1852 1197 1904 perfectionem
1235 1851 1239 1905 Ι
1275 1852 1468 1893 defuisset
1498 1851 1649 1891 uirtute
1663 1856 1759 1889 11451)

170 1920 465 1974 perfectissima
503 1920 744 1972 procreatis,
787 1933 912 1961 unum
951 1932 1088 1961 omnes
1125 1920 1382 1961 intellectum
1417 1920 1651 1961 habuissent

126 2001 374 2041 §annumque
421 2001 679 2038 consensum,
731 1989 866 2030 aulam
917 2002 1073 2042 semper
1119 1990 1338 2030 incolerent
1385 1989 1539 2043 regiain
1583 2000 1653 2029 nec

170 2057 465 2109 praetermissis
512 2057 777 2098 beatitudinis
827 2057 1007 2105 sedibus,
1060 2058 1102 2098 in
1148 2057 1295 2110 quibus
1344 2056 1652 2111 augustissimas

171 2128 368 2167 nouerant
405 2126 709 2178 retinebantque
747 2126 961 2175 doctrinas,
999 2126 1276 2180 imprudenter
1310 2125 1542 2179 adpeterent
1572 2125 1654 2165 ter-

170 2206 266 2235 rena
297 2195 394 2235 haec
425 2194 524 2244 loca,
558 2194 779 2236 tenebrosis
802 2196 848 2235 nt
870 2195 1103 2248 corporibus
1126 2195 1334 2236 inuolutae
1357 2194 1461 2235 inter
1481 2192 1652 2247 pituitas

171 2263 211 2303 et
250 2263 489 2315 sanguinem
530 2262 741 2316 degerent,
788 2263 894 2303 inter
932 2264 1120 2304 stercoris
1161 2263 1232 2303 hos
1271 2265 1381 2304 utres
1421 2263 1463 2302 et
1502 2260 1651 2313 saccati

307 2365 327 2398 4
354 2376 387 2408 p.
411 2365 453 2397 41

216 2451 236 2483 4
261 2450 351 2483 libro
379 2450 470 2483 Sao:
496 2449 579 2482 libri
607 2450 641 2483 P
783 2450 988 2484 inscribitur
1015 2450 1086 2483 Sub
1224 2450 1245 2483 ἴ)
1270 2449 1514 2492 corruptibiles
1539 2460 1556 2482 c
1580 2460 1654 2483 cor-

172 2506 333 2549 ruptibili
355 2508 422 2540 &ab
554 2510 574 2535 δ’
592 2506 634 2539 ab
654 2506 723 2540 alio
742 2507 809 2539 nisi
835 2507 920 2540 Urs:
947 2506 1169 2540 abolitionis*
1191 2508 1223 2540 P
1354 2507 1375 2539 9
1392 2509 1511 2549 poscat
1531 2507 1565 2539 P

173 2563 334 2598 missioni¹
364 2565 427 2598 (iel
453 2563 627 2597 uinctiom
655 2565 749 2597 &alm
895 2565 1059 2597 lacunam
1083 2565 1246 2607 simmia:
1279 2564 1541 2616 interciderunt
1566 2563 1653 2597 dono

173 2625 453 2660 immortalitatis
479 2627 535 2659 uel
560 2626 690 2659 similia
863 2627 905 2659 10
930 2626 1069 2659 enodari
1103 2626 1281 2659 Valdenas
1452 2614 1504 2659 est
1530 2626 1580 2659 ita.
1604 2627 1654 2659 sic

173 2693 190 2715 c
214 2684 264 2723 (Β)
404 2685 441 2716 11
470 2684 555 2717 dici-a
584 2684 615 2716 P
754 2683 795 2715 15
828 2686 948 2726 propte
975 2684 1007 2716 I’
1030 2693 1109 2715 eurr
1134 2695 1150 2717 c
1290 2684 1330 2717 18
1361 2693 1431 2716 6336
1457 2683 1653 2716 substantia

175 2739 460 2773 Klusffnzamzus:
496 2751 569 2773 6336
595 2739 769 2773 sententia
799 2740 829 2772 P
865 2739 1013 2772 essentia
1045 2740 1111 2771 l'rs
1251 2740 1294 2774 15»
1319 2740 1466 2773 alterum
1496 2740 1579 2773 Cel:
1611 2739 1652 2772 ad

172 2795 320 2829 alterum
346 2797 380 2830 P
516 2798 559 2831 :23
584 2797 753 2830 defuisset
780 2796 868 2829 Sab:
894 2796 1043 2829 defuisse
1070 2797 1104 2829 1²
1239 2797 1409 2830 uirtutem
1435 2797 1564 2831 Pcorr

173 2851 216 2884 24
242 2852 441 2886 hausissent
473 2853 538 2886 Urs
674 2852 717 2887 26
744 2853 1017 2897 angustissimas
1045 2852 1115 2887 Sub
1140 2863 1221 2887 corr
1247 2854 1284 2887 ιή
1309 2863 1367 2887 err
1503 2853 1545 2886 27
1570 2852 1652 2886 reti·

174 2907 388 2953 nebrantque
413 2909 448 2942 P
467 2920 546 2944 corr
