2032 3248
794 225 924 260 Liber
954 226 1012 259 VI.
1563 231 1645 271 233

157 354 241 383 esse
271 342 524 394 praesentem
557 343 596 381 et
628 340 812 381 custodia
843 341 1040 393 pertinaci
1074 354 1165 382 snas
1196 343 1314 382 aedes
1353 343 1647 395 simulacraque

156 410 312 451 tutari?
358 410 436 450 nisi
469 410 570 449 sorte
602 409 811 462 neclegere
839 409 934 450 deos
957 409 1099 450 dicetis
1121 410 1217 450 haec
1240 410 1386 451 damna
1410 424 1479 452 nec
1500 412 1643 463 putare
1662 413 1712 451 22

156 490 241 520 esse
273 478 457 519 idoneam
500 489 675 526 causam,
718 479 880 529 propter
917 490 1039 529 quam
1071 492 1112 519 se
1143 481 1306 519 exerant
1338 481 1378 520 et
1408 480 1645 521 nocentibus

155 559 327 600 poenam
360 546 537 586 uiolatae
569 545 774 598 religionis
807 545 1006 599 infligant.
1054 559 1147 599 ergo
1180 548 1212 588 si
1235 548 1331 589 haec
1354 548 1412 589 ita
1435 550 1543 598 sunt,
1577 560 1647 589 nec

129 615 374 657 ssimulacra
419 614 497 666 ipsi
545 613 689 654 habere
737 613 985 663 desiderant,
1023 613 1028 667 Ι
1071 627 1171 667 quae
1217 616 1391 656 conuelli
1441 619 1481 657 et
1523 617 1683 669 diripis.
1702 628 1762 659 132

157 683 440 737 perpetiuntur
470 683 637 734 inpune,
678 682 803 722 immo
836 695 855 723 e
887 683 1087 723 contrario
1125 686 1341 735 perdocent
1370 686 1571 736 aspernari
1605 698 1646 726 se

156 754 243 805 illa,
267 753 307 793 in
327 752 473 804 quibus
499 752 652 803 spretos
675 763 716 791 se
739 751 895 791 ultione
917 751 959 791 in
982 751 1118 803 aliqua
1141 752 1367 805 significare
1390 764 1468 793 non
1487 754 1644 794 curant.

156 820 503 873 Philostephanus
535 820 575 859 in
607 819 812 872 Cypri-acis
852 820 992 860 auctor
1033 821 1116 863 est.
1160 820 1469 873 Pygmalionem
1510 834 1646 874 regem

157 889 281 943 Cypri
321 888 587 929 simulacrum
621 887 808 937 Veneris,
851 889 956 939 quod
998 888 1230 929 sanctitatis
1272 889 1379 941 apud
1411 889 1577 942 Cyprios
1608 891 1648 930 et

112 958 366 1011 1oreligi0nis
407 956 630 997 habebatur
669 956 883 1007 antiquae,
932 956 1141 997 adamasse
1188 958 1233 996 ut
1272 958 1465 998 feminam
1513 958 1647 998 mente

157 1027 293 1068 anima
314 1026 470 1066 lumine
488 1024 655 1065 rationis
674 1024 901 1076 iudicioque
920 1025 1092 1065 caecatis
1124 1026 1370 1078 solitumque
1402 1027 1646 1077 dementem⁷

156 1097 366 1146 tamquam
407 1094 440 1134 si
479 1094 617 1133 uxoria
656 1106 718 1134 res
759 1094 883 1143 esset,
925 1093 1138 1134 subleuato
1169 1094 1211 1134 in
1243 1095 1440 1135 lectulum
1479 1095 1647 1135 numine

157 1163 381 1216 copularier
420 1162 673 1215 amplexibus
716 1163 836 1214 atque
876 1174 940 1202 ore
981 1174 1121 1214 resque
1161 1162 1261 1203 alias
1302 1175 1420 1216 agere
1460 1163 1647 1203 libidinis

156 1244 308 1273 uacuae
339 1231 630 1284 imaginatione
663 1230 937 1270 frustrabiles.
981 1231 1183 1271 consimili
1216 1231 1371 1272 ratione
1402 1231 1647 1284 Posidippus

112 1301 197 1341 15111
229 1313 273 1342 eo
304 1300 420 1349 libro,
456 1312 575 1352 quem
608 1299 806 1351 scriptum
836 1310 955 1351 super
979 1298 1110 1339 Gnido
1133 1299 1288 1340 indicat
1310 1312 1506 1352 superque
1528 1300 1647 1340 rebus

157 1369 257 1419 eius,
290 1369 591 1409 adulescentem
622 1367 729 1408 haud
762 1367 984 1420 ignobilem
1018 1370 1216 1408 memorat
1238 1393 1291 1396 ——
1314 1368 1381 1408 sed
1403 1368 1647 1409 uocabulum

157 1437 242 1478 eius
273 1437 461 1478 obscurat
490 1461 543 1468 -
576 1438 805 1488 correptum
848 1436 1052 1476 amoribus
1086 1435 1274 1485 Veneris,
1321 1437 1485 1489 propter
1526 1449 1648 1488 quam

158 1504 315 1547 Gnidus
347 1505 388 1546 in
419 1505 580 1546 nomine
612 1505 692 1555 est,
726 1505 945 1545 amatorias
978 1506 1017 1544 et
1048 1504 1182 1556 ipsum
1214 1504 1422 1545 miscuisse
1455 1504 1647 1546 lasciuius

157 1587 250 1615 cum
288 1573 470 1614 eiusdem
506 1572 687 1613 numinis
727 1572 841 1626 signo
882 1572 1111 1626 genialibus
1151 1585 1269 1613 usum
1301 1573 1399 1613 toris
1431 1574 1470 1614 et
1502 1574 1648 1626 uolup-

111 1657 144 1682 20
157 1643 291 1683 tatum
323 1642 653 1694 consequentium
686 1641 848 1682 finibus.
897 1643 942 1681 ut
974 1641 1165 1681 similiter
1196 1654 1356 1682 rursum
1386 1641 1646 1694 interrogem,

158 1711 192 1753 si
225 1711 266 1751 in
297 1723 388 1751 aere
419 1712 540 1762 atque
571 1711 613 1751 in
642 1709 828 1750 materiis
853 1710 996 1750 ceteris
1029 1710 1175 1762 quibus
1207 1711 1320 1763 signa
1351 1710 1523 1751 formata
1554 1711 1648 1750 sunt

158 1791 395 1832 superorum
425 1779 630 1831 potentiae
662 1778 919 1818 delitiscunt:
962 1777 1128 1818 ubinam
1160 1779 1346 1831 gentium
1377 1778 1537 1819 fuerant
1569 1789 1649 1818 una

157 1850 278 1900 atque
329 1848 456 1888 altera
503 1847 697 1896 Veneres,
752 1848 797 1887 ut
848 1846 1080 1898 inpudicam
1130 1847 1398 1899 petulantiam
1449 1847 1644 1887 iuuenum

158 1917 442 1970 propulsarent
473 1916 521 1956 ab
553 1928 594 1956 se
625 1915 742 1968 longe
774 1916 813 1955 et
845 1915 1054 1955 contactus
1085 1915 1231 1967 impios
1263 1914 1471 1955 cruciabili
1497 1914 1646 1954 coerci-

112 2001 143 2025 25
159 1985 268 2026 tione
291 1985 512 2038 punirent?
544 1984 614 2024 aut
646 1983 837 2035 quoniam
866 1983 986 2022 mites
1019 1985 1057 2023 et
1088 1983 1262 2035 ingeniis
1295 1982 1646 2034 tranquillioribus

160 2054 258 2094 deae
299 2054 413 2102 sunt,
453 2054 650 2105 quantum
688 2052 840 2100 fuerat,
882 2050 1039 2090 miseris
1081 2050 1242 2091 furialia
1274 2051 1319 2090 ut
1349 2050 1646 2103 restinguerent

159 2122 308 2175 gaudia
354 2122 613 2172 mentemque
656 2120 697 2160 in
739 2131 879 2160 sanam
924 2119 1112 2159 recreatis
1151 2119 1389 2159 reducerent
1433 2118 1648 2159 sensibus?

293 2258 313 2290 S
340 2268 414 2300 sqq.
440 2257 462 2290 l.
489 2267 515 2289 c.
541 2256 573 2297 4,
600 2255 642 2289 57

204 2384 222 2416 1
249 2382 436 2425 pertinacis
463 2382 497 2414 P
521 2392 601 2414 corr
775 2379 852 2412 cales
879 2389 896 2412 r
926 2378 1022 2411 sedes
1050 2379 1120 2411 Sub
1290 2378 1310 2409 :3
1337 2380 1475 2411 exerant
1503 2378 1583 2415 Sub,
1611 2388 1650 2410 r:

159 2442 334 2473 exeserant
361 2440 394 2472 P
518 2440 538 2472 5
564 2437 631 2481 ipsi
657 2437 829 2470 Zinlcius:
856 2436 930 2479 ipsa
958 2436 991 2469 P
1108 2434 1258 2468 conuelli
1284 2437 1317 2467 et
1344 2435 1378 2467 P
1492 2434 1512 2466 6
1537 2446 1553 2466 e
1579 2433 1650 2467 Sub

158 2497 199 2530 in
225 2507 302 2530 err.-
328 2500 363 2529 et
388 2496 422 2529 P
571 2495 588 2527 ἶ
616 2506 650 2527 se
675 2493 747 2527 udrl
779 2493 846 2526 L'rs
995 2493 1015 2523 8
1041 2492 1258 2524 {Hosti-sanus
1284 2492 1319 2523 P
1464 2492 1484 2522 ξ)
1509 2493 1594 2534 aput
1621 2491 1655 2524 P

159 2564 241 2588 corr
381 2553 420 2586 11
439 2552 554 2585 animo
581 2551 647 2584 lfrs
784 2549 933 2583 rationis
953 2549 1043 2582 Sub.-
1071 2548 1237 2581 rationil»
1266 2548 1299 2580 P
1432 2547 1650 2590 iudicioquae

162 2611 196 2644 P
221 2621 302 2644 corr
434 2608 623 2651 iudiciique
649 2607 720 2641 Sub
846 2605 993 2639 caecatis
1021 2605 1109 2638 Sub:
1135 2604 1313 2637 caecitatis
1341 2605 1373 2637 P
1497 2603 1537 2636 14
1562 2604 1650 2636 frus-

160 2667 304 2701 trabiles
336 2666 418 2700 Gel:
455 2664 655 2697 frustabiles
681 2664 715 2697 P
867 2662 1076 2704 Posidippns
1105 2662 1185 2701 (tel,
1213 2671 1248 2693 r:
1281 2659 1500 2703 possidippus
1528 2660 1562 2693 P

160 2724 204 2757 15
228 2724 309 2757 nido
335 2724 368 2756 P
394 2733 473 2756 corr
499 2732 515 2754 c
652 2720 751 2753 rebus
776 2719 857 2752 Gcl:
882 2728 917 2751 rc
943 2718 1022 2751 absc
1048 2718 1081 2750 P
1104 2728 1139 2749 ro
1164 2728 1183 2749 a
1209 2727 1243 2749 sc
1270 2717 1342 2749 Sub
1482 2717 1522 2750 19
1548 2727 1649 2750 usum

160 2780 365 2814 Meursz'us:
406 2780 523 2813 fusum
558 2779 590 2812 P
772 2776 813 2809 Ξῖ
847 2775 883 2808 111
915 2785 1033 2808 sanam
1060 2774 1236 2808 Iluetins:
1274 2773 1429 2806 insanam
1457 2774 1560 2817 uulyo

160 2838 386 2871 redducerent
414 2837 447 2870 P
