2032 3248
355 203 466 233 CXVI

1809 304 1828 328 Β,
1857 320 1878 330 ..

353 359 409 401 29
440 358 667 412 Cyprianus
688 357 940 412 presbyteris
963 358 1004 399 et
1026 357 1284 399 diaconibus:
1306 357 1369 399 Ne
1390 357 1490 411 quid
1512 358 1721 401 conscien-
1783 305 1805 338 p
1831 304 1855 338 g

550 433 655 474 tiam
711 465 1724 475 ...............
1784 432 1866 475 547

354 508 411 549 30
440 506 676 561 Presbyteri
699 508 739 548 et
760 506 920 548 diaconi
930 507 1083 548 Romae
1095 505 1316 561 Cypriano:
1335 506 1595 560 Quamquam
1619 507 1722 549 bene
1782 507 1866 550 549

354 583 407 625 31
439 582 601 637 Moyses
625 583 667 623 et
687 582 893 623 Maximus
921 616 928 622 .
950 615 957 621 .
979 615 986 622 .
1013 580 1234 636 Cypriano:
1258 582 1373 623 Inter
1394 583 1530 624 uarios
1569 614 1579 623 .
1642 616 1649 624 .
1711 615 1721 624 .
1783 582 1867 624 557

354 658 409 699 32
441 656 668 711 Cyprianus
689 657 939 711 presbyteris
962 657 1002 698 et
1024 656 1284 699 diaconibus:
1309 656 1461 708 Quales
1482 657 1646 700 litteras
1714 689 1724 699 .
1783 657 1868 699 565

353 732 409 774 33
441 730 687 787 (Cyprianus
709 731 880 787 lapsis):
902 732 1107 773 Dominus
1128 732 1266 773 noster
1280 764 1722 773 .......
1783 731 1868 773 566

352 807 410 849 34
441 806 667 862 Cyprianus
688 807 937 861 presbyteris
960 808 1000 848 et
1023 806 1282 848 diaconibus:
1307 806 1476 861 Integre
1569 841 1577 848 .
1642 840 1650 848 .
1783 806 1866 848 568

353 883 409 925 35
440 881 668 937 Cyprianus
690 882 941 936 presbyteris
964 882 1004 923 et
1026 882 1264 924 diaconibus
1280 882 1455 924 Romae:
1478 881 1534 923 Et
1557 840 1723 923 dilectio
1783 881 1864 923 571

351 958 408 1000 36
440 958 679 1012 Presbyteri
692 957 732 999 et
744 957 931 1000 diacones
944 957 1099 999 Romae
1114 956 1337 1011 Cypriano:
1357 956 1460 998 Cum
1476 956 1723 1012 perlegisse-

547 1046 640 1074 mus
713 1063 1721 1074 ...............
1782 1031 1867 1074 572

352 1107 405 1149 37
439 1106 665 1161 Cyprianus
686 1106 821 1161 Moysi
843 1108 884 1148 et
906 1106 1107 1149 Maximo:
1130 1107 1184 1148 Et
1206 1108 1374 1149 cunctos
1423 1139 1721 1148 .....
1782 1105 1866 1148 576

352 1183 407 1224 38
440 1181 668 1236 Cyprianus
692 1182 944 1237 presbyteris
967 1183 1008 1224 et
1028 1182 1288 1224 diaconibus:
1323 1182 1374 1223 In
1395 1180 1722 1223 ordinationibus

547 1257 706 1299 clericis
780 1289 1716 1299 ..............
1778 1256 1862 1298 579

351 1333 408 1374 39
440 1331 666 1386 Cyprianus
689 1332 939 1386 presbyteris
962 1334 1003 1374 et
1025 1332 1226 1375 diaconis:
1249 1332 1522 1388 Agnoscenda
1567 1366 1575 1373 .
1639 1367 1646 1374 .
1709 1364 1718 1374 .
1779 1331 1862 1373 581

349 1407 408 1448 40
438 1406 665 1461 Cyprianus
686 1406 936 1461 presbyteris
959 1408 999 1448 ct
1021 1407 1280 1463 diaconibus:
1303 1407 1594 1450 Nuntiandum
1637 1442 1644 1449 .
1709 1442 1717 1449 .
1779 1406 1863 1450 585

351 1483 405 1524 41
438 1481 666 1536 Cyprianus
702 1480 894 1523 Caldonio
936 1483 977 1523 et
1013 1482 1265 1524 Herculano:
1308 1482 1583 1524 Vehementer
1624 1495 1718 1524 con-

545 1557 740 1599 tristatus
779 1589 1717 1599 ..............
1779 1557 1862 1599 587

349 1631 407 1673 42
439 1631 658 1673 Caldonius
682 1645 776 1673 cum
797 1632 1029 1673 Herculano
1055 1665 1065 1673 .
1087 1666 1093 1672 .
1115 1664 1123 1672 .
1143 1647 1152 1673 :
1175 1631 1467 1674 Abstinnimus
1496 1666 1504 1674 .
1567 1664 1576 1673 .
1641 1665 1648 1672 .
1710 1665 1719 1674 .
1779 1631 1865 1673 590

350 1705 407 1747 43
438 1704 666 1760 Cyprianus
687 1706 819 1759 plebi:
844 1704 1105 1759 Quamquam
1128 1706 1156 1747 f.
1181 1719 1213 1748 c.
1238 1706 1401 1748 Virtius
1420 1738 1718 1749 .....
1779 1705 1865 1747 590

351 1780 408 1822 44
439 1779 666 1834 Cyprianus
688 1779 895 1822 Cornelio:
919 1780 1131 1822 Venerunt
1153 1781 1204 1823 ad
1225 1793 1297 1823 nos
1355 1813 1717 1823 ......
1778 1780 1861 1823 597

351 1855 408 1897 45
439 1854 665 1910 Cyprianus
687 1855 893 1898 Cornelio:
915 1848 1035 1907 'Quod
1057 1856 1187 1898 seruis
1210 1857 1275 1898 dei
1353 1889 1718 1898 ......
1779 1856 1863 1898 599

351 1931 407 1972 46
439 1929 666 1984 Cyprianus
687 1931 869 1973 Maximo
890 1931 932 1972 et
952 1930 1210 1973 Nicostrato:
1235 1930 1339 1973 Cum
1361 1931 1596 1985 frequenter
1639 1965 1646 1972 .
1709 1963 1717 1972 .
1780 1929 1864 1972 604

351 2005 406 2046 47
438 2004 664 2060 Cyprianus
687 2005 895 2048 Cornelio:
917 2006 973 2047 Et
995 2005 1239 2060 religiosum
1279 2038 1716 2048 .......
1779 2004 1863 2046 605

351 2080 407 2122 48
439 2080 665 2134 Cyprianus
687 2079 895 2122 Cornelio:
917 2081 1019 2136 Legi
1034 2081 1196 2123 litteras
1211 2082 1305 2123 tuas
1323 2080 1350 2122 f.
1368 2093 1401 2123 c.
1419 2093 1519 2135 quas
1535 2093 1607 2134 per
1622 2080 1715 2121 Pri-

546 2155 747 2197 mitiuum
786 2188 1718 2198 ..............
1780 2155 1863 2197 606

350 2229 407 2272 49
439 2229 649 2272 Cornelius
672 2229 893 2285 Cypriano:
917 2229 1126 2281 Quantam
1147 2230 1470 2272 sollicitudinem
1494 2264 1502 2271 .
1566 2264 1575 2273 .
1637 2263 1646 2271 .
1710 2263 1717 2271 .
1779 2229 1862 2271 608

352 2304 408 2346 50
438 2303 649 2348 Cornelius
671 2305 891 2359 Cypriano:
916 2305 978 2347 Ne
1001 2305 1100 2359 quid
1121 2306 1259 2347 minus
1279 2336 1718 2347 .......
1779 2304 1863 2346 613

351 2378 405 2420 51
439 2378 667 2433 Cyprianus
690 2379 894 2421 Cornelio:
916 2380 971 2421 Et
993 2381 1124 2434 egisse
1145 2392 1218 2422 nos
1280 2410 1716 2421 .......
1778 2379 1864 2420 614

352 2452 408 2495 52
440 2452 665 2507 Cyprianus
687 2453 893 2496 Cornelio:
917 2455 971 2496 Et
993 2467 1087 2495 cum
1110 2454 1328 2508 diligentia
1354 2485 1716 2495 ......
1780 2452 1863 2495 616

352 2527 409 2568 53
439 2527 645 2569 Maximus
667 2527 857 2570 Vrbanus
885 2561 892 2568 .
913 2561 920 2568 .
948 2527 1171 2582 Cypriano:
1196 2528 1305 2570 Certi
1349 2559 1716 2569 ......
1778 2528 1863 2570 620

353 2600 410 2642 54
441 2600 666 2655 Cyprianus
686 2602 868 2644 Maximo
889 2602 1055 2644 Vrbano
1085 2637 1092 2643 .
1113 2635 1120 2642 .
1142 2618 1150 2643 :
1174 2603 1310 2644 Lectis
1330 2601 1482 2642 litteris
1563 2634 1570 2642 .
1634 2633 1643 2642 .
1708 2634 1715 2642 .
1779 2602 1860 2643 621

351 2675 407 2717 55
439 2674 663 2730 Cyprianus
687 2676 944 2719 Antoniano:
968 2676 1121 2730 Accepi
1141 2678 1297 2730 primas
1355 2707 1717 2717 ......
1779 2677 1863 2718 624

351 2748 407 2792 56
438 2748 665 2803 Cyprianus
686 2751 916 2793 Fortunato
938 2751 1148 2805 Ahymmo
1175 2785 1184 2793 .
1203 2784 1212 2792 .
1233 2766 1242 2792 :
1266 2749 1497 2804 Scripsistis
1519 2750 1624 2791 mihi
1706 2782 1715 2791 .
1777 2750 1860 2792 648

350 2822 405 2865 57
439 2822 663 2877 Cyprianus
686 2825 889 2867 Liberalis
1008 2824 1215 2867 Cornelio:
1239 2824 1527 2866 Statueramus
1566 2857 1575 2866 .
1637 2856 1646 2866 .
1709 2856 1718 2865 .
1778 2823 1863 2866 650
