2032 3248
367 251 422 294 64
779 248 971 285 Arnobii
996 249 1216 285 aduersus
1241 250 1451 286 nationes

362 392 503 422 omnes
535 379 677 422 doctae
710 378 795 421 sint
825 390 954 432 neque
985 377 1139 421 discere
1169 389 1309 420 omnes
1347 378 1505 432 possint
1535 379 1576 421 et
1607 378 1690 422 sint
1720 378 1763 420 in
1793 377 1856 420 his

361 449 563 502 plurimae
592 447 793 491 acuminis
823 447 1070 491 obtunsioris
1092 449 1132 489 et
1162 447 1277 490 bardi
1308 448 1349 489 et
1378 448 1429 489 ad
1458 447 1641 490 discendi
1672 449 1856 491 studium

361 518 576 574 plagarum
607 517 848 560 coercitione
879 517 1086 573 cogantur.
1119 516 1262 571 quodsi
1301 528 1347 559 ea
1377 529 1478 570 quae
1509 517 1702 560 discimus
1731 518 1855 560 remi-

361 588 582 631 niscentias
614 599 699 630 esse
730 586 952 642 constaret,
1000 588 1047 629 ut
1078 586 1262 640 antiquis
1300 585 1559 640 opinionibus
1597 588 1748 630 scitum
1779 589 1853 641 est,

363 657 629 700 conueniebat
659 669 729 700 nos
761 668 899 699 omnes
930 657 981 699 ab
1012 668 1093 698 una
1123 656 1299 698 ueritate
1330 656 1541 698 uenientes
1572 669 1699 698 unum
1735 669 1851 699 nosse
1872 677 1887 702 5

362 739 570 782 unumque
600 726 828 778 reminisci,
859 737 937 768 non
967 726 1115 768 habere
1154 726 1355 775 diuersas,
1386 738 1464 768 non
1501 724 1699 780 plurimas
1731 725 1852 768 dissi-

363 796 576 850 dentisque
607 796 851 846 sententias;
882 808 988 838 nunc
1019 807 1112 837 uero
1144 808 1238 838 cum
1270 795 1423 850 singuli
1453 795 1567 838 aliud
1600 799 1722 850 atque
1743 795 1856 837 aliud

361 866 613 918 adseramuS‚
645 865 909 908 manifestum
953 865 994 907 et
1024 866 1258 920 promptum
1307 866 1370 908 est
1400 865 1505 907 nihil
1549 877 1621 907 nos
1659 864 1858 907 adtulisse

363 934 412 977 de
428 935 537 978 caelo
568 935 637 978 sed
663 935 729 977 hic
753 935 850 977 nata
875 934 1081 977 addiscere
1097 936 1137 977 et
1153 934 1451 989 suspicionibus
1468 934 1616 977 coalita
1639 934 1856 977 uindicare.

296 1011 349 1050 2⁰
366 1006 407 1047 et
430 1006 475 1047 ut
496 1005 613 1048 uobis
635 1005 785 1048 clarius
805 1004 1146 1059 manifestiusque
1167 1005 1454 1056 monstremus,
1478 1004 1593 1046 cuius
1623 1004 1678 1046 sit
1704 1003 1709 1060 Ι
1735 1003 1857 1057 pretii

245 1065 268 1099 f.
281 1065 345 1100 371³
364 1074 505 1126 homo,
552 1087 672 1129 quem
704 1074 967 1117 simillimum
999 1074 1165 1117 creditis
1194 1074 1400 1130 potentiae
1430 1074 1646 1129 superioris
1676 1073 1857 1124 existere,

362 1143 560 1198 concipite
599 1145 747 1187 animis
779 1144 883 1187 hanc
923 1144 1150 1200 imaginem
1188 1144 1335 1187 uestris
1367 1144 1427 1196 et,
1462 1144 1567 1198 quod
1598 1143 1688 1186 fieri
1718 1143 1753 1185 si
1784 1143 1856 1185 ad-

362 1214 596 1268 grediamur
626 1215 774 1269 potest,
821 1214 1033 1268 tamquam
1079 1214 1113 1255 si
1144 1213 1274 1256 simus
1319 1214 1521 1268 adgressi,
1568 1212 1856 1255 similitudinis

361 1283 643 1337 adsumptione
682 1284 906 1326 teneamus.
938 1283 994 1326 sit
1023 1283 1154 1338 igitur
1182 1283 1299 1325 nobis
1330 1283 1479 1325 tellure
1509 1283 1550 1325 in
1582 1282 1726 1325 effossa
1746 1282 1858 1324 locus

362 1352 600 1396 habitabilis
632 1353 806 1395 formam
827 1352 974 1395 cubilis
1005 1352 1197 1404 efficienS,
1230 1353 1338 1395 tecto
1369 1354 1410 1395 et
1437 1352 1661 1407 parietibus
1682 1353 1855 1404 clausuS,

361 1435 441 1465 non
475 1422 638 1477 algidus
668 1422 711 1465 in
741 1422 913 1478 frigore,
958 1434 1036 1464 non
1067 1422 1239 1464 feruoris
1277 1422 1397 1464 nimii
1428 1422 1470 1465 in
1501 1423 1651 1475 calore,
1696 1423 1766 1465 sed
1797 1423 1858 1465 ita

361 1493 612 1545 temperatus
651 1495 691 1534 et
730 1491 910 1543 medius,
950 1492 998 1534 ut
1042 1504 1114 1534 nec
1152 1491 1316 1547 frigoris
1357 1504 1521 1535 sensum
1562 1504 1635 1535 nec
1674 1494 1856 1535 ardorem

363 1563 548 1606 ualidum
586 1561 863 1616 perpetiamur
893 1561 1079 1604 aestatis.
1123 1561 1166 1603 in
1203 1561 1312 1604 hunc
1343 1573 1463 1604 sonus
1502 1562 1665 1604 omnino
1702 1562 1857 1604 nullius

362 1631 516 1674 incidat
548 1632 679 1682 00018,
726 1643 807 1673 11011
838 1631 945 1683 auis,
993 1642 1071 1673 non
1109 1631 1284 1682 bestiae,
1330 1643 1408 1673 non
1448 1631 1731 1686 tempestatis,
1778 1645 1857 1674 non

362 1701 553 1753 hominis,
585 1714 664 1744 non
696 1700 869 1754 denique
900 1700 1073 1756 fragoris
1106 1700 1279 1743 alicuius
1317 1702 1390 1743 aut
1430 1701 1708 1755 concrepantis
1738 1701 1855 1744 terri-

361 1770 501 1813 biliter
531 1770 644 1814 caeli.
667 1771 940 1825 excogitemus
962 1771 1106 1813 deinde
1128 1770 1471 1825 quemadmodum
1500 1771 1639 1813 lumen
1662 1771 1856 1826 accipiat:

362 1852 441 1882 non
473 1853 519 1883 ex
548 1840 678 1883 inlato
708 1840 795 1895 igni
816 1852 943 1894 neque
973 1852 1019 1882 ex
1050 1841 1133 1883 sole
1154 1843 1365 1895 conspecto
1406 1840 1477 1883 sed
1508 1841 1679 1883 nothum
1702 1841 1857 1895 aliquid

362 1909 448 1961 fiat,
481 1909 587 1964 quod
633 1909 855 1964 imaginem
894 1909 1067 1952 luminis
1106 1910 1283 1965 caligine
1327 1910 1568 1965 interposita
1611 1911 1856 1960 mentiatur3

362 1979 483 2021 ianua
513 1990 593 2021 non
623 1992 703 2021 una
742 1979 798 2021 sit
828 1991 902 2021 nec
931 1979 986 2022 sit
1016 1979 1209 2022 introitus
1239 1980 1392 2031 rectus,
1441 1980 1610 2022 adeatur
1645 1979 1857 2022 inflexibus

362 2048 549 2091 flexuosis
589 2061 663 2092 nec
692 2049 925 2092 recludatur
957 2048 1194 2103 aliquandO,
1240 2049 1319 2091 nisi
1357 2062 1449 2092 cum
1487 2050 1712 2093 necessaria
1753 2050 1858 2093 ratio

300 2123 348 2164 21
367 2120 597 2176 postularit.
631 2133 737 2162 110110
768 2118 961 2174 quoniam
995 2118 1166 2174 imagini
1196 2120 1531 2174 praeparauimus
1563 2119 1718 2171 sedem,
1751 2120 1858 2162 acci-

410 2341 427 2375 1
454 2340 593 2384 possint
606 2341 641 2375 et
659 2340 749 2376 θεῖε
774 2341 920 2385 possunt
933 2341 974 2375 ut
991 2340 1185 2385 Ppossint,
1201 2350 1280 2375 cum
1306 2339 1375 2375 Urs
1470 2340 1492 2374 2
1515 2339 1710 2374 *acuminis
1727 2340 1762 2375 P

363 2398 459 2434 tardi
485 2399 557 2434 Sab
739 2399 761 2433 3
786 2398 933 2443 quodsi}
945 2398 1028 2433 Gel:
1053 2398 1146 2444 quod
1171 2401 1206 2433 et
1232 2398 1263 2432 si
1288 2398 1323 2432 P
1505 2398 1526 2432 6
1551 2397 1707 2432 diuersas
1732 2398 1768 2432 P

364 2455 662 2501 dissidentisquae
686 2456 722 2491 P
746 2466 829 2492 corr
853 2455 1136 2501 dissidentesque
1160 2467 1178 2491 c
1320 2456 1341 2490 9
1367 2458 1472 2490 natos
1505 2455 1572 2490 Urs
1725 2455 1857 2490 discere

372 2513 440 2548 Urs
578 2513 622 2548 10
646 2514 777 2558 praetii
801 2514 836 2548 P
976 2514 1018 2548 16
1042 2513 1185 2558 algidus
1211 2515 1249 2548 in
1266 2524 1296 2557 r,
1322 2514 1440 2549 Salm:
1465 2513 1627 2558 algidum
1654 2513 1689 2547 P
1714 2512 1856 2557 algidus

365 2571 438 2606 Sab
576 2572 680 2607 nimii
715 2572 803 2607 Urs:
829 2571 980 2607 nimium
1006 2572 1041 2607 P
1065 2572 1197 2606 nimius
1228 2571 1407 2607 C'anterus
1545 2570 1587 2605 17
1613 2570 1761 2615 frigoris
1779 2570 1853 2605 hie-

365 2628 470 2663 malis
503 2629 573 2664 Urs
733 2628 776 2663 18
800 2629 1019 2674 perpetiatur
1045 2629 1117 2664 Sab
1278 2639 1384 2664 sonus
1410 2628 1502 2663 Sab:
1536 2638 1660 2662 sonum
1686 2628 1721 2662 P

366 2686 408 2721 19
434 2685 568 2721 uestiae
593 2686 628 2721 P
647 2696 728 2722 corr
875 2697 945 2721 non
969 2687 1192 2731 tempestatis
1202 2686 1409 2729 ssdelendum
1433 2685 1579 2721 uidetur
1604 2696 1672 2720 non
1698 2685 1852 2719 hominis

365 2753 433 2778 11011
450 2744 673 2788 tempestatis
691 2744 880 2780 Meursius
1027 2744 1252 2789 tempestatis
1272 2744 1354 2787 Sab,
1367 2754 1408 2777 r.-
1433 2743 1664 2788 tempestates
1683 2742 1718 2777 P

365 2801 409 2835 22
433 2801 582 2836 nothum
607 2802 695 2837 Urs:
720 2803 845 2837 notum
871 2802 907 2836 P
1040 2802 1086 2837 24
1110 2802 1191 2847 non]
1218 2801 1320 2837 modo
1338 2800 1492 2836 Zinkz'us
1628 2800 1687 2835 sed
1704 2799 1849 2835 adeatur

373 2857 438 2892 Urs
575 2858 825 2894 inflexionibus
852 2860 923 2894 Sab

1876 1020 1908 1045 10

1878 1377 1908 1401 15

1877 2069 1909 2094 25
