<?xml version="1.0" encoding="UTF-8"?>
<!DOCTYPE html PUBLIC "-//W3C//DTD XHTML 1.0 Transitional//EN"
    "http://www.w3.org/TR/xhtml1/DTD/xhtml1-transitional.dtd">
<html xmlns="http://www.w3.org/1999/xhtml" xml:lang="en" lang="en">
 <head>
  <title>
</title>
<meta http-equiv="Content-Type" content="text/html;charset=utf-8" />
  <meta name='ocr-system' content='tesseract 3.04.00' />
  <meta name='ocr-capabilities' content='ocr_page ocr_carea ocr_par ocr_line ocrx_word'/>
</head>
<body>
  <div class='ocr_page' id='page_1' title='image "./corpusscriptorum03cypruoft/corpusscriptorum03cypruoft_0209.png"; bbox 0 0 2032 3248; ppageno 0'>
   <div class='ocr_carea' id='block_1_1' title="bbox 508 223 1737 269">
    <p class='ocr_par' dir='ltr' id='par_1_1' title="bbox 508 223 1737 269">
     <span class='ocr_line' id='line_1_1' title="bbox 508 223 1737 269; baseline -0.002 -10"><span class='ocrx_word' id='word_1_1' title='bbox 508 226 565 259; x_wconf 87' lang='lat' dir='ltr'>De</span> <span class='ocrx_word' id='word_1_2' title='bbox 591 225 931 269; x_wconf 76' lang='lat' dir='ltr'>singularitate</span> <span class='ocrx_word' id='word_1_3' title='bbox 958 224 1228 258; x_wconf 87' lang='lat' dir='ltr'>clericorum</span> <span class='ocrx_word' id='word_1_4' title='bbox 1255 234 1282 257; x_wconf 81' lang='lat' dir='ltr'>c.</span> <span class='ocrx_word' id='word_1_5' title='bbox 1309 223 1457 257; x_wconf 73' lang='lat'>21—23.</span> <span class='ocrx_word' id='word_1_6' title='bbox 1658 225 1737 266; x_wconf 83' lang='lat'>199</span> 
     </span>
    </p>
   </div>
   <div class='ocr_carea' id='block_1_2' title="bbox 164 327 1793 2249">
    <p class='ocr_par' dir='ltr' id='par_1_2' title="bbox 164 327 1793 2249">
     <span class='ocr_line' id='line_1_2' title="bbox 224 327 1736 378; baseline -0.003 -7"><span class='ocrx_word' id='word_1_7' title='bbox 224 334 411 371; x_wconf 88' lang='lat' dir='ltr'>incertum</span> <span class='ocrx_word' id='word_1_8' title='bbox 433 332 622 371; x_wconf 81' lang='lat' dir='ltr'>subiceret</span> <span class='ocrx_word' id='word_1_9' title='bbox 639 330 880 378; x_wconf 76' lang='lat' dir='ltr'>temptationi</span> <span class='ocrx_word' id='word_1_10' title='bbox 899 330 1052 368; x_wconf 87' lang='lat' dir='ltr'>carnali.</span> <span class='ocrx_word' id='word_1_11' title='bbox 1077 331 1174 368; x_wconf 90' lang='lat' dir='ltr'>unde</span> <span class='ocrx_word' id='word_1_12' title='bbox 1191 330 1271 377; x_wconf 86' lang='lat' dir='ltr'>ipse</span> <span class='ocrx_word' id='word_1_13' title='bbox 1289 327 1474 368; x_wconf 87' lang='lat' dir='ltr'>rationem</span> <span class='ocrx_word' id='word_1_14' title='bbox 1497 328 1550 367; x_wconf 88' lang='lat' dir='ltr'>sic</span> <span class='ocrx_word' id='word_1_15' title='bbox 1571 328 1736 367; x_wconf 86' lang='lat' dir='ltr'>reddidit</span> 
     </span>
     <span class='ocr_line' id='line_1_3' title="bbox 224 398 1737 450; baseline -0.003 -10"><span class='ocrx_word' id='word_1_16' title='bbox 224 402 372 440; x_wconf 83' lang='lat' dir='ltr'>dic-ens:</span> <span class='ocrx_word' id='word_1_17' title='bbox 406 413 511 450; x_wconf 84' lang='lat' dir='ltr'>ego,</span> <span class='ocrx_word' id='word_1_18' title='bbox 545 400 688 448; x_wconf 88' lang='lat' dir='ltr'>inquit,</span> <span class='ocrx_word' id='word_1_19' title='bbox 722 400 791 437; x_wconf 91' lang='lat' dir='ltr'>sic</span> <span class='ocrx_word' id='word_1_20' title='bbox 813 411 973 446; x_wconf 87' lang='lat' dir='ltr'>curro,</span> <span class='ocrx_word' id='word_1_21' title='bbox 1007 411 1095 437; x_wconf 88' lang='lat' dir='ltr'>non</span> <span class='ocrx_word' id='word_1_22' title='bbox 1118 399 1256 447; x_wconf 89' lang='lat' dir='ltr'>quasi</span> <span class='ocrx_word' id='word_1_23' title='bbox 1287 399 1333 436; x_wconf 92' lang='lat' dir='ltr'>in</span> <span class='ocrx_word' id='word_1_24' title='bbox 1365 399 1626 444; x_wconf 90' lang='lat' dir='ltr'>incertum,</span> <span class='ocrx_word' id='word_1_25' title='bbox 1668 398 1737 436; x_wconf 86' lang='lat' dir='ltr'>sic</span> 
     </span>
     <span class='ocr_line' id='line_1_4' title="bbox 224 467 1735 519; baseline -0.002 -11"><span class='ocrx_word' id='word_1_26' title='bbox 224 482 404 519; x_wconf 84' lang='lat' dir='ltr'>pugno,</span> <span class='ocrx_word' id='word_1_27' title='bbox 452 482 542 508; x_wconf 91' lang='lat' dir='ltr'>non</span> <span class='ocrx_word' id='word_1_28' title='bbox 574 468 719 517; x_wconf 86' lang='lat' dir='ltr'>quasi</span> <span class='ocrx_word' id='word_1_29' title='bbox 751 479 908 506; x_wconf 86' lang='lat' dir='ltr'>aerem</span> <span class='ocrx_word' id='word_1_30' title='bbox 941 468 1165 515; x_wconf 88' lang='lat' dir='ltr'>caedens,</span> <span class='ocrx_word' id='word_1_31' title='bbox 1215 469 1301 506; x_wconf 89' lang='lat' dir='ltr'>sed</span> <span class='ocrx_word' id='word_1_32' title='bbox 1334 467 1528 516; x_wconf 86' lang='lat' dir='ltr'>adfligo</span> <span class='ocrx_word' id='word_1_33' title='bbox 1560 478 1735 514; x_wconf 86' lang='lat' dir='ltr'>corpus</span> 
     </span>
     <span class='ocr_line' id='line_1_5' title="bbox 222 536 1734 585; baseline -0.003 -7"><span class='ocrx_word' id='word_1_34' title='bbox 222 550 369 578; x_wconf 89' lang='lat' dir='ltr'>meum</span> <span class='ocrx_word' id='word_1_35' title='bbox 400 541 445 577; x_wconf 88' lang='lat' dir='ltr'>et</span> <span class='ocrx_word' id='word_1_36' title='bbox 476 539 522 576; x_wconf 90' lang='lat' dir='ltr'>in</span> <span class='ocrx_word' id='word_1_37' title='bbox 554 538 845 576; x_wconf 88' lang='lat' dir='ltr'>seruitutem</span> <span class='ocrx_word' id='word_1_38' title='bbox 869 537 1052 585; x_wconf 85' lang='lat' dir='ltr'>redigo,</span> <span class='ocrx_word' id='word_1_39' title='bbox 1075 549 1129 575; x_wconf 86' lang='lat' dir='ltr'>ne</span> <span class='ocrx_word' id='word_1_40' title='bbox 1151 537 1278 576; x_wconf 87' lang='lat' dir='ltr'>forte</span> <span class='ocrx_word' id='word_1_41' title='bbox 1300 536 1416 574; x_wconf 91' lang='lat' dir='ltr'>aliis</span> <span class='ocrx_word' id='word_1_42' title='bbox 1438 536 1734 585; x_wconf 88' lang='lat' dir='ltr'>praedicans</span> 
     </span>
     <span class='ocr_line' id='line_1_6' title="bbox 194 605 1735 656; baseline -0.002 -10"><span class='ocrx_word' id='word_1_43' title='bbox 194 626 208 650; x_wconf 70' lang='lat'>5</span> <span class='ocrx_word' id='word_1_44' title='bbox 223 608 330 656; x_wconf 88' lang='lat' dir='ltr'>ipse</span> <span class='ocrx_word' id='word_1_45' title='bbox 352 609 591 656; x_wconf 86' lang='lat' dir='ltr'>reprobus</span> <span class='ocrx_word' id='word_1_46' title='bbox 624 606 862 645; x_wconf 87' lang='lat' dir='ltr'>inueniar.</span> <span class='ocrx_word' id='word_1_47' title='bbox 896 606 983 645; x_wconf 91' lang='grc'>111110</span> <span class='ocrx_word' id='word_1_48' title='bbox 1006 617 1096 654; x_wconf 88' lang='lat' dir='ltr'>ergo</span> <span class='ocrx_word' id='word_1_49' title='bbox 1117 608 1156 644; x_wconf 90' lang='lat' dir='ltr'>te</span> <span class='ocrx_word' id='word_1_50' title='bbox 1178 617 1354 654; x_wconf 78' lang='lat' dir='ltr'>conpara,</span> <span class='ocrx_word' id='word_1_51' title='bbox 1377 606 1442 653; x_wconf 87' lang='lat' dir='ltr'>qui</span> <span class='ocrx_word' id='word_1_52' title='bbox 1463 608 1500 644; x_wconf 88' lang='lat' dir='ltr'>te</span> <span class='ocrx_word' id='word_1_53' title='bbox 1522 605 1735 652; x_wconf 87' lang='lat' dir='ltr'>apostolum</span> 
     </span>
     <span class='ocr_line' id='line_1_7' title="bbox 221 675 1733 724; baseline -0.002 -9"><span class='ocrx_word' id='word_1_54' title='bbox 221 677 340 716; x_wconf 89' lang='lat' dir='ltr'>iactas</span> <span class='ocrx_word' id='word_1_55' title='bbox 362 679 400 715; x_wconf 84' lang='lat' dir='ltr'>et</span> <span class='ocrx_word' id='word_1_56' title='bbox 422 688 465 715; x_wconf 81' lang='lat' dir='ltr'>ex</span> <span class='ocrx_word' id='word_1_57' title='bbox 488 677 570 724; x_wconf 90' lang='lat' dir='ltr'>ipso</span> <span class='ocrx_word' id='word_1_58' title='bbox 594 676 695 714; x_wconf 90' lang='lat' dir='ltr'>disce</span> <span class='ocrx_word' id='word_1_59' title='bbox 718 675 809 724; x_wconf 89' lang='lat' dir='ltr'>quid</span> <span class='ocrx_word' id='word_1_60' title='bbox 830 677 978 714; x_wconf 87' lang='lat' dir='ltr'>metuas</span> <span class='ocrx_word' id='word_1_61' title='bbox 993 706 1001 722; x_wconf 92' lang='lat'>,</span> <span class='ocrx_word' id='word_1_62' title='bbox 1041 675 1107 723; x_wconf 83' lang='lat' dir='ltr'>qui</span> <span class='ocrx_word' id='word_1_63' title='bbox 1143 676 1282 713; x_wconf 87' lang='lat' dir='ltr'>clamat</span> <span class='ocrx_word' id='word_1_64' title='bbox 1314 677 1351 713; x_wconf 90' lang='lat' dir='ltr'>et</span> <span class='ocrx_word' id='word_1_65' title='bbox 1373 675 1484 713; x_wconf 89' lang='lat' dir='ltr'>dicit:</span> <span class='ocrx_word' id='word_1_66' title='bbox 1518 686 1598 713; x_wconf 90' lang='lat' dir='ltr'>oro</span> <span class='ocrx_word' id='word_1_67' title='bbox 1630 686 1733 721; x_wconf 90' lang='lat' dir='ltr'>uos,</span> 
     </span>
     <span class='ocr_line' id='line_1_8' title="bbox 220 744 1733 792; baseline -0.001 -8"><span class='ocrx_word' id='word_1_68' title='bbox 220 746 501 784; x_wconf 87' lang='lat' dir='ltr'>imitatores</span> <span class='ocrx_word' id='word_1_69' title='bbox 538 746 632 783; x_wconf 92' lang='lat' dir='ltr'>mei</span> <span class='ocrx_word' id='word_1_70' title='bbox 663 747 835 783; x_wconf 90' lang='lat' dir='ltr'>estote.</span> <span class='ocrx_word' id='word_1_71' title='bbox 882 744 1005 783; x_wconf 91' lang='lat' dir='ltr'>noluit</span> <span class='ocrx_word' id='word_1_72' title='bbox 1037 745 1164 792; x_wconf 89' lang='lat' dir='ltr'>itaque</span> <span class='ocrx_word' id='word_1_73' title='bbox 1197 745 1242 782; x_wconf 89' lang='lat' dir='ltr'>de</span> <span class='ocrx_word' id='word_1_74' title='bbox 1273 744 1496 782; x_wconf 85' lang='lat' dir='ltr'>mulieribus</span> <span class='ocrx_word' id='word_1_75' title='bbox 1518 745 1733 782; x_wconf 89' lang='lat' dir='ltr'>circumdu-</span> 
     </span>
     <span class='ocr_line' id='line_1_9' title="bbox 220 813 1733 862; baseline -0.001 -9"><span class='ocrx_word' id='word_1_76' title='bbox 220 815 348 853; x_wconf 86' lang='lat' dir='ltr'>cendis</span> <span class='ocrx_word' id='word_1_77' title='bbox 370 815 508 853; x_wconf 87' lang='lat' dir='ltr'>habere</span> <span class='ocrx_word' id='word_1_78' title='bbox 531 815 718 861; x_wconf 86' lang='lat' dir='ltr'>fiduciam,</span> <span class='ocrx_word' id='word_1_79' title='bbox 756 814 819 861; x_wconf 88' lang='lat' dir='ltr'>qui</span> <span class='ocrx_word' id='word_1_80' title='bbox 849 826 924 852; x_wconf 88' lang='lat' dir='ltr'>non</span> <span class='ocrx_word' id='word_1_81' title='bbox 946 814 1146 862; x_wconf 72' lang='lat' dir='ltr'>ignorabat</span> <span class='ocrx_word' id='word_1_82' title='bbox 1179 815 1362 861; x_wconf 83' lang='lat' dir='ltr'>quantum</span> <span class='ocrx_word' id='word_1_83' title='bbox 1384 813 1482 852; x_wconf 89' lang='lat' dir='ltr'>aliae</span> <span class='ocrx_word' id='word_1_84' title='bbox 1502 813 1665 851; x_wconf 89' lang='lat' dir='ltr'>uirtutes</span> <span class='ocrx_word' id='word_1_85' title='bbox 1687 813 1733 851; x_wconf 85' lang='lat' dir='ltr'>ab</span> 
     </span>
     <span class='ocr_line' id='line_1_10' title="bbox 220 881 1731 929; baseline -0.002 -7"><span class='ocrx_word' id='word_1_86' title='bbox 220 884 305 922; x_wconf 85' lang='lat' dir='ltr'>aliis</span> <span class='ocrx_word' id='word_1_87' title='bbox 341 884 550 922; x_wconf 89' lang='lat' dir='ltr'>uirtutibus</span> <span class='ocrx_word' id='word_1_88' title='bbox 587 884 781 922; x_wconf 88' lang='lat' dir='ltr'>differrent</span> <span class='ocrx_word' id='word_1_89' title='bbox 817 885 855 921; x_wconf 90' lang='lat' dir='ltr'>et</span> <span class='ocrx_word' id='word_1_90' title='bbox 892 883 1006 921; x_wconf 86' lang='lat' dir='ltr'>aliam</span> <span class='ocrx_word' id='word_1_91' title='bbox 1029 883 1243 921; x_wconf 72' lang='lat' dir='ltr'>claritatem</span> <span class='ocrx_word' id='word_1_92' title='bbox 1279 883 1372 921; x_wconf 90' lang='lat' dir='ltr'>solis</span> <span class='ocrx_word' id='word_1_93' title='bbox 1404 885 1441 920; x_wconf 92' lang='lat' dir='ltr'>et</span> <span class='ocrx_word' id='word_1_94' title='bbox 1472 882 1583 920; x_wconf 87' lang='lat' dir='ltr'>lunae</span> <span class='ocrx_word' id='word_1_95' title='bbox 1604 881 1731 929; x_wconf 88' lang='lat' dir='ltr'>aliam,</span> 
     </span>
     <span class='ocr_line' id='line_1_11' title="bbox 174 951 1732 999; baseline -0.002 -8"><span class='ocrx_word' id='word_1_96' title='bbox 174 972 206 997; x_wconf 86' lang='lat'>10</span> <span class='ocrx_word' id='word_1_97' title='bbox 220 953 335 992; x_wconf 89' lang='lat' dir='ltr'>aliam</span> <span class='ocrx_word' id='word_1_98' title='bbox 356 964 443 991; x_wconf 89' lang='lat' dir='ltr'>uero</span> <span class='ocrx_word' id='word_1_99' title='bbox 479 952 675 991; x_wconf 90' lang='lat' dir='ltr'>stellarum</span> <span class='ocrx_word' id='word_1_100' title='bbox 688 983 696 999; x_wconf 89' lang='lat'>‚</span> <span class='ocrx_word' id='word_1_101' title='bbox 721 952 765 990; x_wconf 89' lang='lat' dir='ltr'>de</span> <span class='ocrx_word' id='word_1_102' title='bbox 803 952 1097 990; x_wconf 81' lang='lat' dir='ltr'>charismatibus</span> <span class='ocrx_word' id='word_1_103' title='bbox 1135 952 1405 990; x_wconf 88' lang='lat' dir='ltr'>ecclesiasticis</span> <span class='ocrx_word' id='word_1_104' title='bbox 1443 951 1732 989; x_wconf 87' lang='lat' dir='ltr'>similitudinem</span> 
     </span>
     <span class='ocr_line' id='line_1_12' title="bbox 219 1020 1731 1070; baseline -0.001 -10"><span class='ocrx_word' id='word_1_105' title='bbox 219 1033 430 1070; x_wconf 85' lang='lat' dir='ltr'>conparans</span> <span class='ocrx_word' id='word_1_106' title='bbox 452 1021 711 1060; x_wconf 84' lang='lat' dir='ltr'>intimauerat.</span> <span class='ocrx_word' id='word_1_107' title='bbox 754 1022 820 1059; x_wconf 88' lang='lat' dir='ltr'>sed</span> <span class='ocrx_word' id='word_1_108' title='bbox 842 1033 910 1060; x_wconf 91' lang='lat' dir='ltr'>nos</span> <span class='ocrx_word' id='word_1_109' title='bbox 933 1023 1065 1060; x_wconf 88' lang='lat' dir='ltr'>contra</span> <span class='ocrx_word' id='word_1_110' title='bbox 1097 1022 1141 1060; x_wconf 85' lang='lat' dir='ltr'>de</span> <span class='ocrx_word' id='word_1_111' title='bbox 1174 1021 1384 1069; x_wconf 85' lang='lat' dir='ltr'>apostolica</span> <span class='ocrx_word' id='word_1_112' title='bbox 1415 1020 1524 1058; x_wconf 86' lang='lat' dir='ltr'>nobis</span> <span class='ocrx_word' id='word_1_113' title='bbox 1547 1031 1731 1068; x_wconf 84' lang='lat' dir='ltr'>coaequa-</span> 
     </span>
     <span class='ocr_line' id='line_1_13' title="bbox 219 1089 1731 1139; baseline -0.001 -9"><span class='ocrx_word' id='word_1_114' title='bbox 219 1092 320 1130; x_wconf 85' lang='lat' dir='ltr'>tione</span> <span class='ocrx_word' id='word_1_115' title='bbox 356 1091 594 1136; x_wconf 83' lang='lat' dir='ltr'>blandimur,</span> <span class='ocrx_word' id='word_1_116' title='bbox 636 1103 710 1129; x_wconf 91' lang='lat' dir='ltr'>non</span> <span class='ocrx_word' id='word_1_117' title='bbox 747 1091 987 1130; x_wconf 86' lang='lat' dir='ltr'>intendentes</span> <span class='ocrx_word' id='word_1_118' title='bbox 1025 1091 1176 1139; x_wconf 85' lang='lat' dir='ltr'>penitus</span> <span class='ocrx_word' id='word_1_119' title='bbox 1212 1090 1302 1139; x_wconf 89' lang='lat' dir='ltr'>quid</span> <span class='ocrx_word' id='word_1_120' title='bbox 1339 1089 1502 1137; x_wconf 86' lang='lat' dir='ltr'>apostoli</span> <span class='ocrx_word' id='word_1_121' title='bbox 1538 1091 1576 1127; x_wconf 89' lang='lat' dir='ltr'>et</span> <span class='ocrx_word' id='word_1_122' title='bbox 1609 1091 1731 1128; x_wconf 85' lang='lat' dir='ltr'>sancti</span> 
     </span>
     <span class='ocr_line' id='line_1_14' title="bbox 218 1159 1731 1208; baseline -0.002 -8"><span class='ocrx_word' id='word_1_123' title='bbox 218 1173 345 1200; x_wconf 88' lang='lat' dir='ltr'>omnes</span> <span class='ocrx_word' id='word_1_124' title='bbox 378 1160 520 1198; x_wconf 88' lang='lat' dir='ltr'>inuicta</span> <span class='ocrx_word' id='word_1_125' title='bbox 556 1160 699 1198; x_wconf 89' lang='lat' dir='ltr'>uirtute</span> <span class='ocrx_word' id='word_1_126' title='bbox 734 1162 961 1208; x_wconf 84' lang='lat' dir='ltr'>gesserunt,</span> <span class='ocrx_word' id='word_1_127' title='bbox 1004 1162 1042 1199; x_wconf 89' lang='lat' dir='ltr'>et</span> <span class='ocrx_word' id='word_1_128' title='bbox 1079 1159 1273 1198; x_wconf 86' lang='lat' dir='ltr'>difficilem</span> <span class='ocrx_word' id='word_1_129' title='bbox 1309 1170 1483 1207; x_wconf 84' lang='lat' dir='ltr'>rumpere</span> <span class='ocrx_word' id='word_1_130' title='bbox 1513 1161 1731 1207; x_wconf 87' lang='lat' dir='ltr'>quaerimus</span> 
     </span>
     <span class='ocr_line' id='line_1_15' title="bbox 217 1228 1731 1278; baseline 0 -11"><span class='ocrx_word' id='word_1_131' title='bbox 217 1230 332 1277; x_wconf 90' lang='lat' dir='ltr'>uiam,</span> <span class='ocrx_word' id='word_1_132' title='bbox 371 1241 455 1267; x_wconf 91' lang='grc'>011111</span> <span class='ocrx_word' id='word_1_133' title='bbox 474 1240 541 1277; x_wconf 88' lang='lat' dir='ltr'>per</span> <span class='ocrx_word' id='word_1_134' title='bbox 562 1228 690 1268; x_wconf 83' lang='lat' dir='ltr'>facilia</span> <span class='ocrx_word' id='word_1_135' title='bbox 725 1230 874 1277; x_wconf 89' lang='lat' dir='ltr'>planior</span> <span class='ocrx_word' id='word_1_136' title='bbox 909 1229 961 1267; x_wconf 91' lang='lat' dir='ltr'>sit</span> <span class='ocrx_word' id='word_1_137' title='bbox 997 1230 1107 1268; x_wconf 87' lang='lat' dir='ltr'>nobis</span> <span class='ocrx_word' id='word_1_138' title='bbox 1130 1230 1307 1278; x_wconf 87' lang='lat' dir='ltr'>apposita</span> <span class='ocrx_word' id='word_1_139' title='bbox 1345 1232 1478 1267; x_wconf 87' lang='lat' dir='ltr'>contra</span> <span class='ocrx_word' id='word_1_140' title='bbox 1495 1229 1731 1267; x_wconf 89' lang='lat' dir='ltr'>Salomonem</span> 
     </span>
     <span class='ocr_line' id='line_1_16' title="bbox 172 1299 1729 1346; baseline 0 -9"><span class='ocrx_word' id='word_1_141' title='bbox 172 1317 203 1342; x_wconf 79' lang='lat'>15</span> <span class='ocrx_word' id='word_1_142' title='bbox 220 1300 426 1337; x_wconf 85' lang='lat' dir='ltr'>dicentem:</span> <span class='ocrx_word' id='word_1_143' title='bbox 449 1310 540 1337; x_wconf 90' lang='lat' dir='ltr'>non</span> <span class='ocrx_word' id='word_1_144' title='bbox 562 1301 609 1338; x_wconf 90' lang='lat' dir='ltr'>te</span> <span class='ocrx_word' id='word_1_145' title='bbox 638 1300 830 1346; x_wconf 87' lang='lat' dir='ltr'>credas,</span> <span class='ocrx_word' id='word_1_146' title='bbox 864 1299 1002 1346; x_wconf 87' lang='lat' dir='ltr'>inquit,</span> <span class='ocrx_word' id='word_1_147' title='bbox 1025 1299 1132 1337; x_wconf 86' lang='lat' dir='ltr'>uiae</span> <span class='ocrx_word' id='word_1_148' title='bbox 1163 1299 1469 1346; x_wconf 86' lang='lat' dir='ltr'>laboriosae,</span> <span class='ocrx_word' id='word_1_149' title='bbox 1502 1311 1556 1338; x_wconf 89' lang='lat' dir='ltr'>ne</span> <span class='ocrx_word' id='word_1_150' title='bbox 1577 1310 1729 1346; x_wconf 88' lang='lat' dir='ltr'>ponas</span> 
     </span>
     <span class='ocr_line' id='line_1_17' title="bbox 217 1368 1728 1416; baseline 0 -10"><span class='ocrx_word' id='word_1_151' title='bbox 217 1369 405 1407; x_wconf 86' lang='lat' dir='ltr'>animae</span> <span class='ocrx_word' id='word_1_152' title='bbox 436 1370 548 1406; x_wconf 88' lang='lat' dir='ltr'>tuae</span> <span class='ocrx_word' id='word_1_153' title='bbox 580 1368 880 1406; x_wconf 87' lang='lat' dir='ltr'>scandalum.</span> <span class='ocrx_word' id='word_1_154' title='bbox 913 1380 983 1406; x_wconf 89' lang='lat' dir='ltr'>nec</span> <span class='ocrx_word' id='word_1_155' title='bbox 1019 1368 1120 1406; x_wconf 86' lang='lat' dir='ltr'>ullus</span> <span class='ocrx_word' id='word_1_156' title='bbox 1160 1369 1377 1407; x_wconf 82' lang='lat' dir='ltr'>considerat</span> <span class='ocrx_word' id='word_1_157' title='bbox 1415 1369 1593 1416; x_wconf 89' lang='lat' dir='ltr'>quoniam</span> <span class='ocrx_word' id='word_1_158' title='bbox 1630 1380 1728 1407; x_wconf 90' lang='lat' dir='ltr'>unus</span> 
     </span>
     <span class='ocr_line' id='line_1_18' title="bbox 218 1437 1731 1486; baseline 0 -11"><span class='ocrx_word' id='word_1_159' title='bbox 218 1447 371 1475; x_wconf 85' lang='lat' dir='ltr'>securus</span> <span class='ocrx_word' id='word_1_160' title='bbox 394 1438 433 1474; x_wconf 93' lang='lat' dir='ltr'>in</span> <span class='ocrx_word' id='word_1_161' title='bbox 453 1437 598 1476; x_wconf 89' lang='lat' dir='ltr'>lubrico</span> <span class='ocrx_word' id='word_1_162' title='bbox 621 1438 796 1485; x_wconf 84' lang='lat' dir='ltr'>graditur</span> <span class='ocrx_word' id='word_1_163' title='bbox 833 1439 870 1475; x_wconf 89' lang='lat' dir='ltr'>et</span> <span class='ocrx_word' id='word_1_164' title='bbox 901 1437 999 1476; x_wconf 87' lang='lat' dir='ltr'>alius</span> <span class='ocrx_word' id='word_1_165' title='bbox 1021 1437 1086 1485; x_wconf 90' lang='grc'>(1111</span> <span class='ocrx_word' id='word_1_166' title='bbox 1116 1437 1226 1486; x_wconf 87' lang='lat' dir='ltr'>inpar</span> <span class='ocrx_word' id='word_1_167' title='bbox 1248 1440 1307 1476; x_wconf 87' lang='lat' dir='ltr'>est</span> <span class='ocrx_word' id='word_1_168' title='bbox 1327 1438 1490 1486; x_wconf 87' lang='lat' dir='ltr'>labitur,</span> <span class='ocrx_word' id='word_1_169' title='bbox 1530 1450 1627 1476; x_wconf 91' lang='lat' dir='ltr'>unus</span> <span class='ocrx_word' id='word_1_170' title='bbox 1663 1450 1731 1486; x_wconf 88' lang='lat' dir='ltr'>per</span> 
     </span>
     <span class='ocr_line' id='line_1_19' title="bbox 218 1506 1728 1554; baseline 0.001 -11"><span class='ocrx_word' id='word_1_171' title='bbox 218 1517 333 1553; x_wconf 87' lang='lat' dir='ltr'>rupes</span> <span class='ocrx_word' id='word_1_172' title='bbox 351 1518 464 1544; x_wconf 85' lang='lat' dir='ltr'>cursu</span> <span class='ocrx_word' id='word_1_173' title='bbox 482 1509 629 1544; x_wconf 84' lang='lat' dir='ltr'>montes</span> <span class='ocrx_word' id='word_1_174' title='bbox 647 1506 820 1545; x_wconf 83' lang='lat' dir='ltr'>ascendit</span> <span class='ocrx_word' id='word_1_175' title='bbox 837 1508 875 1544; x_wconf 91' lang='lat' dir='ltr'>et</span> <span class='ocrx_word' id='word_1_176' title='bbox 892 1506 990 1545; x_wconf 86' lang='lat' dir='ltr'>alius</span> <span class='ocrx_word' id='word_1_177' title='bbox 1009 1506 1042 1544; x_wconf 88' lang='lat' dir='ltr'>si</span> <span class='ocrx_word' id='word_1_178' title='bbox 1060 1517 1100 1545; x_wconf 88' lang='lat' dir='ltr'>se</span> <span class='ocrx_word' id='word_1_179' title='bbox 1119 1506 1350 1545; x_wconf 87' lang='lat' dir='ltr'>coartauerit</span> <span class='ocrx_word' id='word_1_180' title='bbox 1365 1507 1480 1554; x_wconf 86' lang='lat' dir='ltr'>cadit,</span> <span class='ocrx_word' id='word_1_181' title='bbox 1498 1506 1564 1545; x_wconf 90' lang='lat' dir='ltr'>uni</span> <span class='ocrx_word' id='word_1_182' title='bbox 1581 1507 1728 1545; x_wconf 87' lang='lat' dir='ltr'>contin-</span> 
     </span>
     <span class='ocr_line' id='line_1_20' title="bbox 215 1575 1726 1624; baseline 0.001 -11"><span class='ocrx_word' id='word_1_183' title='bbox 215 1575 273 1624; x_wconf 83' lang='lat' dir='ltr'>git</span> <span class='ocrx_word' id='word_1_184' title='bbox 294 1587 362 1624; x_wconf 90' lang='lat' dir='ltr'>per</span> <span class='ocrx_word' id='word_1_185' title='bbox 382 1578 634 1624; x_wconf 83' lang='lat' dir='ltr'>tempestates</span> <span class='ocrx_word' id='word_1_186' title='bbox 656 1575 813 1624; x_wconf 85' lang='lat' dir='ltr'>nauigia</span> <span class='ocrx_word' id='word_1_187' title='bbox 834 1575 999 1615; x_wconf 84' lang='lat' dir='ltr'>feliciter</span> <span class='ocrx_word' id='word_1_188' title='bbox 1020 1576 1210 1624; x_wconf 81' lang='lat' dir='ltr'>explicare</span> <span class='ocrx_word' id='word_1_189' title='bbox 1242 1579 1280 1615; x_wconf 92' lang='lat' dir='ltr'>et</span> <span class='ocrx_word' id='word_1_190' title='bbox 1312 1577 1424 1615; x_wconf 88' lang='lat' dir='ltr'>alteri</span> <span class='ocrx_word' id='word_1_191' title='bbox 1447 1577 1537 1616; x_wconf 90' lang='lat' dir='ltr'>talis</span> <span class='ocrx_word' id='word_1_192' title='bbox 1558 1577 1726 1616; x_wconf 83' lang='lat' dir='ltr'>felicitas</span> 
     </span>
     <span class='ocr_line' id='line_1_21' title="bbox 168 1644 1720 1692; baseline 0.002 -10"><span class='ocrx_word' id='word_1_193' title='bbox 168 1656 202 1683; x_wconf 80' lang='lat'>20</span> <span class='ocrx_word' id='word_1_194' title='bbox 214 1655 288 1681; x_wconf 91' lang='lat' dir='ltr'>non</span> <span class='ocrx_word' id='word_1_195' title='bbox 309 1646 435 1692; x_wconf 82' lang='lat' dir='ltr'>potest</span> <span class='ocrx_word' id='word_1_196' title='bbox 458 1644 621 1683; x_wconf 89' lang='lat' dir='ltr'>euenire.</span> <span class='ocrx_word' id='word_1_197' title='bbox 666 1645 765 1692; x_wconf 92' lang='lat' dir='ltr'>quod</span> <span class='ocrx_word' id='word_1_198' title='bbox 801 1644 946 1683; x_wconf 89' lang='lat' dir='ltr'>Paulus</span> <span class='ocrx_word' id='word_1_199' title='bbox 968 1645 1163 1692; x_wconf 87' lang='lat' dir='ltr'>apostolus</span> <span class='ocrx_word' id='word_1_200' title='bbox 1185 1645 1357 1684; x_wconf 88' lang='lat' dir='ltr'>decernit</span> <span class='ocrx_word' id='word_1_201' title='bbox 1388 1646 1535 1685; x_wconf 86' lang='lat' dir='ltr'>dicens:</span> <span class='ocrx_word' id='word_1_202' title='bbox 1579 1658 1720 1685; x_wconf 85' lang='lat' dir='ltr'>unus-</span> 
     </span>
     <span class='ocr_line' id='line_1_22' title="bbox 218 1714 1727 1763; baseline 0.002 -12"><span class='ocrx_word' id='word_1_203' title='bbox 218 1714 447 1762; x_wconf 86' lang='lat' dir='ltr'>quisque,</span> <span class='ocrx_word' id='word_1_204' title='bbox 490 1714 635 1763; x_wconf 86' lang='lat' dir='ltr'>inquit,</span> <span class='ocrx_word' id='word_1_205' title='bbox 676 1715 930 1763; x_wconf 86' lang='lat' dir='ltr'>proprium</span> <span class='ocrx_word' id='word_1_206' title='bbox 966 1716 1138 1754; x_wconf 89' lang='lat' dir='ltr'>donum</span> <span class='ocrx_word' id='word_1_207' title='bbox 1173 1716 1324 1754; x_wconf 86' lang='lat' dir='ltr'>habet</span> <span class='ocrx_word' id='word_1_208' title='bbox 1361 1728 1417 1755; x_wconf 84' lang='lat' dir='ltr'>ex</span> <span class='ocrx_word' id='word_1_209' title='bbox 1449 1716 1564 1763; x_wconf 91' lang='lat' dir='ltr'>Deo,</span> <span class='ocrx_word' id='word_1_210' title='bbox 1607 1729 1727 1754; x_wconf 91' lang='lat' dir='ltr'>unus</span> 
     </span>
     <span class='ocr_line' id='line_1_23' title="bbox 216 1783 941 1830; baseline 0.003 -10"><span class='ocrx_word' id='word_1_211' title='bbox 216 1783 405 1830; x_wconf 89' lang='lat' dir='ltr'>quidem</span> <span class='ocrx_word' id='word_1_212' title='bbox 439 1783 519 1830; x_wconf 88' lang='lat' dir='ltr'>sic,</span> <span class='ocrx_word' id='word_1_213' title='bbox 553 1783 684 1821; x_wconf 90' lang='lat' dir='ltr'>alius</span> <span class='ocrx_word' id='word_1_214' title='bbox 715 1795 826 1823; x_wconf 86' lang='lat' dir='ltr'>uero</span> <span class='ocrx_word' id='word_1_215' title='bbox 860 1784 941 1822; x_wconf 88' lang='lat' dir='ltr'>sic.</span> 
     </span>
     <span class='ocr_line' id='line_1_24' title="bbox 270 1853 1793 1903; baseline 0 -13"><span class='ocrx_word' id='word_1_216' title='bbox 270 1853 342 1891; x_wconf 87' lang='lat' dir='ltr'>Sed</span> <span class='ocrx_word' id='word_1_217' title='bbox 373 1853 436 1900; x_wconf 91' lang='lat' dir='ltr'>qui</span> <span class='ocrx_word' id='word_1_218' title='bbox 477 1853 571 1890; x_wconf 88' lang='lat' dir='ltr'>mihi</span> <span class='ocrx_word' id='word_1_219' title='bbox 613 1853 657 1891; x_wconf 92' lang='lat' dir='ltr'>de</span> <span class='ocrx_word' id='word_1_220' title='bbox 701 1856 916 1891; x_wconf 87' lang='lat' dir='ltr'>sanctorum</span> <span class='ocrx_word' id='word_1_221' title='bbox 958 1854 1128 1902; x_wconf 83' lang='lat' dir='ltr'>exemplo</span> <span class='ocrx_word' id='word_1_222' title='bbox 1168 1854 1450 1902; x_wconf 88' lang='lat' dir='ltr'>praeiudicant,</span> <span class='ocrx_word' id='word_1_223' title='bbox 1483 1866 1598 1903; x_wconf 87' lang='lat' dir='ltr'>quare</span> <span class='ocrx_word' id='word_1_224' title='bbox 1621 1854 1725 1892; x_wconf 86' lang='lat' dir='ltr'>aliud</span> <span class='ocrx_word' id='word_1_225' title='bbox 1741 1853 1793 1891; x_wconf 85' lang='lat'>23</span> 
     </span>
     <span class='ocr_line' id='line_1_25' title="bbox 211 1922 1727 1972; baseline 0.002 -13"><span class='ocrx_word' id='word_1_226' title='bbox 211 1922 421 1970; x_wconf 79' lang='lat' dir='ltr'>exemplum</span> <span class='ocrx_word' id='word_1_227' title='bbox 444 1922 578 1959; x_wconf 88' lang='lat' dir='ltr'>nolunt</span> <span class='ocrx_word' id='word_1_228' title='bbox 599 1923 854 1970; x_wconf 88' lang='lat' dir='ltr'>contemplare</span> <span class='ocrx_word' id='word_1_229' title='bbox 877 1924 976 1970; x_wconf 89' lang='lat' dir='ltr'>quod</span> <span class='ocrx_word' id='word_1_230' title='bbox 997 1925 1191 1961; x_wconf 88' lang='lat' dir='ltr'>metuant:</span> <span class='ocrx_word' id='word_1_231' title='bbox 1235 1926 1274 1962; x_wconf 92' lang='lat' dir='ltr'>et</span> <span class='ocrx_word' id='word_1_232' title='bbox 1296 1924 1361 1972; x_wconf 88' lang='lat' dir='ltr'>qui</span> <span class='ocrx_word' id='word_1_233' title='bbox 1397 1924 1581 1972; x_wconf 88' lang='lat' dir='ltr'>apostolis</span> <span class='ocrx_word' id='word_1_234' title='bbox 1618 1935 1727 1962; x_wconf 89' lang='lat' dir='ltr'>coae-</span> 
     </span>
     <span class='ocr_line' id='line_1_26' title="bbox 164 1991 1724 2041; baseline 0.001 -12"><span class='ocrx_word' id='word_1_235' title='bbox 164 2003 195 2029; x_wconf 85' lang='lat'>25</span> <span class='ocrx_word' id='word_1_236' title='bbox 212 1991 321 2039; x_wconf 86' lang='lat' dir='ltr'>quari</span> <span class='ocrx_word' id='word_1_237' title='bbox 345 1992 539 2030; x_wconf 86' lang='lat' dir='ltr'>contendit</span> <span class='ocrx_word' id='word_1_238' title='bbox 562 2003 675 2039; x_wconf 90' lang='lat' dir='ltr'>quare</span> <span class='ocrx_word' id='word_1_239' title='bbox 698 2004 772 2030; x_wconf 88' lang='lat' dir='ltr'>non</span> <span class='ocrx_word' id='word_1_240' title='bbox 794 1993 917 2040; x_wconf 87' lang='lat' dir='ltr'>magis</span> <span class='ocrx_word' id='word_1_241' title='bbox 939 1994 1179 2041; x_wconf 87' lang='lat' dir='ltr'>presbyteros</span> <span class='ocrx_word' id='word_1_242' title='bbox 1198 1993 1392 2032; x_wconf 90' lang='lat' dir='ltr'>adulteros</span> <span class='ocrx_word' id='word_1_243' title='bbox 1411 1994 1511 2040; x_wconf 89' lang='lat' dir='ltr'>apud</span> <span class='ocrx_word' id='word_1_244' title='bbox 1527 1993 1724 2032; x_wconf 87' lang='lat' dir='ltr'>Danielem</span> 
     </span>
     <span class='ocr_line' id='line_1_27' title="bbox 210 2060 1721 2110; baseline 0.003 -13"><span class='ocrx_word' id='word_1_245' title='bbox 210 2060 258 2097; x_wconf 88' lang='lat' dir='ltr'>ad</span> <span class='ocrx_word' id='word_1_246' title='bbox 282 2060 520 2098; x_wconf 79' lang='lat' dir='ltr'>formidinem</span> <span class='ocrx_word' id='word_1_247' title='bbox 543 2061 696 2099; x_wconf 87' lang='lat' dir='ltr'>sibimet</span> <span class='ocrx_word' id='word_1_248' title='bbox 719 2061 800 2108; x_wconf 88' lang='lat' dir='ltr'>ipse</span> <span class='ocrx_word' id='word_1_249' title='bbox 823 2062 1029 2109; x_wconf 84' lang='lat' dir='ltr'>proponit?</span> <span class='ocrx_word' id='word_1_250' title='bbox 1062 2063 1154 2100; x_wconf 85' lang='lat' dir='ltr'>haec</span> <span class='ocrx_word' id='word_1_251' title='bbox 1186 2064 1311 2101; x_wconf 88' lang='lat' dir='ltr'>autem</span> <span class='ocrx_word' id='word_1_252' title='bbox 1333 2074 1407 2100; x_wconf 90' lang='lat' dir='ltr'>non</span> <span class='ocrx_word' id='word_1_253' title='bbox 1429 2062 1512 2101; x_wconf 89' lang='lat' dir='ltr'>ideo</span> <span class='ocrx_word' id='word_1_254' title='bbox 1542 2074 1721 2110; x_wconf 89' lang='lat' dir='ltr'>propono,</span> 
     </span>
     <span class='ocr_line' id='line_1_28' title="bbox 209 2130 1719 2178; baseline 0.003 -13"><span class='ocrx_word' id='word_1_255' title='bbox 209 2130 252 2166; x_wconf 93' lang='lat' dir='ltr'>ut</span> <span class='ocrx_word' id='word_1_256' title='bbox 274 2130 381 2177; x_wconf 85' lang='lat' dir='ltr'>quasi</span> <span class='ocrx_word' id='word_1_257' title='bbox 405 2130 661 2177; x_wconf 87' lang='lat' dir='ltr'>apostolorum</span> <span class='ocrx_word' id='word_1_258' title='bbox 684 2130 942 2168; x_wconf 85' lang='lat' dir='ltr'>imitatoribus</span> <span class='ocrx_word' id='word_1_259' title='bbox 965 2131 1236 2178; x_wconf 88' lang='lat' dir='ltr'>contradicam,</span> <span class='ocrx_word' id='word_1_260' title='bbox 1279 2131 1345 2169; x_wconf 89' lang='lat' dir='ltr'>sed</span> <span class='ocrx_word' id='word_1_261' title='bbox 1379 2135 1421 2169; x_wconf 91' lang='lat' dir='ltr'>ut</span> <span class='ocrx_word' id='word_1_262' title='bbox 1452 2132 1539 2170; x_wconf 89' lang='lat' dir='ltr'>illos</span> <span class='ocrx_word' id='word_1_263' title='bbox 1561 2131 1719 2170; x_wconf 89' lang='lat' dir='ltr'>confun—</span> 
     </span>
     <span class='ocr_line' id='line_1_29' title="bbox 209 2198 1722 2249; baseline 0.003 -14"><span class='ocrx_word' id='word_1_264' title='bbox 209 2198 293 2235; x_wconf 88' lang='lat' dir='ltr'>dam</span> <span class='ocrx_word' id='word_1_265' title='bbox 317 2198 379 2245; x_wconf 89' lang='lat' dir='ltr'>qui</span> <span class='ocrx_word' id='word_1_266' title='bbox 403 2210 441 2236; x_wconf 88' lang='lat' dir='ltr'>se</span> <span class='ocrx_word' id='word_1_267' title='bbox 465 2198 608 2236; x_wconf 87' lang='lat' dir='ltr'>sanctis</span> <span class='ocrx_word' id='word_1_268' title='bbox 631 2201 855 2246; x_wconf 78' lang='lat' dir='ltr'>exaequant.</span> <span class='ocrx_word' id='word_1_269' title='bbox 896 2211 965 2238; x_wconf 87' lang='lat' dir='ltr'>nec</span> <span class='ocrx_word' id='word_1_270' title='bbox 996 2211 1091 2248; x_wconf 87' lang='lat' dir='ltr'>nego</span> <span class='ocrx_word' id='word_1_271' title='bbox 1130 2199 1233 2247; x_wconf 83' lang='lat' dir='ltr'>ipsos</span> <span class='ocrx_word' id='word_1_272' title='bbox 1268 2211 1351 2238; x_wconf 88' lang='lat' dir='ltr'>esse</span> <span class='ocrx_word' id='word_1_273' title='bbox 1390 2201 1590 2240; x_wconf 86' lang='lat' dir='ltr'>sectandos</span> <span class='ocrx_word' id='word_1_274' title='bbox 1630 2212 1722 2249; x_wconf 88' lang='lat' dir='ltr'>quos</span> 
     </span>
    </p>
   </div>
   <div class='ocr_carea' id='block_1_3' title="bbox 204 2355 1719 2839">
    <p class='ocr_par' dir='ltr' id='par_1_3' title="bbox 206 2355 1719 2453">
     <span class='ocr_line' id='line_1_30' title="bbox 298 2355 1719 2400; baseline 0.003 -11"><span class='ocrx_word' id='word_1_275' title='bbox 298 2356 319 2389; x_wconf 82' lang='lat'><strong>2</strong></span> <span class='ocrx_word' id='word_1_276' title='bbox 344 2356 361 2389; x_wconf 92' lang='grc' dir='ltr'><strong>Ι</strong></span> <span class='ocrx_word' id='word_1_277' title='bbox 388 2355 464 2390; x_wconf 89' lang='lat' dir='ltr'>Cor.</span> <span class='ocrx_word' id='word_1_278' title='bbox 491 2357 523 2397; x_wconf 87' lang='lat'>9,</span> <span class='ocrx_word' id='word_1_279' title='bbox 549 2356 605 2390; x_wconf 79' lang='lat'>26.</span> <span class='ocrx_word' id='word_1_280' title='bbox 631 2357 686 2391; x_wconf 78' lang='lat'>27.</span> <span class='ocrx_word' id='word_1_281' title='bbox 896 2358 916 2391; x_wconf 86' lang='lat'>6</span> <span class='ocrx_word' id='word_1_282' title='bbox 941 2357 959 2391; x_wconf 91' lang='grc' dir='ltr'><strong>Ι</strong></span> <span class='ocrx_word' id='word_1_283' title='bbox 985 2357 1063 2393; x_wconf 87' lang='lat' dir='ltr'>Cor.</span> <span class='ocrx_word' id='word_1_284' title='bbox 1088 2357 1121 2399; x_wconf 83' lang='lat'>4,</span> <span class='ocrx_word' id='word_1_285' title='bbox 1150 2357 1202 2392; x_wconf 90' lang='grc'>16.</span> <span class='ocrx_word' id='word_1_286' title='bbox 1421 2359 1464 2393; x_wconf 85' lang='grc'>15</span> <span class='ocrx_word' id='word_1_287' title='bbox 1489 2358 1557 2393; x_wconf 79' lang='lat' dir='ltr'>Sir.</span> <span class='ocrx_word' id='word_1_288' title='bbox 1585 2358 1639 2400; x_wconf 82' lang='lat'>32,</span> <span class='ocrx_word' id='word_1_289' title='bbox 1665 2359 1719 2393; x_wconf 76' lang='lat'>20.</span> 
     </span>
     <span class='ocr_line' id='line_1_31' title="bbox 206 2411 514 2453; baseline 0 -6"><span class='ocrx_word' id='word_1_290' title='bbox 206 2411 252 2447; x_wconf 83' lang='lat'>20</span> <span class='ocrx_word' id='word_1_291' title='bbox 276 2412 295 2447; x_wconf 90' lang='grc' dir='ltr'>Ι</span> <span class='ocrx_word' id='word_1_292' title='bbox 320 2413 397 2448; x_wconf 90' lang='lat' dir='ltr'>Cor.</span> <span class='ocrx_word' id='word_1_293' title='bbox 426 2414 456 2453; x_wconf 85' lang='grc'>7,</span> <span class='ocrx_word' id='word_1_294' title='bbox 483 2413 514 2447; x_wconf 83' lang='grc'>7.</span> 
     </span>
    </p>

    <p class='ocr_par' dir='ltr' id='par_1_4' title="bbox 204 2561 1718 2839">
     <span class='ocr_line' id='line_1_32' title="bbox 299 2561 1716 2610; baseline 0.004 -15"><span class='ocrx_word' id='word_1_295' title='bbox 299 2562 318 2595; x_wconf 93' lang='grc'>1</span> <span class='ocrx_word' id='word_1_296' title='bbox 345 2561 519 2596; x_wconf 78' lang='lat' dir='ltr'>incertum</span> <span class='ocrx_word' id='word_1_297' title='bbox 550 2562 588 2604; x_wconf 79' lang='lat' dir='ltr'>G,</span> <span class='ocrx_word' id='word_1_298' title='bbox 614 2563 800 2597; x_wconf 84' lang='lat' dir='ltr'>interitum</span> <span class='ocrx_word' id='word_1_299' title='bbox 826 2575 847 2599; x_wconf 89' lang='lat' dir='ltr'><strong><em>v</em></strong></span> <span class='ocrx_word' id='word_1_300' title='bbox 946 2565 968 2598; x_wconf 83' lang='lat'>5</span> <span class='ocrx_word' id='word_1_301' title='bbox 991 2565 1028 2598; x_wconf 86' lang='lat' dir='ltr'>te</span> <span class='ocrx_word' id='word_1_302' title='bbox 1054 2575 1109 2608; x_wconf 82' lang='lat' dir='ltr'>ap.</span> <span class='ocrx_word' id='word_1_303' title='bbox 1143 2564 1180 2606; x_wconf 88' lang='lat' dir='ltr'>C,</span> <span class='ocrx_word' id='word_1_304' title='bbox 1211 2565 1412 2609; x_wconf 89' lang='lat' dir='ltr'>apostolum</span> <span class='ocrx_word' id='word_1_305' title='bbox 1438 2576 1458 2600; x_wconf 89' lang='lat' dir='ltr'><strong><em>v</em></strong></span> <span class='ocrx_word' id='word_1_306' title='bbox 1559 2566 1580 2599; x_wconf 83' lang='grc'>8</span> <span class='ocrx_word' id='word_1_307' title='bbox 1607 2576 1716 2610; x_wconf 86' lang='grc'>(111311-</span> 
     </span>
     <span class='ocr_line' id='line_1_33' title="bbox 204 2618 1674 2664; baseline 0.004 -13"><span class='ocrx_word' id='word_1_308' title='bbox 204 2619 241 2652; x_wconf 86' lang='lat' dir='ltr'>te</span> <span class='ocrx_word' id='word_1_309' title='bbox 272 2618 316 2654; x_wconf 80' lang='lat'>0¹</span> <span class='ocrx_word' id='word_1_310' title='bbox 433 2619 535 2664; x_wconf 79' lang='lat' dir='ltr'>aliae]</span> <span class='ocrx_word' id='word_1_311' title='bbox 564 2619 613 2654; x_wconf 85' lang='lat' dir='ltr'>ali</span> <span class='ocrx_word' id='word_1_312' title='bbox 645 2620 674 2655; x_wconf 86' lang='lat' dir='ltr'><em>C</em></span> <span class='ocrx_word' id='word_1_313' title='bbox 696 2631 722 2654; x_wconf 80' lang='lat' dir='ltr'>s.</span> <span class='ocrx_word' id='word_1_314' title='bbox 752 2621 773 2654; x_wconf 81' lang='lat' dir='ltr'>l.</span> <span class='ocrx_word' id='word_1_315' title='bbox 801 2632 844 2656; x_wconf 84' lang='lat' dir='ltr'>m.</span> <span class='ocrx_word' id='word_1_316' title='bbox 871 2623 895 2655; x_wconf 78' lang='lat'><strong><em>2</em></strong></span> <span class='ocrx_word' id='word_1_317' title='bbox 1011 2622 1031 2655; x_wconf 89' lang='lat'>9</span> <span class='ocrx_word' id='word_1_318' title='bbox 1057 2621 1224 2656; x_wconf 85' lang='lat' dir='ltr'>differant</span> <span class='ocrx_word' id='word_1_319' title='bbox 1250 2634 1269 2657; x_wconf 88' lang='lat' dir='ltr'><em>v</em></span> <span class='ocrx_word' id='word_1_320' title='bbox 1386 2622 1496 2657; x_wconf 81' lang='lat' dir='ltr'>aliam</span> <span class='ocrx_word' id='word_1_321' title='bbox 1522 2623 1627 2657; x_wconf 88' lang='lat' dir='ltr'>lunae</span> <span class='ocrx_word' id='word_1_322' title='bbox 1653 2634 1674 2658; x_wconf 87' lang='grc' dir='ltr'><strong><em>υ</em></strong></span> 
     </span>
     <span class='ocr_line' id='line_1_34' title="bbox 207 2675 1718 2720; baseline 0.004 -12"><span class='ocrx_word' id='word_1_323' title='bbox 207 2675 250 2709; x_wconf 87' lang='grc'>18</span> <span class='ocrx_word' id='word_1_324' title='bbox 276 2676 391 2720; x_wconf 82' lang='lat' dir='ltr'>rupes]</span> <span class='ocrx_word' id='word_1_325' title='bbox 419 2676 514 2720; x_wconf 88' lang='lat' dir='ltr'>ripas</span> <span class='ocrx_word' id='word_1_326' title='bbox 545 2678 574 2712; x_wconf 75' lang='lat' dir='ltr'><em>G</em></span> <span class='ocrx_word' id='word_1_327' title='bbox 721 2680 756 2712; x_wconf 76' lang='lat' dir='ltr'>et</span> <span class='ocrx_word' id='word_1_328' title='bbox 782 2678 874 2712; x_wconf 87' lang='lat' dir='ltr'>alius</span> <span class='ocrx_word' id='word_1_329' title='bbox 905 2679 941 2719; x_wconf 79' lang='lat' dir='ltr'>G,</span> <span class='ocrx_word' id='word_1_330' title='bbox 969 2679 1062 2713; x_wconf 84' lang='lat' dir='ltr'>alius</span> <span class='ocrx_word' id='word_1_331' title='bbox 1087 2691 1108 2714; x_wconf 87' lang='lat' dir='ltr'><em>v</em></span> <span class='ocrx_word' id='word_1_332' title='bbox 1254 2680 1451 2714; x_wconf 82' lang='lat' dir='ltr'>coarctauit</span> <span class='ocrx_word' id='word_1_333' title='bbox 1477 2692 1496 2716; x_wconf 86' lang='lat' dir='ltr'><em>v</em></span> <span class='ocrx_word' id='word_1_334' title='bbox 1637 2690 1718 2715; x_wconf 90' lang='lat' dir='ltr'>con-</span> 
     </span>
     <span class='ocr_line' id='line_1_35' title="bbox 204 2732 1717 2782; baseline 0.005 -17"><span class='ocrx_word' id='word_1_335' title='bbox 204 2732 292 2776; x_wconf 88' lang='lat' dir='ltr'>tigit</span> <span class='ocrx_word' id='word_1_336' title='bbox 323 2733 366 2767; x_wconf 76' lang='lat'>0¹</span> <span class='ocrx_word' id='word_1_337' title='bbox 495 2735 539 2769; x_wconf 88' lang='grc'>19</span> <span class='ocrx_word' id='word_1_338' title='bbox 565 2735 671 2768; x_wconf 84' lang='grc'>1131113</span> <span class='ocrx_word' id='word_1_339' title='bbox 702 2736 744 2770; x_wconf 87' lang='lat' dir='ltr'>C¹</span> <span class='ocrx_word' id='word_1_340' title='bbox 878 2736 1051 2780; x_wconf 79' lang='lat' dir='ltr'>explicare</span> <span class='ocrx_word' id='word_1_341' title='bbox 1077 2748 1121 2771; x_wconf 50' lang='lat' dir='ltr'>etc</span> <span class='ocrx_word' id='word_1_342' title='bbox 1146 2737 1281 2781; x_wconf 82' lang='lat' dir='ltr'>explere</span> <span class='ocrx_word' id='word_1_343' title='bbox 1312 2737 1341 2773; x_wconf 81' lang='lat'><em>0</em></span> <span class='ocrx_word' id='word_1_344' title='bbox 1363 2749 1407 2772; x_wconf 84' lang='lat' dir='ltr'>m.</span> <span class='ocrx_word' id='word_1_345' title='bbox 1435 2739 1461 2772; x_wconf 76' lang='lat'><em>2</em></span> <span class='ocrx_word' id='word_1_346' title='bbox 1586 2738 1630 2772; x_wconf 80' lang='lat'>23</span> <span class='ocrx_word' id='word_1_347' title='bbox 1657 2738 1717 2782; x_wconf 88' lang='lat' dir='ltr'>qui</span> 
     </span>
     <span class='ocr_line' id='line_1_36' title="bbox 205 2790 1716 2839; baseline 0.005 -17"><span class='ocrx_word' id='word_1_348' title='bbox 205 2798 250 2822; x_wconf 70' lang='lat' dir='ltr'>ea:</span> <span class='ocrx_word' id='word_1_349' title='bbox 275 2790 361 2833; x_wconf 86' lang='lat' dir='ltr'>quid</span> <span class='ocrx_word' id='word_1_350' title='bbox 392 2791 421 2826; x_wconf 83' lang='lat' dir='ltr'><em>C</em></span> <span class='ocrx_word' id='word_1_351' title='bbox 591 2792 797 2836; x_wconf 83' lang='lat' dir='ltr'>praedicant</span> <span class='ocrx_word' id='word_1_352' title='bbox 829 2794 872 2828; x_wconf 84' lang='lat' dir='ltr'>C¹</span> <span class='ocrx_word' id='word_1_353' title='bbox 1045 2805 1151 2838; x_wconf 85' lang='lat' dir='ltr'>quare</span> <span class='ocrx_word' id='word_1_354' title='bbox 1181 2795 1218 2834; x_wconf 80' lang='lat' dir='ltr'>C,</span> <span class='ocrx_word' id='word_1_355' title='bbox 1245 2794 1331 2839; x_wconf 88' lang='lat' dir='ltr'>quid</span> <span class='ocrx_word' id='word_1_356' title='bbox 1357 2805 1376 2829; x_wconf 89' lang='lat' dir='ltr'><em>v</em></span> <span class='ocrx_word' id='word_1_357' title='bbox 1547 2796 1590 2830; x_wconf 75' lang='lat'>28</span> <span class='ocrx_word' id='word_1_358' title='bbox 1617 2806 1716 2829; x_wconf 82' lang='lat' dir='ltr'>exae-</span> 
     </span>
    </p>
   </div>
   <div class='ocr_carea' id='block_1_4' title="bbox 206 2848 359 2889">
    <p class='ocr_par' dir='ltr' id='par_1_5' title="bbox 206 2848 359 2889">
     <span class='ocr_line' id='line_1_37' title="bbox 206 2848 359 2889; baseline 0.013 -10"><span class='ocrx_word' id='word_1_359' title='bbox 206 2848 314 2889; x_wconf 85' lang='lat' dir='ltr'>quent</span> <span class='ocrx_word' id='word_1_360' title='bbox 340 2858 359 2881; x_wconf 74' lang='grc'>(1</span> 
     </span>
    </p>
   </div>
  </div>
 </body>
</html>
