2032 3248
200 2429 297 2455 Editio

167 2475 333 2501 Erasmiana

191 2528 217 2549 a.
234 2522 310 2550 1530.

201 2719 299 2746 Editio

167 2765 335 2791 Erasmiana

192 2818 219 2838 a.
234 2811 312 2839 1544.

360 231 542 261 LXXVIII

356 322 588 377 yularitate
618 321 870 373 clericorum,
899 321 965 364 De
992 321 1285 365 cardinalibus
1313 322 1500 376 operibus
1530 322 1702 373 Christi,
1737 324 1765 376 ἦ·
1794 323 1865 365 Ad

361 396 538 450 Moysen
564 399 602 438 et
631 396 875 438 Maximum
902 400 939 439 et
967 400 1113 439 ceteros
1147 398 1392 451 confessores
1420 397 1468 439 de
1498 398 1622 440 laude
1649 399 1862 452 martyrii,

359 470 425 515 De
452 471 687 525 disciplina
714 475 751 514 et
777 472 878 514 bono
907 472 1151 525 pudicitiae,
1182 471 1254 514 Ad
1285 472 1580 514 Nouatianum
1613 472 1864 515 haereticum

359 546 467 600 quod
497 546 632 600 lapsis
661 559 752 600 spes
782 547 930 589 ueniae
961 560 1046 589 non
1073 550 1132 590 esi
1159 546 1420 603 deneyanda,
1456 546 1675 590 Orationes
1696 548 1727 590 I
1741 551 1777 589 et
1799 548 1865 598 ΙΙ,

361 620 505 665 Sermo
520 621 754 677 Auyustini
770 621 819 664 de
834 621 875 666 S.
897 621 1112 676 Cypriano
1131 625 1326 676 martyre.
1348 635 1394 665 ea
1414 635 1518 676 quae
1538 623 1655 679 signo
1675 624 1704 677 †
1724 623 1865 665 notaui

360 695 404 738 in
434 696 511 739 hac
547 697 727 739 editione
761 708 866 739 noua
902 697 1010 738 sunt.
1049 697 1248 752 epistulas
1282 697 1347 739 73.
1379 697 1446 740 74.
1469 697 1521 739 71
1556 699 1597 740 et
1628 697 1865 741 Sententias

360 771 643 824 episcoporum
662 772 858 814 Erasmus
880 785 927 814 ex
957 771 1094 814 codice
1115 771 1347 815 Corbeiensi
1370 770 1437 829 (C)
1461 772 1623 827 adiecit,
1655 772 1698 815 in
1720 784 1798 826 quo
1820 784 1866 815 ea

362 845 707 899 deprauatissima
728 847 824 889 sunt
845 848 886 889 et
907 846 1053 888 multis
1074 847 1233 890 lacunis
1254 847 1418 902 referta,
1448 847 1509 889 ita
1529 848 1577 889 ut
1598 847 1647 889 de
1668 847 1733 890 his
1753 847 1865 890 idem

362 921 502 963 ualeat
538 922 646 975 quod
682 921 731 963 de
767 920 944 963 editione
980 921 1164 964 Romana
1198 922 1395 964 Erasmus
1431 921 1537 964 dixit
1573 934 1615 963 se
1650 921 1726 964 illa
1760 922 1866 964 nihil

361 995 518 1038 uidisse
540 996 817 1050 deprauatius.
838 996 1030 1039 libellum
1051 996 1099 1038 de
1116 995 1239 1039 laude
1259 997 1458 1050 martyrii
1476 1010 1522 1039 ex
1540 996 1676 1039 codice
1696 997 1866 1039 alterius

363 1069 549 1113 familiae
578 1071 845 1126 deprompsit,
876 1071 948 1125 qui
968 1071 1011 1113 in
1032 1070 1284 1114 bibliotheca
1304 1070 1594 1114 Gemblacensi
1626 1072 1867 1114 asseruaba-

361 1146 445 1188 tur.
478 1146 612 1188 eidem
642 1146 814 1188 fortasse
844 1146 1000 1188 librum
1030 1146 1202 1188 tertium
1223 1145 1295 1187 Ad
1319 1144 1548 1195 Quirinum
1579 1147 1717 1189 deberi
1747 1158 1869 1201 supra

363 1220 468 1263 dixi:
497 1222 660 1276 poterat
688 1221 730 1264 et
751 1221 888 1275 ipsum
917 1234 964 1263 ex
984 1221 1163 1263 editione
1184 1221 1474 1264 Dauentriensi
1509 1221 1684 1273 haurire,
1718 1235 1765 1264 ex
1786 1233 1865 1276 quo

363 1296 522 1350 reliqua
551 1308 670 1350 opera
691 1297 831 1351 spuria
851 1308 955 1350 quae
976 1296 1102 1338 editio
1122 1296 1307 1338 Romana
1327 1307 1406 1338 non
1426 1296 1603 1338 habebat
1625 1297 1867 1351 deprompta

364 1372 471 1413 sunt.
505 1371 654 1425 quibus
685 1371 892 1414 codicibus
920 1371 964 1413 111
992 1370 1245 1413 emendando
1275 1372 1393 1413 textu
1425 1384 1524 1414 usus
1559 1371 1627 1423 sit,
1665 1384 1868 1426 nusquam

364 1445 479 1487 dicit.
516 1446 616 1499 quin
651 1458 746 1488 uero
778 1446 959 1488 codicem
988 1445 1272 1488 Corbeiensem
1294 1446 1363 1502 (O)
1395 1447 1438 1489 111
1467 1447 1741 1501 epistularum
1772 1447 1868 1489 crisi

365 1520 600 1562 adhibuerit
628 1520 811 1562 dubitari
840 1520 994 1574 nequit.
1026 1520 1150 1562 huius
1179 1533 1254 1574 ope
1283 1521 1491 1575 permulta
1510 1521 1659 1564 menda
1680 1521 1864 1571 sustulit,

364 1595 534 1637 lacunas
569 1595 792 1650 suppleuit,
830 1595 956 1637 etiam
990 1595 1328 1648 interpolationes
1365 1595 1623 1649 exstirpauit.
1665 1595 1735 1638 sed
1771 1608 1865 1637 cum

365 1669 540 1712 alteram
573 1670 660 1712 eius
691 1683 862 1712 manum
894 1669 1012 1712 anxie
1043 1671 1245 1723 premeret
1277 1682 1401 1724 quam
1435 1669 1751 1712 audacissimam
1780 1683 1865 1712 esse

364 1744 498 1796 docui,
529 1744 617 1786 fieri
648 1757 728 1787 non
758 1745 895 1799 potuit
927 1745 1026 1798 quin
1055 1745 1122 1787 hic
1151 1744 1240 1787 illic
1271 1745 1397 1788 uerba
1425 1745 1560 1800 magis
1590 1747 1867 1800 corrumperet

365 1832 489 1873 quam
517 1820 766 1861 emendaret.
804 1833 898 1862 eum
928 1820 1068 1862 autem
1096 1819 1139 1861 in
1168 1819 1357 1873 epistulis
1385 1820 1493 1861 hunc
1522 1819 1704 1862 codicem
1731 1820 1864 1862 solum

365 1894 601 1936 adhibuisse
623 1895 821 1948 probatur
838 1907 882 1937 eo
899 1895 1006 1949 quod
1028 1895 1228 1948 epistulas
1250 1907 1353 1948 quae
1370 1894 1532 1937 nonnisi
1551 1894 1723 1937 alterius
1741 1894 1865 1936 fami-

364 1969 446 2011 liae
474 1969 593 2011 libris
622 1969 882 2012 continentur
909 1969 994 2012 fere
1022 1970 1199 2012 intactas
1220 1970 1402 2024 reliquit.
1435 1969 1656 2012 meliorum
1678 1970 1865 2011 codicum

364 2042 647 2086 adhibitorum
683 2043 835 2086 indicia
870 2057 944 2086 nec
980 2044 1022 2085 in
1054 2044 1244 2098 epistulis
1280 2056 1354 2086 nec
1389 2044 1432 2086 in
1461 2044 1619 2086 libellis
1655 2047 1864 2098 apparent.

363 2118 626 2161 Erasmianas
647 2117 846 2161 editiones
867 2118 1106 2172 saepissime
1122 2119 1317 2172 repetitas
1334 2131 1571 2161 enumerare
1588 2132 1668 2161 non
1684 2131 1862 2172 possum,

364 2206 438 2235 1100
467 2193 501 2235 si
530 2194 683 2247 possim
709 2194 851 2236 uelim.
885 2194 1066 2236 multum
1096 2194 1232 2236 hercle
1261 2195 1370 2236 inter
1398 2207 1439 2236 se
1459 2206 1540 2236 non
1569 2194 1765 2236 differunt
1792 2206 1865 2235 nec

363 2279 563 2310 nouorum
585 2269 772 2311 codicum
793 2267 978 2310 subsidia
999 2268 1317 2322 conspiciuntur,
1342 2269 1530 2322 quamuis
1551 2280 1701 2310 nouam
1718 2280 1863 2321 quam-

364 2355 441 2395 que
480 2342 724 2397 bibliopolae
759 2342 982 2385 maioribus
1018 2343 1210 2385 laudibus
1247 2343 1417 2385 efferant
1453 2344 1493 2384 et
1529 2339 1589 2384 ‘ex
1625 2342 1861 2384 uetustissi-

364 2429 526 2459 morum
555 2417 742 2460 codicum
771 2417 989 2460 collatione
1018 2410 1356 2472 repurgatiorem'
1388 2417 1538 2459 dicant.
1572 2416 1674 2458 duae
1698 2418 1862 2458 tantum

365 2491 513 2546 dignae
543 2493 638 2534 sunt
667 2505 769 2546 quae
789 2492 1062 2546 nominentur,
1094 2492 1183 2534 dico
1206 2505 1294 2534 eam
1316 2505 1417 2545 quae
1438 2505 1472 2533 a.
1499 2492 1610 2534 1530
1630 2504 1676 2533 ex
1698 2491 1862 2533 officina

364 2565 618 2609 Frobeniana
658 2567 822 2620 prodiit,
866 2567 909 2609 in
949 2580 1029 2621 qua
1068 2568 1120 2609 ad
1157 2566 1350 2621 Cypriani
1391 2578 1510 2620 opera
1550 2566 1722 2608 accessit
1763 2565 1863 2607 liber

364 2641 556 2692 apprime
570 2626 679 2694 piusv
693 2641 749 2682 ad
767 2640 1048 2682 Fortunatam
1069 2641 1118 2682 de
1137 2641 1299 2693 duplici
1323 2640 1536 2693 Illarlyrio
1557 2641 1731 2682 antchac
1753 2655 1863 2682 nun-

365 2727 491 2767 quam
520 2728 702 2758 excusus.
737 2717 868 2758 altera
899 2716 961 2757 est
990 2714 1240 2757 Coloniensis
1272 2715 1315 2756 in
1348 2714 1511 2756 officina
1541 2715 1656 2756 Petri
1686 2715 1861 2767 Quentel

366 2802 401 2831 a.
435 2789 544 2831 1544
579 2790 798 2843 impressa:
834 2788 888 2831 D.
915 2789 956 2831 0.
990 2789 1200 2843 Cypriani
1234 2789 1437 2830 uniuersa
1467 2802 1572 2841 quac
1602 2789 1767 2841 quidem
1796 2803 1862 2831 ex-

364 2866 475 2905 stare
495 2864 687 2906 sciuntur
708 2877 832 2917 opera
849 2864 936 2905 iarn
957 2863 1180 2905 nouissime
1201 2877 1250 2906 ex
1271 2863 1543 2917 castiqatione
1565 2862 1662 2905 Des.
1686 2862 1862 2905 Erasini
