2032 3248
347 203 425 245 138
753 200 945 236 Arnobii
975 201 1188 236 aduersus
1220 202 1426 236 nationes

344 318 582 359 meruerunt
604 316 662 358 dii
685 328 785 367 esse,
817 316 1086 358 manifestum
1116 317 1158 359 et
1187 317 1425 371 promptum
1452 317 1527 367 est,
1551 328 1631 357 non
1652 329 1842 371 personas

346 385 582 439 specialiter
620 385 807 427 definitas
845 386 916 427 sed
953 385 1181 427 nouitatem
1219 385 1354 438 ipsam
1398 385 1636 440 cognomine
1676 384 1841 427 Nouen-

278 457 330 496 4⁰
345 454 486 496 silium
517 454 758 508 nuncupari.
805 454 1001 510 Nigidius
1022 454 1196 497 Penates
1219 454 1312 496 deos
1334 454 1574 507 Neptunum
1604 466 1690 496 esse
1720 456 1842 508 atque

344 523 582 576 Apollinem
619 521 822 578 prodidit,
862 524 932 577 qui
969 523 1175 577 quondam
1216 524 1346 565 muris
1376 523 1683 565 immortalibus
1715 523 1842 565 Ilium

344 592 578 634 condicione
608 593 803 636 adiuncta
835 593 1065 635 cinxerunt.
1112 592 1221 635 idem
1251 605 1394 635 rursus
1424 593 1467 634 in
1497 593 1602 635 libro
1632 593 1744 634 sexto
1776 605 1842 633 ex·
1873 609 1887 632 ε

343 661 459 713 ponit
489 663 531 704 et
560 662 717 705 decimo
757 662 997 716 disciplinas
1028 662 1220 704 Etruscas
1256 675 1440 715 sequens,
1471 673 1621 716 genera
1651 673 1738 703 esse
1767 661 1841 702 Pe·

344 730 504 773 natium
534 731 727 785 quattuor
758 732 799 773 et
830 743 915 774 esse
946 731 1059 774 Iouis
1090 744 1137 773 ex
1167 731 1233 773 his
1265 732 1381 783 alios,
1414 732 1517 774 alios
1547 731 1744 786 Neptuni,
1775 731 1842 772 in-

343 798 523 842 ferorum
563 801 732 852 tertios,
778 801 1018 843 mortalium
1064 800 1278 843 hominum
1319 801 1509 854 quartos,
1556 800 1842 854 inexplicabile

342 868 476 911 nescio
507 869 604 922 quid
636 869 786 912 dicens
830 869 996 913 Caesius
1029 870 1069 912 et
1098 870 1186 923 ipse
1220 882 1287 911 eas
1318 881 1489 922 sequens
1520 869 1745 911 Fortunam
1777 881 1842 910 ar-

341 936 519 979 bitratur
539 938 580 979 et
600 937 797 989 Cererem,
829 939 1007 983 Genium
1027 939 1229 981 Iouialem
1262 951 1309 980 ac
1331 939 1490 989 Palem,
1523 939 1593 980 sed
1623 951 1702 980 non
1724 938 1840 979 illam
1858 951 1889 976 10

342 1007 537 1051 feminam
575 1021 699 1062 quam
737 1009 967 1063 uulgaritas
1007 1009 1157 1062 accipit
1195 1008 1264 1050 sed
1302 1007 1519 1049 masculini
1557 1007 1690 1049 nescio
1721 1019 1842 1060 quem

340 1077 500 1131 generis
531 1077 772 1119 ministrum
801 1077 913 1119 Iouis
945 1090 991 1119 ac
1023 1076 1208 1118 uilicum.
1242 1076 1373 1118 Varro
1405 1077 1475 1130 qui
1514 1077 1611 1118 sunt
1640 1076 1842 1118 introrsus

341 1146 462 1199 atque
492 1146 535 1187 in
565 1146 725 1188 intimis
756 1146 1033 1201 penetralibus
1065 1146 1167 1188 caeli
1198 1145 1294 1187 deos
1317 1157 1404 1187 esse
1427 1147 1564 1187 censet
1586 1157 1685 1199 quos
1707 1145 1841 1198 loqui-

341 1228 433 1256 mur
473 1228 546 1257 nec
584 1227 722 1257 eorum
754 1228 972 1257 numerum
1002 1228 1075 1256 nec
1106 1214 1269 1256 nomina
1306 1214 1414 1256 sciri.
1446 1215 1519 1256 hos
1550 1213 1771 1256 Consentes
1802 1215 1842 1255 et

341 1283 569 1338 Complices
599 1284 763 1326 Etrusci
806 1285 922 1326 aiunt
962 1285 1004 1326 et
1042 1283 1281 1335 nominant,
1321 1284 1428 1336 quod
1467 1296 1548 1325 una
1587 1283 1771 1325 oriantur
1801 1284 1842 1324 et
1856 1298 1886 1322 15

341 1353 527 1395 occidant
558 1366 649 1404 una,
682 1365 752 1394 sex
782 1366 916 1395 mares
946 1354 987 1395 et
1007 1353 1185 1394 totidem
1206 1352 1392 1403 feminas,
1424 1352 1657 1394 nominibus
1687 1352 1840 1406 ignotis

341 1424 382 1463 et
414 1422 689 1464 miserationis
719 1421 1004 1474 parcissimae;
1051 1420 1121 1463 sed
1154 1433 1220 1463 eos
1252 1421 1406 1462 summi
1436 1420 1546 1463 Iouis
1584 1420 1839 1462 consiliarios

340 1504 385 1533 ac
415 1491 636 1544 participes
668 1491 906 1533 existimari.
955 1503 1028 1534 nec
1068 1490 1283 1532 defuerunt
1323 1490 1392 1543 qui
1431 1490 1654 1532 scriberent
1684 1489 1838 1539 Iouem,

339 1560 536 1602 Iunonem
567 1573 613 1603 ac
634 1560 866 1602 Mineruam
888 1560 982 1602 deos
1002 1560 1178 1602 Penates
1199 1559 1382 1612 existere,
1416 1559 1502 1601 sine
1523 1559 1670 1612 quibus
1702 1558 1838 1600 uiuere

340 1642 385 1671 ac
415 1642 552 1683 sapere
583 1641 844 1682 nequeamus,
877 1629 946 1670 sed
979 1629 1048 1683 qui
1070 1629 1233 1682 penitus
1255 1640 1327 1669 nos
1349 1631 1495 1683 regant
1517 1628 1685 1678 ratione,
1709 1628 1839 1669 calore
1854 1643 1885 1667 ευ

340 1711 385 1740 ac
415 1698 575 1752 spiritu.
624 1699 670 1740 ut
710 1698 880 1749 uidetis,
913 1699 954 1740 et
984 1698 1050 1740 hic
1082 1710 1239 1751 quoque
1278 1697 1384 1739 nihil
1423 1698 1636 1739 concinens
1675 1697 1838 1741 dicitur.

339 1767 444 1809 nihil
481 1780 562 1809 una
598 1766 932 1820 pronuntiatione
974 1767 1134 1817 finitur,
1174 1779 1247 1808 nec
1284 1767 1346 1808 est
1377 1766 1535 1819 aliquid
1572 1765 1720 1815 fidum,
1762 1776 1839 1817 quo

203 1846 222 1877 γ
246 1843 270 1877 f.
287 1844 328 1874 79
342 1836 531 1878 insistere
562 1849 677 1878 mens
708 1836 837 1889 possit
867 1835 1038 1877 ueritati
1058 1837 1086 1888 †
1108 1847 1204 1877 suae
1241 1835 1425 1888 proxime
1458 1835 1686 1888 suspicione
1713 1834 1718 1889 Ι
1744 1847 1839 1876 eon-

342 1905 479 1947 icienS.
519 1905 578 1947 ita
610 1906 718 1947 enim
750 1906 891 1947 labant
922 1905 1148 1947 sententiae
1180 1905 1389 1957 alteraque
1419 1904 1607 1957 opinione
1638 1904 1687 1945 ab
1711 1902 1839 1945 altera

340 1975 598 2026 conuellitur,
631 1977 678 2017 ut
708 1977 779 2017 aut
808 1975 915 2017 nihil
936 1988 981 2016 ex
1004 1975 1192 2017 omnibus
1214 1988 1357 2016 uerum
1379 1974 1434 2016 sit
1456 1976 1529 2016 aut
1555 1974 1589 2015 si
1622 1973 1672 2015 ab
1702 1972 1883 2025 aliquem,

272 2046 318 2084 41
340 2044 503 2094 dicitur,
525 2046 588 2086 tot
609 2057 746 2086 rerum
768 2044 1083 2086 diuersitatibus
1104 2044 1321 2086 nesciatur.
1356 2056 1582 2097 possumus,
1606 2043 1640 2084 si
1661 2042 1836 2089 uidetur,

339 2113 581 2154 summatim
613 2113 770 2167 aliquid
801 2115 841 2155 et
872 2114 920 2155 de
942 2113 1115 2155 Laribus
1136 2113 1281 2164 dicere,
1314 2126 1413 2166 quos
1441 2112 1666 2154 arbitratur
1687 2111 1837 2164 uulgus

383 2248 404 2282 2
428 2247 677 2282 Nouensilium
696 2248 788 2283 Sab:
813 2249 1023 2283 nouensium
1042 2250 1077 2284 P
1215 2249 1237 2282 4
1264 2248 1530 2282 immortalibus
1558 2248 1665 2281 Ilium
1691 2247 1838 2290 scripsi.-

338 2305 595 2340 immortalium
627 2306 663 2340 P
699 2305 821 2340 urbem
854 2305 961 2340 Ilium
996 2306 1068 2341 Sab
1104 2306 1267 2340 Troicum
1301 2306 1407 2340 Ilium
1443 2306 1541 2340 Salm
1725 2306 1746 2339 ἴ)
1779 2304 1838 2337 ad·

338 2364 460 2397 iuncta
485 2363 520 2397 P
657 2363 783 2408 exponi
808 2363 844 2397 P
867 2374 949 2398 corr
966 2375 984 2398 c
1124 2364 1145 2397 6
1169 2364 1373 2408 pacnutiuiu
1392 2364 1426 2397 P
1563 2363 1584 2397 9
1609 2372 1666 2396 eas
1691 2372 1837 2406 sequens

338 2421 553 2455 Liuineius.-
585 2421 780 2465 adsequens
814 2421 850 2454 P
880 2432 1068 2465 assequens
1103 2421 1175 2456 διώ
1214 2421 1277 2455 has
1310 2432 1455 2465 sequens
1495 2421 1676 2456 Canterus
1716 2419 1751 2453 id
1784 2430 1831 2452 se-

335 2488 444 2521 quens
471 2478 571 2512 Salm
710 2477 753 2512 10
778 2489 951 2512 cael-erem
977 2479 1012 2512 P
1151 2479 1191 2512 17
1217 2478 1480 2512 memorationis
1505 2478 1572 2512 Urs
1597 2476 1837 2511 uiscerationis

338 2535 499 2580 Scaliyer
676 2535 877 2579 parcissimo
904 2536 940 2569 P
963 2536 1196 2579 paruissimac
1221 2536 1411 2570 filmer-sius
1584 2536 1626 2568 18
1650 2534 1837 2578 participes

338 2592 517 2637 Scaliyer:
554 2592 726 2637 principes
752 2593 787 2627 P
972 2594 1013 2627 19
1044 2596 1211 2637 paenates
1238 2594 1273 2627 P
1456 2592 1500 2626 ‘20
1524 2592 1687 2636 paenitus
1714 2591 1749 2625 P

335 2649 377 2682 -21
411 2650 594 2683 continens
624 2649 696 2684 Sab
858 2650 902 2683 22
934 2649 1077 2684 finitum
1111 2650 1180 2684 Urs
1343 2650 1463 2693 fidum]
1497 2648 1647 2683 solidum
1679 2648 1748 2682 Urs

334 2707 378 2740 23
403 2716 491 2749 quae
517 2708 673 2750 proxima
697 2707 770 2741 sint
795 2707 813 2741 :²
954 2707 1113 2751 proxima
1139 2707 1211 2742 διώ
1353 2707 1548 2752 suspicione
1575 2700 1665 2740 Sab':
1691 2705 1837 2748 suspici-

336 2766 399 2808 one
425 2775 460 2808 P
621 2787 720 2809 suam
754 2776 946 2820 proximam
972 2776 1206 2819 suspicionem
1232 2776 1375 2821 Huyius
1530 2774 1719 2809 coniiciens
1746 2774 1836 2808 snb.-

335 2832 482 2866 ‹zonities
515 2834 544 2866 Ι1
681 2834 726 2868 24
751 2834 870 2878 opinio
898 2833 970 2868 Sab
995 2834 1035 2868 in
1061 2845 1120 2868 err
