2032 3248
416 236 469 275 54
1045 230 1289 274 Appendix.

419 339 591 375 auctores
621 336 790 375 conuerti
813 347 886 373 non
915 335 1103 383 trepidat:
1136 348 1230 384 quos
1259 337 1447 375 Iohannes
1470 336 1718 375 antichristos
1740 337 1922 385 appellat,

418 418 511 454 quos
548 405 783 453 euangelista
818 404 939 452 paleis
973 404 1129 451 similat,
1168 417 1260 452 quos
1282 405 1465 443 Dominus
1487 405 1661 443 Christus
1684 405 1787 443 fures
1809 408 1846 443 et
1866 405 1922 444 la-

418 477 544 513 trones
575 472 764 522 designat,
805 474 903 511 sicut
932 474 1013 521 ipse
1035 474 1075 511 in
1110 474 1310 522 euangelio
1333 475 1500 513 declarat
1521 474 1669 512 dicens:
1703 475 1813 523 quia
1844 476 1924 523 qui

417 556 506 582 non
538 543 738 581 introiit
770 554 851 591 per
882 543 1059 580 ostium
1090 542 1138 580 in
1169 544 1382 581 chortem
1414 543 1592 590 ouium,
1626 544 1707 581 sed
1729 544 1922 582 descen—

418 612 489 650 dit
526 623 607 659 per
648 611 853 649 alteram
891 613 1096 658 partem,
1142 610 1231 649 1116
1273 612 1351 650 fur
1391 614 1437 650 et
1466 613 1597 650 latro
1630 614 1713 651 est.
1758 613 1850 650 item
1882 613 1950 652 1115

418 682 546 720 eodem
578 692 725 729 quoque
756 681 830 718 ait:
881 692 1039 719 omnes
1081 681 1162 729 qui
1200 683 1440 720 uenerunt
1471 681 1604 719 fures
1637 683 1749 719 sunt
1782 683 1827 720 et
1856 682 1922 719 la-

416 752 593 789 trones.
628 750 693 798 qui
714 750 779 788 isti
801 752 901 796 sunt,
924 749 997 787 nisi
1020 751 1230 788 desertores
1252 747 1340 788 fidei
1361 752 1398 788 et
1420 753 1721 798 transgressores
1743 750 1923 789 ecclesiae

416 820 504 866 Dei,
552 819 615 867 qui
651 821 782 857 contra
818 819 1092 857 ordinationem
1128 819 1199 857 Dei
1234 819 1433 857 nituntur?
1468 831 1559 867 quos
1595 819 1729 857 merito
1766 819 1923 867 spiritus

418 891 572 928 sanctus
592 901 658 937 per
679 890 899 937 prophetam
928 889 1098 937 increpat
1126 890 1273 927 dicens:
1306 889 1507 927 fecistis
1538 889 1803 927 consilium
1834 901 1924 927 non

417 970 499 1006 per
529 970 614 1007 me,
661 960 706 996 et
748 957 1104 1005 cogitationem
1134 970 1223 996 non
1254 969 1337 1005 per
1369 958 1602 1006 spiritum
1633 970 1800 1005 meum,
1848 958 1970 996 ad-10

418 1027 545 1066 icere
577 1028 779 1075 peccata
811 1038 953 1074 super
983 1029 1195 1075 peccata.
1240 1028 1331 1075 quid
1362 1029 1408 1066 ad
1440 1028 1514 1065 ista
1553 1028 1803 1074 respondeant
1838 1039 1923 1075 per-

418 1096 626 1134 uersissimi
650 1097 716 1134 isti
744 1096 952 1135 Nouatiani
974 1096 1036 1134 1161
1058 1108 1158 1134 1111110
1180 1096 1434 1136 infelicissimi
1455 1097 1588 1144 pauci:
1622 1097 1687 1144 qui
1708 1098 1756 1135 ad
1776 1099 1923 1135 tantam

419 1165 558 1203 furoris
595 1166 822 1203 dementiam
858 1167 1113 1212 proruperunt
1134 1167 1178 1203 ut
1199 1177 1266 1204 nec
1287 1166 1364 1204 Deo
1386 1177 1454 1203 nec
1493 1165 1635 1204 homini
1670 1166 1923 1204 reuerentiam

417 1235 647 1273 habuerint?
680 1234 761 1272 illic
781 1234 1007 1282 inpudenter
1028 1237 1065 1272 et
1087 1235 1168 1273 siue
1189 1235 1269 1272 ulla
1290 1234 1540 1273 ordinationis
1569 1232 1654 1282 lege
1686 1234 1923 1282 episcopatus

417 1304 622 1351 adpetitur,
655 1303 717 1341 hic
746 1305 834 1341 dum
866 1303 1033 1351 propriis
1063 1304 1217 1342 sedibus
1239 1306 1276 1342 et
1297 1303 1499 1342 cathedrae
1522 1303 1594 1341 sibi
1615 1303 1779 1342 traditae
1802 1316 1823 1342 a
1844 1304 1921 1342 Deo
1939 1319 1970 1343 15

415 1372 670 1413 renuntiatur.
717 1373 797 1410 illic
833 1373 996 1411 ueritas:
1039 1374 1369 1421 aspernantur
1400 1384 1487 1418 me,
1534 1374 1585 1409 ut
1626 1372 1923 1410 sacrificent

417 1442 533 1480 mihi
565 1454 647 1480 nec
678 1442 898 1480 offerunt
937 1441 1216 1480 oblationes
1263 1442 1462 1480 sanctas
1500 1441 1723 1479 filiorum
1761 1441 1922 1479 Israel

419 1522 507 1548 nec
539 1511 777 1549 accedunt
808 1511 993 1549 offerre
1025 1512 1194 1549 sancta
1225 1511 1521 1557 sanctorum,
1565 1510 1646 1547 sed
1677 1510 1923 1558 accipient

416 1579 731 1628 ignominiam
777 1591 907 1617 suam
953 1580 1001 1618 in
1046 1591 1207 1618 errore
1254 1591 1342 1628 quo
1390 1581 1696 1617 errauerunt.
1745 1579 1840 1617 satis
1871 1579 1921 1617 sit

415 1648 547 1696 paucis
583 1649 762 1696 probasse
800 1649 980 1696 quidnam
1002 1649 1092 1687 sint.
1125 1650 1252 1687 audite
1282 1648 1414 1697 igitur,
1445 1649 1664 1695 Nouatiani,
1702 1649 1803 1696 apud
1825 1661 1918 1697 quos
1934 1663 1968 1688 20

417 1717 625 1765 scripturae
647 1719 831 1756 caelestes
853 1719 1034 1766 leguntur
1054 1718 1182 1766 potius
1205 1730 1317 1766 quam
1339 1718 1628 1766 intelleguntur,
1651 1718 1777 1765 palam
1808 1718 1923 1756 etiam

416 1808 434 1828 *
453 1809 470 1828 *
492 1787 524 1824 si
546 1799 617 1825 non
640 1787 927 1835 interpolentur.
961 1789 1050 1826 sunt
1071 1787 1171 1826 enim
1193 1789 1342 1825 uestrae
1365 1787 1584 1835 praeclusae
1613 1798 1722 1824 aures
1752 1789 1790 1825 et
1811 1787 1923 1825 corda

416 1858 579 1902 caecata,
618 1857 681 1904 qui
710 1856 856 1894 nullum
879 1857 923 1894 de
953 1857 1191 1904 spiritalibus
1213 1868 1256 1895 ac
1278 1856 1510 1894 salutaribus
1531 1856 1685 1894 monitis
1706 1856 1831 1893 lumen
1854 1856 1921 1893 ad-

416 1925 583 1963 mittitis.
616 1925 714 1963 sicut
736 1926 870 1964 Esaias
892 1926 967 1964 ait:
1000 1926 1252 1964 excaecati
1284 1927 1397 1963 sunt
1428 1925 1561 1963 serui
1593 1925 1688 1963 Dei.
1722 1927 1760 1962 et
1789 1925 1922 1963 merito

415 1994 617 2041 excaecati,
655 1995 743 2043 quia
778 1995 957 2033 uoluntas
995 1994 1321 2033 schismaticorum
1357 2006 1431 2033 non
1469 1996 1527 2032 est
1556 1994 1595 2031 in
1626 1994 1711 2041 lege
1744 2005 1838 2041 quae
1860 1991 1922 2032 lex
1936 2006 1968 2032 25

415 2075 527 2101 unam
549 2063 660 2102 nobis
681 2066 717 2102 et
740 2064 972 2112 singularem
994 2065 1169 2112 designat
1191 2064 1401 2111 ecclesiam,
1425 2064 1464 2101 in
1481 2063 1549 2101 illa
1570 2063 1714 2101 scilicet
1736 2074 1829 2110 quae
1852 2063 1922 2100 sub

550 2209 571 2243 3
597 2209 646 2243 Io.
676 2210 728 2250 10,
756 2210 786 2243 1.
882 2209 903 2243 6
928 2209 975 2243 Io
1006 2210 1059 2250 10,
1084 2209 1117 2244 8.
1213 2211 1234 2245 9
1259 2210 1314 2244 Ε3.
1343 2210 1398 2251 30,
1425 2211 1456 2245 1.
1555 2211 1596 2244 16
1622 2210 1680 2245 Ez.
1706 2211 1762 2252 44,
1789 2210 1841 2244 10.
1869 2210 1921 2243 13.

414 2265 459 2300 22
483 2266 527 2300 cf.
554 2266 685 2300 Matth.
714 2267 766 2307 13,
794 2266 848 2301 14.
987 2267 1032 2301 24
1055 2267 1113 2301 Es.
1138 2267 1195 2308 42,
1221 2268 1273 2302 19.

508 2391 526 2424 1
554 2392 764 2426 antecristos
790 2392 830 2426 K
938 2393 959 2427 2
983 2393 1112 2437 paneis
1138 2393 1285 2427 simulat
1311 2393 1353 2427 K
1374 2394 1386 2427 l
1413 2403 1503 2428 eras.
1609 2393 1632 2428 4
1655 2393 1813 2427 hostium
1839 2393 1882 2427 K

416 2449 537 2484 chorte
555 2450 602 2490 K,
619 2450 712 2484 ouile
730 2450 796 2484 Er.
815 2462 835 2485 v
905 2451 926 2484 6
943 2461 1060 2485 01111163
1078 2450 1140 2495 qui
1158 2451 1200 2485 K
1212 2462 1239 2485 s.
1260 2451 1281 2486 Z.
1301 2461 1351 2485 m.r
1364 2453 1390 2485 2
1462 2452 1481 2485 7
1498 2451 1579 2495 11131]
1598 2461 1668 2484 11011
1686 2450 1753 2484 Er.
1806 2451 1923 2484 trans-

416 2507 602 2551 gressores]
629 2507 823 2542 desertores
848 2508 891 2542 K
980 2509 1024 2544 10
1049 2509 1303 2553 cogitationem
1330 2510 1379 2551 K,
1405 2510 1670 2544 conuentionem
1688 2509 1877 2543 Pamezius

418 2564 461 2598 12
477 2564 552 2609 isti]
571 2565 657 2598 iusti
675 2565 717 2598 K
806 2566 1048 2601 infelicissime
1070 2568 1251 2601 C'osterius
1347 2567 1390 2601 13
1406 2567 1628 2612 proruperint
1646 2567 1688 2600 K
1778 2567 1822 2601 15
1839 2566 1921 2601 dum

416 2622 466 2663 K,
492 2623 610 2656 autem
635 2633 656 2656 v
810 2624 856 2659 16
881 2625 1114 2668 aspernantur
1138 2624 1205 2669 me]
1232 2635 1293 2669 per
1317 2635 1388 2659 non
1413 2626 1449 2658 te
1474 2624 1519 2658 ad
1542 2634 1598 2658 me
1623 2624 1666 2657 K
1816 2624 1922 2659 sacri-

415 2679 517 2713 ficem
543 2679 584 2713 K
736 2681 778 2715 19
803 2681 1001 2726 ignominia
1025 2692 1089 2716 sua
1114 2682 1156 2715 K
1313 2683 1358 2717 20
1383 2681 1563 2726 quidnam]
1590 2680 1674 2725 quid
1698 2692 1767 2715 non
1792 2682 1835 2716 K

415 2736 461 2771 21
486 2736 604 2780 palam
629 2737 772 2780 scripsi,
795 2749 917 2782 param
943 2739 990 2780 K,
1017 2750 1142 2784 parum
1167 2750 1187 2773 v
1295 2738 1438 2774 etiamsi
1463 2739 1510 2779 K,
1537 2738 1566 2772 31
1592 2748 1612 2772 v
1742 2739 1787 2773 22
1812 2739 1921 2773 inter-

414 2793 598 2838 poliantur
617 2793 658 2827 K
671 2794 758 2836 Er.;
774 2795 858 2838 fort.
878 2796 1064 2840 poliuntur
1080 2797 1109 2830 si
1126 2807 1195 2831 non
1213 2796 1489 2842 interpoliantur
1628 2798 1743 2830 uestrc
1762 2807 1807 2830 ex
1824 2798 1922 2830 ueste

415 2850 460 2885 K
468 2861 513 2885 m.
527 2853 551 2887 2
645 2851 690 2885 24
707 2852 873 2887 exceciati
888 2853 928 2887 K
1019 2853 1064 2888 25
1081 2854 1370 2889 schimaticorum
1386 2854 1427 2887 K
1440 2857 1480 2888 ut
1492 2854 1578 2888 solet
1673 2853 1728 2887 dei
1746 2853 1823 2897 lege
1838 2853 1879 2886 K
