2032 3248
575 195 632 229 De
659 194 890 229 duodecim
918 194 1130 228 abusiuis
1157 193 1329 228 saeculi
1356 205 1383 228 e.
1410 194 1515 229 2-3.
1725 200 1801 239 155

281 372 459 411 exhibere
481 372 716 410 contemnit?
741 372 838 409 unde
860 373 897 409 et
919 371 958 408 in
980 371 1180 419 prouerbio
1203 371 1304 419 apud
1326 373 1475 409 ueteres
1496 372 1678 418 habetur,
1702 372 1803 419 quod

283 442 420 480 seruiri
449 443 612 490 nequeat
634 441 699 489 qui
721 441 827 488 prius
849 440 963 479 alicui
987 440 1212 478 seruitutem
1234 441 1415 488 praebere
1438 441 1612 489 denegat.
1644 444 1800 489 propter

282 513 381 560 quod
403 514 440 550 et
461 511 645 550 Dominus
669 511 780 548 Iesus
802 511 841 547 in
864 510 1099 557 temporibus
1125 522 1215 549 suae
1239 510 1365 548 earnis
1379 540 1388 556 ,
1418 511 1506 548 dum
1528 511 1652 548 adhue
1673 511 1720 549 ad
1741 511 1798 548 le-

251 595 265 618 5
280 581 453 629 gitimam
489 582 653 619 aetatem
690 580 854 618 doctoris
876 591 950 617 non
979 580 1164 626 peruenit,
1202 579 1444 618 oboedienter
1480 579 1800 618 ministrationem

278 650 501 699 parentibus
524 650 602 688 suis
621 649 804 687 exhibuit.
829 649 929 687 sieut
950 660 1039 697 ergo
1057 649 1094 686 in
1114 649 1269 687 senibus
1291 649 1477 687 sobrietas
1495 650 1531 687 et
1548 661 1692 687 morum
1714 661 1797 696 per-

278 720 392 758 fectio
413 719 640 768 requiritur,
664 719 719 756 ita
740 718 779 755 in
802 718 1110 757 adulescentibus
1129 718 1353 766 obsequium
1369 721 1406 756 et
1428 718 1611 756 subiectio
1629 720 1667 756 et
1689 719 1800 756 oboe-

279 789 423 828 dientia
452 789 524 827 rite
547 789 717 826 debetur.
750 790 982 835 quapropter
1011 789 1049 826 et
1078 788 1117 825 in
1141 788 1331 826 mandatis
1354 788 1451 836 legis
1481 788 1645 835 primum
1675 788 1715 825 in
1736 788 1798 826 his

279 871 374 907 quae
404 859 451 897 ad
481 858 654 897 homines
683 858 875 906 pertinent
904 858 1027 905 patris
1061 860 1098 896 et
1128 858 1264 896 matris
1296 858 1416 896 honor
1446 858 1675 906 imperatur,
1709 858 1799 905 quia

231 943 264 966 10
279 928 453 976 quamuis
482 928 647 966 earnalis
677 929 786 975 pater
808 939 879 966 non
920 927 1176 975 superuixerit
1205 930 1271 966 aut
1301 928 1482 976 indignus
1514 927 1652 974 fuerit,
1686 927 1799 965 alieui

277 1000 405 1036 tamen
426 997 527 1045 patri
549 997 662 1045 digno
685 999 722 1035 et
744 997 893 1035 uiuenti
911 999 1093 1044 paternus
1115 998 1235 1035 honor
1250 1008 1370 1045 usque
1393 998 1439 1035 ad
1462 997 1616 1045 dignam
1634 998 1798 1035 aetatem

277 1079 298 1105 a
319 1066 409 1104 filiis
431 1067 670 1115 praebendus
693 1077 777 1105 esse
801 1067 1027 1104 ostenditur.
1061 1068 1241 1115 quattuor
1272 1068 1412 1105 etenim
1442 1067 1564 1106 modis
1586 1078 1653 1114 per
1675 1066 1797 1114 scrip-

276 1138 382 1174 turas
405 1136 553 1174 diuinas
568 1138 695 1184 patres
711 1138 906 1183 uocantur,
929 1137 1000 1175 hoe
1022 1138 1079 1174 est
1100 1138 1238 1174 natura
1260 1138 1372 1185 gente
1388 1136 1643 1175 admonitione
1661 1138 1797 1174 aetate.

278 1207 322 1244 de
359 1207 467 1254 patre
504 1218 666 1254 namque
702 1206 868 1244 naturali
906 1207 1019 1244 Iacob
1051 1207 1099 1244 ad
1119 1207 1250 1245 Laban
1287 1207 1475 1254 loquitur:
1517 1207 1620 1244 nisi
1651 1206 1797 1245 timor

230 1290 262 1314 15
277 1276 437 1324 patris
474 1275 562 1314 mei
599 1276 737 1314 Isaac
777 1276 1048 1323 adfuisset,
1088 1275 1302 1314 tulisses
1342 1276 1496 1314 omnia
1538 1287 1657 1323 quae
1696 1287 1798 1314 mea

277 1348 402 1384 sunt.
435 1347 548 1394 gente
579 1356 669 1384 uero
703 1347 810 1393 pater
833 1345 984 1393 dieitur,
1008 1347 1156 1394 quando
1179 1346 1363 1384 Dominus
1386 1346 1434 1383 ad
1456 1346 1613 1394 Moysen
1636 1347 1681 1384 de
1704 1348 1797 1384 rubo

275 1415 523 1463 loquebatur,
558 1426 641 1463 ego
663 1427 782 1467 sum,
815 1415 1012 1463 inquiens,
1046 1415 1175 1453 Deus
1206 1417 1396 1463 patrum
1427 1417 1640 1462 tuorum,
1673 1415 1798 1453 Deus

275 1485 533 1532 Abraham,
565 1485 694 1523 Deus
715 1485 866 1532 Isaac,
890 1485 1016 1523 Deus
1038 1485 1198 1523 Iacob.
1222 1486 1346 1523 aetate
1363 1486 1492 1523 autem
1509 1485 1654 1532 pariter
1671 1485 1709 1522 et
1726 1486 1795 1523 ad-

275 1554 481 1593 monitione
500 1556 610 1603 pater
632 1555 783 1602 dieitur,
808 1567 892 1593 eum
912 1555 1063 1604 Moyses
1086 1554 1126 1591 in
1143 1554 1289 1592 cantico
1305 1554 1589 1593 Deuteronomii
1605 1554 1797 1603 loquitur:

235 1624 540 1671 20interroga
580 1625 767 1672 patrem
813 1626 966 1673 tuum,
1008 1626 1053 1662 et
1085 1624 1410 1662 adnuntiabit
1441 1624 1536 1661 tibi
1578 1624 1798 1673 [maiores

275 1696 396 1741 tuos,
431 1696 476 1733 et
508 1694 675 1732 dicent
707 1694 829 1743 tibi].
862 1695 962 1742 quod
993 1694 1026 1732 si
1048 1705 1136 1742 ergo
1159 1693 1348 1732 naturalis
1370 1696 1479 1741 pater
1502 1695 1697 1741 superstes
1721 1705 1795 1732 non

275 1763 391 1801 fuerit
413 1765 478 1801 aut
500 1763 682 1812 indignus
705 1763 834 1810 fuerit,
858 1764 1075 1802 admonenti
1098 1766 1226 1802 tamen
1248 1765 1314 1801 aut
1337 1763 1477 1802 seniori
1498 1764 1546 1801 ab
1568 1763 1793 1801 adulescen-

275 1833 378 1871 tibus
401 1833 639 1872 oboedientia
655 1833 873 1881 praebenda
887 1834 971 1871 erit.
996 1834 1181 1881 quomodo
1202 1833 1301 1871 enim
1318 1834 1525 1871 honoratus
1543 1832 1582 1870 in
1602 1834 1796 1871 senectute

32 160 35 180 Ι

26 351 32 607 1
282 303 491 341 ministrari
505 302 577 340 sibi
593 302 657 340 ille
681 302 860 350 sperabit,
879 302 943 349 qui
961 301 999 338 in
1017 302 1277 339 adulescentia
1295 302 1507 340 senioribus
1527 301 1803 340 oboedientiam

370 1996 411 2030 14
438 1995 524 2031 Gen.
551 1996 607 2037 31,
632 1996 688 2030 42.
831 1997 874 2031 17
900 1997 962 2033 Ex,
989 1997 1021 2039 3,
1048 1998 1080 2032 6.
1223 1998 1268 2032 20
1293 1999 1399 2033 Deut.
1425 1999 1482 2041 32,
1509 2000 1540 2033 7.

367 2141 384 2174 1
411 2140 610 2174 ministrari
635 2140 704 2175 sibi
730 2140 815 2185 (sibi
841 2151 907 2175 om.
940 2141 1043 2186 G1V)
1069 2142 1131 2176 ille
1157 2142 1228 2186 (illi
1259 2142 1305 2187 V)
1339 2143 1419 2184 GV,
1455 2143 1600 2187 obsequi
1635 2144 1704 2179 sibi
1730 2144 1793 2180 ille

274 2200 323 2239 X,
351 2198 433 2232 aliis
460 2198 701 2232 ministerium
726 2209 747 2233 v
972 2201 1092 2244 sperat
1123 2199 1155 2234 G
1178 2200 1241 2234 secl
1267 2201 1305 2234 at
1330 2201 1371 2234 in
1395 2211 1480 2242 ras,
1508 2202 1701 2246 imperabit
1726 2216 1747 2239 v

274 2267 308 2289 se
336 2255 532 2290 senioribus
558 2258 618 2291 Xv
771 2256 1014 2291 oboedientem
1044 2258 1096 2292 Vv
1249 2258 1270 2292 3
1296 2259 1427 2293 seruire
1458 2259 1497 2302 V,
1525 2259 1703 2295 dominari
1727 2274 1748 2297 v

274 2314 442 2358 denegat]
468 2316 621 2358 nequeat
652 2314 685 2349 V
866 2314 889 2348 4
914 2314 998 2349 dum
1024 2325 1091 2351 om,
1118 2317 1161 2349 X
1337 2317 1359 2351 ὃ
1380 2308 1546 2361 ’ᾗκωοῃίῖ
1582 2320 1633 2360 Χ,
1671 2330 1794 2363 perue-

273 2373 375 2404 nerat
407 2371 458 2406 Vv
598 2371 619 2405 6
645 2372 718 2406 suis
744 2383 810 2406 om.
838 2373 880 2406 X
1025 2373 1197 2418 exhibuit]
1227 2374 1414 2418 praestitit
1439 2386 1459 2410 υ
1600 2376 1619 2410 7
1646 2377 1710 2422 ita]
1738 2378 1794 2413 ita.

274 2430 382 2463 etiam
408 2439 428 2463 v
580 2430 601 2463 8
627 2430 662 2463 et
687 2430 739 2474 in]
765 2431 802 2463 in
833 2430 867 2465 V
1005 2431 1048 2464 13
1073 2431 1327 2476 admonitione]
1357 2433 1550 2477 adoptione
1577 2436 1619 2468 X
1758 2447 1776 2471 6

274 2488 392 2521 aetate
417 2498 438 2522 v
656 2487 700 2522 14
724 2488 920 2522 naturalia
950 2489 990 2532 V,
1015 2489 1229 2523 naturaliter
1262 2488 1339 2523 GX
1347 2504 1354 2532 3
1381 2490 1470 2532 fort.
1497 2493 1658 2527 naturali
1682 2504 1745 2538 pei·

275 2545 317 2578 16
343 2544 385 2578 (16
410 2543 498 2578 rubo
524 2544 568 2578 ad
594 2556 739 2590 moysen
764 2556 784 2580 v
946 2546 990 2580 18
1014 2547 1148 2591 pariter
1174 2549 1209 2581 et
1234 2549 1432 2582 monitione
1458 2551 1507 2591 X,
1534 2552 1635 2594 pater
1660 2551 1794 2586 dicitur

272 2603 308 2635 et
333 2601 423 2635 adm.
457 2602 495 2643 V,
524 2619 717 2638 :mem-u*
743 2604 779 2637 et
804 2603 1058 2638 ammonitione
1089 2604 1122 2639 G
1145 2605 1207 2639 sed
1233 2615 1289 2639 am
1314 2616 1341 2642 s.
1368 2606 1389 2641 Z.
1414 2618 1458 2641 m.
1485 2609 1521 2649 2,
1549 2610 1585 2642 et
1611 2609 1704 2643 adm.
1732 2621 1794 2654 pa-

272 2658 357 2692 riter
384 2670 401 2692 v
533 2659 579 2693 20
604 2659 836 2694 adnuntiauit
868 2661 975 2695 G¹X¹
1096 2662 1245 2696 maiores
1271 2664 1297 2699 t.
1326 2674 1354 2697 e.
1381 2664 1414 2698 d.
1441 2665 1513 2699 tibi
1539 2676 1605 2700 om.
1638 2666 1711 2701 GX
1718 2667 1752 2702 V

271 2716 313 2748 21
341 2716 433 2759 quod
458 2728 524 2751 om.
557 2718 596 2759 V,
623 2717 715 2752 unde
742 2720 785 2752 X
907 2729 990 2763 ergo
1016 2729 1081 2753 om.
1109 2722 1151 2753 X
1286 2723 1387 2764 patei·
1412 2732 1477 2756 om.
1505 2724 1544 2756 X
1677 2724 1722 2758 22
1749 2725 1792 2758 ab

271 2772 552 2808 aduliscentibus
583 2771 661 2816 (JV,
688 2774 911 2810 adulescenti
938 2778 987 2819 X,
1013 2776 1249 2812 adolescentis
1276 2789 1295 2813 v
1454 2780 1498 2815 23
1524 2782 1618 2816 enim
1648 2793 1712 2817 om.
1747 2782 1787 2825 V,

274 2839 354 2873 ergo
383 2842 401 2865 v
