2032 3248
341 207 425 250 140
746 204 938 239 Arnobii
970 205 1187 240 aduersus
1225 205 1432 240 nationes

340 321 487 364 debeat
517 320 861 363 consultationem
891 320 1060 363 uocari?
1091 321 1223 363 omnis
1255 320 1366 363 enim
1393 321 1464 375 qui
1485 321 1647 375 quaerit
1668 322 1841 365 alicuius

340 390 524 432 numinis
554 390 776 444 impetrare
806 401 1059 444 responsum,
1092 389 1212 432 debet
1242 390 1469 433 necessario
1499 391 1614 445 scire,
1646 391 1712 433 cui
1744 404 1841 445 sup-

338 459 487 514 plicet,
529 471 651 513 quem
691 458 906 512 imploret,
946 471 970 500 a
999 470 1077 512 quo
1109 458 1230 500 rebus
1272 459 1426 501 auxilia
1457 460 1498 501 et
1528 459 1842 502 necessitatibus

339 530 529 581 exposcat
559 528 763 579 humanis,
795 527 975 570 maxime
1006 539 1100 569 cum
1131 539 1203 569 uos
1234 527 1316 581 ipsi
1348 529 1389 570 et
1419 540 1501 570 non.
1532 539 1673 571 omnes
1703 529 1842 571 omnia

339 598 434 639 deos
465 608 581 650 posse
611 597 820 650 praestare
852 599 892 638 et
914 596 1210 639 dissimillimis
1231 597 1381 639 ritibus
1402 596 1662 652 singulorum
1683 598 1841 641 animos
1871 611 1886 636 5

271 670 327 711 43
341 665 529 708 referatis
560 665 882 719 offensionesque
912 665 1078 719 placari.
1111 666 1266 707 etenim
1288 665 1324 708 si
1344 665 1411 707 1116
1431 666 1579 717 atram,
1610 665 1683 708 ille
1705 666 1841 708 albam

337 734 542 776 desiderat
562 734 727 788 pellem,
758 734 854 776 huic
877 734 1011 789 capite
1032 734 1182 786 uelato,
1212 735 1278 776 illi
1299 734 1616 777 sacrificandum
1638 735 1700 777 est
1720 737 1840 787 nudo,

337 802 385 844 de
416 803 691 845 matrimoniis
721 803 794 845 1116
826 803 1067 855 consulitur,
1100 803 1169 845 hic
1198 803 1397 846 medellas
1432 803 1841 847 incommoditatibus

335 873 531 926 praestat,
569 872 767 914 interesse
797 885 876 914 non
906 872 1042 926 potest
1070 872 1190 923 nihil,
1230 885 1282 915 an
1313 872 1368 914 sit
1404 872 1477 915 ille
1507 873 1757 925 Nouensilis,
1790 885 1841 915 an

334 941 428 994 ille,
468 954 563 984 cum
592 940 796 996 ignoratio
827 954 980 992 rerum,
1013 953 1280 995 personarum
1312 941 1494 984 confusio
1525 943 1567 983 et
1597 944 1692 984 deos
1723 942 1841 996 cogat
1854 958 1886 983 ιο

335 1010 487 1052 offendi
518 1010 560 1052 et
589 1010 814 1052 necessario
844 1009 1055 1063 piaculum
1086 1010 1303 1053 contrahi?
1347 1010 1457 1066 finge
1486 1011 1596 1052 enim
1616 1011 1840 1065 meipsum

334 1079 688 1121 incommoditatis
733 1078 909 1121 alicuius
949 1079 990 1120 et
1037 1078 1269 1121 declinandi
1314 1079 1487 1133 periculi
1529 1091 1653 1121 causa
1692 1079 1839 1121 horum

334 1147 514 1203 cuipiam
553 1148 771 1190 numinum
811 1147 1043 1201 supplicare
1084 1148 1312 1191 dicentem:
1354 1149 1514 1200 adeste,
1557 1149 1741 1191 adestote
1782 1148 1839 1190 dii

332 1217 518 1270 Penates,
549 1218 597 1259 tu
618 1217 767 1272 Apollo
799 1219 926 1271 tuque
946 1217 1138 1271 Neptune
1168 1218 1386 1271 omniaque
1422 1218 1523 1260 haec
1558 1219 1668 1260 mala
1689 1217 1839 1271 quibus

333 1300 428 1329 uror
455 1287 609 1329 torreor
637 1298 761 1329 uexor
788 1287 918 1328 uestri
947 1286 1132 1329 numinis
1155 1288 1424 1329 auerruncate
1445 1286 1687 1329 clementia:
1711 1286 1840 1328 eritne
1853 1304 1884 1329 ιε.

333 1368 425 1410 spes
467 1355 606 1409 aliqua
643 1355 878 1397 referendae
917 1357 968 1398 ab
998 1355 1063 1397 his
1102 1356 1209 1410 opiS‚
1250 1356 1285 1398 si
1323 1355 1444 1398 Ceres
1482 1356 1603 1398 Pales
1642 1355 1838 1406 Fortuna,

332 1425 504 1467 Iouialis
531 1425 604 1466 aut
625 1424 793 1475 Genius,
825 1437 905 1466 non
925 1423 1149 1479 Neptunus
1171 1426 1212 1466 et
1234 1424 1383 1478 Apollo
1405 1424 1583 1467 Penates
1611 1424 1670 1466 dii
1692 1427 1839 1466 erunt?

333 1496 405 1536 aut
436 1494 471 1535 si
502 1492 671 1536 Curetas
702 1505 775 1546 pro
806 1493 982 1536 Laribus
1013 1494 1217 1545 inuocare,
1249 1505 1349 1547 quos
1382 1506 1468 1536 esse
1496 1493 1662 1549 Digitos
1694 1493 1838 1536 Samo-

333 1563 514 1605 thracios
553 1575 648 1617 pars
691 1564 924 1605 uestrorum
966 1563 1179 1605 adseuerat
1217 1564 1446 1614 auctorum,
1489 1563 1837 1616 quemadmodum

235 1640 319 1675 f.80
333 1631 397 1673 his
427 1634 567 1685 potero
599 1631 912 1673 auxiliatoribus
944 1634 984 1673 et
1015 1632 1206 1686 propitiis
1237 1631 1314 1682 uti,
1347 1645 1441 1674 66111
1461 1644 1591 1685 neque
1620 1631 1686 1673 his
1722 1630 1727 1687 Ι
1762 1643 1884 1673 66660

332 1703 372 1742 et
413 1700 546 1742 aliena
585 1700 672 1742 illis
716 1700 933 1754 inposuero
975 1700 1248 1755 cognomina?
1293 1712 1421 1754 usque
1461 1700 1562 1743 adeo
1602 1712 1667 1742 res
1708 1700 1838 1755 exigit

330 1769 575 1823 propriatim
614 1769 709 1812 deos
749 1769 876 1821 scire,
917 1781 990 1811 nec
1029 1769 1236 1823 ambigere
1274 1781 1348 1811 nec
1387 1769 1576 1811 dubitare
1613 1769 1662 1811 de
1693 1769 1838 1810 unius-

331 1839 527 1892 cuiusque
564 1838 608 1880 ui
647 1838 845 1890 nominis,
884 1850 934 1880 ne
971 1838 1007 1880 si
1054 1838 1200 1880 alienis
1235 1838 1387 1880 ritibus
1419 1841 1460 1880 et
1491 1838 1837 1893 appellationibus

330 1907 484 1950 fuerint
526 1906 729 1958 inuocati‚
777 1908 819 1949 et
859 1919 977 1949 aures
1022 1906 1209 1948 habeant
1245 1907 1424 1948 structas
1465 1907 1506 1948 et
1546 1906 1723 1960 piaculis
1764 1916 1836 1947 nos

264 1982 317 2022 44
334 1978 499 2019 teneant
529 1975 849 2029 inexpiabilibus
880 1975 1096 2031 obligatos.
1146 1987 1270 2029 quare
1301 1976 1336 2017 si
1358 1975 1476 2017 uobis
1498 1975 1642 2029 liquet,
1674 1975 1716 2016 in
1738 1974 1881 2017 sub-25

330 2045 501 2088 limibus
531 2045 702 2100 palatiis
734 2044 835 2086 66611
865 2044 1075 2095 habitare,
1115 2044 1336 2086 consistere
1365 2043 1681 2086 multitudinem
1711 2043 1837 2085 istam

331 2127 457 2168 quam
488 2114 740 2156 enumeratis
770 2114 958 2164 deorum,
1000 2113 1044 2155 in
1074 2113 1198 2155 unius
1229 2113 1432 2167 proloquii
1462 2112 1614 2154 finibus
1645 2113 1837 2154 conuenit

375 2319 395 2352 1
421 2318 720 2353 consultationem
747 2317 839 2352 Sab:
864 2317 1143 2352 consolationem
1171 2317 1207 2352 P
1346 2316 1442 2352 ucori
1461 2316 1497 2351 P
1513 2327 1595 2352 corr
1732 2317 1754 2351 2
1779 2328 1836 2351 su-

328 2377 437 2421 plicet
462 2377 498 2411 P
640 2376 662 2411 5
686 2376 721 2410 et
744 2375 820 2410 add
843 2375 913 2410 θεῖ
1057 2374 1307 2409 dissimillibus
1331 2375 1383 2409 sic
1408 2373 1481 2409 Sab
1628 2373 1649 2408 6
1673 2373 1836 2409 referatis

329 2434 458 2469 Sabin
475 2443 555 2468 err:
572 2432 713 2467 refertis
730 2432 767 2467 P
896 2431 1171 2476 offensionisque
1187 2432 1223 2467 P
1239 2442 1320 2466 corr
1336 2434 1367 2466 c‘
1497 2432 1543 2466 10
1559 2433 1595 2466 et
1611 2441 1836 2475 personarum

328 2491 485 2526 confusio
511 2490 585 2525 Sab
615 2500 848 2535 personarum
873 2491 908 2524 et
932 2489 1090 2524 confusio
1116 2489 1273 2524 Zinkius
1419 2489 1461 2523 11
1487 2488 1617 2523 offendi
1648 2488 1836 2524 Oehlerus:

328 2547 484 2582 offendat
508 2547 543 2581 P
692 2546 848 2582 offendat
872 2549 978 2591 cogat
1005 2546 1079 2581 Sab
1234 2546 1446 2582 neeesfflario
1472 2546 1508 2580 P
1658 2545 1701 2580 13
1726 2546 1837 2591 supli-

328 2616 406 2640 care
430 2605 466 2639 Ρ
610 2603 728 2639 adeste
753 2604 790 2638 P
935 2604 978 2639 15
1002 2606 1136 2638 torreor
1163 2603 1360 2646 Gifanius:
1399 2606 1529 2638 terreor
1553 2603 1589 2637 P
1736 2603 1836 2637 aber-

327 2664 474 2697 runcate
492 2662 528 2696 P
666 2661 709 2695 16
734 2671 847 2695 666166
865 2661 901 2696 P
1038 2660 1143 2695 Pales
1170 2660 1262 2694 Sab:
1287 2670 1388 2704 pares
1413 2660 1450 2694 P
1606 2660 1650 2694 18
1674 2670 1747 2694 esse
1771 2660 1835 2694 Di-

327 2719 437 2764 gitos]
464 2718 640 2763 indigetes
665 2718 736 2753 Sab
890 2717 935 2753 22
959 2717 1170 2762 propriatim
1196 2717 1288 2753 Sab:
1313 2717 1505 2762 propiatim
1529 2716 1564 2751 P
1717 2717 1834 2752 unios-

325 2776 494 2820 cuiusque
511 2775 546 2809 P
563 2786 644 2810 corr
783 2775 828 2809 23
853 2774 1007 2809 nominis
1027 2775 1240 2819 Hauptius:
1265 2774 1406 2809 nomine
1423 2774 1459 2809 P
1597 2784 1640 2808 ne
1665 2774 1697 2808 si
1715 2773 1834 2809 Salm:

327 2833 357 2866 si
383 2833 419 2867 P
441 2834 482 2867 ut
508 2832 538 2866 si
564 2832 628 2866 Gel
653 2842 733 2866 cum
758 2832 789 2866 si
815 2832 883 2867 Urs
1021 2832 1065 2866 27
1092 2831 1273 2876 prolocqui
1299 2833 1331 2875 (c
1356 2831 1450 2874 eras)
1480 2831 1516 2865 P
1539 2840 1620 2866 corr
1644 2834 1674 2866 ε’
