2032 3248
1616 195 1667 229 IX

172 322 338 363 parcum
372 311 412 350 iu
448 310 509 350 liis
544 309 783 363 ποι-1111110113
817 309 1176 362 deprehendimus:
1209 311 1389 351 constitit
1422 322 1493 362 pro
1516 310 1667 351 consti-

172 380 266 421 terit
301 379 414 432 (166,
433 380 506 432 25)
540 379 733 419 conticuit
765 391 835 432 pro
866 378 1107 420 conticuerit
1131 379 1244 433 (167,
1265 380 1305 430 1)
1336 379 1470 430 potuit
1500 391 1572 432 pro
1590 392 1668 431 po-

171 449 295 489 tuerit
314 449 493 503 (167,3),
517 451 610 489 uter
623 461 696 502 pro
712 448 864 489 uertici·
882 448 1063 501 (135,5),
1087 449 1176 489 suis
1192 460 1262 501 pro
1280 447 1434 489 seueris
1454 448 1668 502 (169,11),

175 518 296 558 inaia
327 530 398 570 pro
430 517 620 558 inaniter
651 517 764 571 (208,
784 517 867 567 23),
899 517 1114 558 adulterae
1144 530 1215 570 pro
1238 518 1408 558 adultae
1440 517 1668 573 (275,19);

173 587 311 639 inquit
344 598 416 639 pro
450 586 579 640 iyitur
612 586 788 641 (99,16),
819 586 926 639 facti
954 599 1026 639 pro
1055 586 1215 639 facturi
1248 586 1361 641 (256,
1378 586 1452 640 25)
1485 592 1525 628 et
1557 587 1668 628 simi-

171 657 248 709 lia,
278 656 315 696 ci
345 668 417 708 pro
448 656 538 696 cius
571 655 682 706 (262,
701 655 786 707 28),
818 667 896 706 quo
926 655 1098 696 mentiri
1118 668 1158 696 se
1179 668 1251 708 pro
1273 655 1493 707 quominus
1515 656 1671 696 curiose

173 726 284 775 (279,
303 725 396 775 22),
431 724 521 765 ibus
553 736 624 777 pro
648 724 683 765 is
714 725 780 765 uel
810 736 850 765 es
883 725 1051 775 (25,18.
1085 725 1237 777 29,17.
1275 724 1366 774 116,
1386 724 1452 766 26.
1489 724 1580 775 127,
1599 724 1666 765 27.

179 795 270 845 133,
290 794 357 835 21.
404 794 583 846 233,11.
632 793 728 846 266,
748 792 812 849 7),
858 793 894 834 is
926 794 994 834 uel
1025 806 1065 834 cs
1095 806 1167 846 pro
1200 793 1291 834 ‘ibus
1325 793 1381 849 (7,
1401 794 1467 834 21.
1517 793 1666 844 13,15.

176 863 239 913 15,
258 864 297 905 5.
340 862 516 912 145,21.
559 862 734 911 146,11.
785 862 878 913 180,
897 863 965 904 23.
1014 862 1193 914 181,15.
1235 862 1415 913 212,18.
1460 862 1670 915 267,16);

172 930 239 972 uel
271 932 313 972 et
343 933 387 971 111
419 934 460 972 et
491 931 603 972 uelut
624 932 731 972 iuter
753 943 794 971 se
816 932 1003 980 confusa;
1037 935 1164 972 uanis
1186 943 1257 984 pro
1279 931 1430 973 uestris
1453 931 1563 981 (203,
1583 931 1670 984 25),

173 1001 293 1041 nouis
330 1012 401 1053 pro
438 1000 589 1041 «uestris
628 1000 854 1053 (251,27);
885 1000 1120 1052 patientiae
1152 1012 1225 1053 pro
1250 1000 1422 1052 patriae
1454 1000 1566 1054 (219,
1584 999 1672 1054 24),

173 1069 369 1110 inoboeda
415 1081 486 1123 pro
533 1069 581 1109 in
636 1069 888 1110 oboedientia
941 1069 1174 1123 (276,19);
1230 1068 1337 1109 milii
1382 1080 1453 1121 pro
1500 1068 1674 1108 minime

174 1139 362 1191 (85,15),
395 1138 538 1179 minus
568 1151 638 1191 pro
669 1138 843 1179 minime
875 1138 989 1193 (167,
1009 1139 1045 1179 7.
1082 1138 1176 1189 178,
1199 1138 1265 1180 23.
1299 1138 1507 1191 204,15);
1541 1150 1581 1178 se
1602 1149 1673 1190 pro

172 1207 325 1248 seilicet
349 1208 462 1262 (185.
485 1208 567 1258 11),
590 1207 648 1248 sic
669 1220 740 1260 pro
763 1207 914 1249 scilicet
936 1208 1047 1257 (187,
1068 1207 1125 1259 1),
1155 1209 1191 1249 et
1212 1219 1283 1260 pro
1306 1207 1455 1247 scilicet
1475 1206 1560 1261 (62,
1578 1206 1673 1259 21)·,

172 1276 356 1317 seminas
395 1289 466 1329 pro
496 1289 536 1317 se
566 1276 874 1317 misericordias
912 1276 969 1331 (se
998 1265 1122 1323 onias)
1160 1275 1310 1325 59,15.
1348 1276 1399 1317 ad
1440 1275 1675 1317 litterarum

174 1346 378 1400 ligaturas
412 1348 542 1399 magis
574 1358 698 1398 quam
721 1348 770 1387 ad
793 1346 1085 1399 pronuntiandi
1108 1346 1313 1386 rationem
1336 1346 1540 1398 pertinere
1557 1345 1674 1385 uide-

175 1418 242 1455 tur
286 1428 306 1455 3
344 1414 465 1456 finale
496 1415 734 1468 saepissime
774 1415 876 1457 falso
908 1415 1094 1457 additum
1127 1417 1199 1456 aut
1230 1415 1449 1463 omissum3
1482 1413 1676 1455 similiter

173 1497 196 1523 r
217 1483 339 1525 finale
373 1485 510 1525 omitti
534 1484 681 1525 addiue
713 1485 902 1525 uidemus
936 1484 1107 1537 (13,10.
1143 1484 1235 1534 185,
1255 1483 1322 1525 22.
1354 1483 1527 1537 200,1).
1560 1483 1676 1536 patet

176 1552 359 1594 codicem
390 1565 470 1593 non
502 1552 627 1593 fuisse
660 1554 770 1594 lectu
803 1552 991 1594 facilem:
1034 1552 1193 1594 accedit
1224 1554 1331 1605 quod
1363 1553 1568 1605 scriptura
1599 1552 1677 1593 ali-

176 1622 339 1675 quando
383 1621 595 1663 euanuisse
632 1620 819 1672 uidetur,
860 1622 991 1662 ueluti
1034 1622 1125 1671 103,
1145 1621 1211 1671 24,
1245 1622 1317 1663 ubi
1357 1622 1400 1662 in
1431 1620 1617 1663 Parisino
1636 1643 1677 1664 *ss

175 1690 253 1730 edi.
287 1689 334 1730 in
372 1701 443 1742 pro
487 1689 698 1731 medicina
737 1693 868 1740 extat3
910 1690 1012 1732 alibi
1051 1690 1213 1732 litterae
1258 1692 1300 1732 in
1339 1690 1540 1743 principio
1582 1702 1675 1731 uer-

175 1758 324 1800 borum
363 1759 518 1811 positae
559 1759 865 1800 desiderantur:
906 1758 966 1800 sic
996 1759 1175 1800 etiamne
1205 1772 1277 1813 pro
1310 1759 1468 1800 lentene
1500 1758 1677 1810 legimus

176 1828 287 1877 (184,
312 1827 396 1878 24),
439 1827 549 1868 luore
589 1840 659 1880 pro
696 1828 824 1879 fluore
871 1827 1033 1882 (ibid),
1076 1827 1266 1869 alienata
1305 1840 1376 1881 pro
1416 1827 1522 1868 ‘mali
1552 1830 1676 1868 enata

178 1897 292 1950 (184,
312 1898 397 1950 25),
439 1899 503 1937 ate
532 1897 675 1949 fecerit
705 1910 777 1949 pro
804 1897 1043 1949 patefecerit
1075 1896 1188 1951 (186,
1206 1898 1259 1947 8),
1292 1909 1426 1937 annos
1456 1909 1528 1950 pro
1555 1910 1673 1948 pan-

177 1979 248 2007 nos
279 1966 390 2018 (228,
413 1966 494 2015 26),
531 1965 863 2018 impleymatibus
893 1979 965 2018 pro
986 1966 1341 2019 simpleymatibus
1362 1966 1475 2018 (267,
1495 1966 1553 2016 9),
1586 1965 1678 2006 urbi

177 2048 249 2088 pro
290 2035 420 2075 morbi
460 2035 573 2087 (282,
595 2035 685 2085 30),
727 2047 831 2086 quac
868 2048 940 2087 pro
981 2034 1108 2087 liquet
1140 2035 1252 2087 (114,
1270 2035 1367 2088 23),
1412 2047 1487 2086 que
1517 2034 1574 2075 ad
1606 2047 1678 2087 pro

178 2104 333 2156 liqueat
363 2104 473 2155 (202,
493 2103 580 2155 23),
613 2102 730 2143 uides
751 2116 823 2155 pro
845 2103 947 2155 quid
970 2103 1055 2158 (43,
1079 2104 1159 2152 13),
1192 2106 1237 2143 ut
1266 2115 1338 2156 pro
1361 2103 1467 2155 quod
1489 2104 1571 2153 (53,
1593 2104 1675 2153 12).

182 2173 224 2213 id
254 2185 325 2225 pro
357 2172 459 2224 quid
491 2172 602 2224 (156,
619 2172 677 2222 5).
717 2172 927 2213 interdum
959 2185 983 2223 q
1014 2184 1226 2224 perperam
1258 2171 1445 2213 additur:
1478 2184 1577 2223 quos
1607 2185 1678 2224 pro

178 2254 250 2281 uos
289 2241 372 2292 (41,
397 2241 458 2291 7),
501 2252 599 2292 quos
639 2252 709 2292 pro
748 2240 862 2281 ‘uobis
909 2240 1139 2294 (171,17),
1190 2253 1364 2292 quorum
1413 2252 1484 2292 pro
1533 2253 1675 2280 uerum

183 2310 370 2362 (53,11),
403 2309 633 2365 quinimmo
664 2322 737 2362 pro
768 2310 935 2350 omnino
966 2310 1187 2363 (135,15),

314 2379 437 2420 Hunc
468 2391 563 2420 uero
603 2378 783 2420 codicem
821 2379 1078 2420 descendisse
1119 2391 1164 2420 ex
1203 2378 1305 2430 alio,
1347 2379 1415 2430 qui
1448 2378 1677 2419 uncialibus

180 2448 334 2488 litteris
368 2446 544 2499 scriptus
576 2447 713 2496 fuerit,
747 2447 923 2488 maxime
956 2460 974 2487 c
997 2450 1037 2488 et
1057 2461 1083 2500 9
1106 2447 1268 2488 litterae
1301 2447 1408 2487 inter
1429 2458 1471 2487 se
1494 2449 1677 2487 mutatae

182 2516 352 2568 (58,11.
401 2516 468 2565 63,
487 2516 525 2556 5.
574 2515 725 2563 68,17.
774 2515 840 2565 78,
863 2516 930 2557 29.
980 2515 1045 2567 85,
1064 2516 1101 2556 9.
1149 2515 1298 2565 94,17.
1343 2515 1435 2565 103,
1454 2515 1492 2556 9.
1528 2515 1620 2564 119,
1641 2515 1678 2555 7.

187 2584 279 2633 123,
300 2583 365 2624 26.
417 2583 510 2634 133,
529 2583 567 2623 8.
619 2584 712 2633 144,
733 2584 796 2623 17.
847 2583 1026 2633 168,10.
1076 2583 1253 2633 179,19.
1306 2582 1483 2633 195,16.
1527 2583 1620 2634 197,
1639 2584 1677 2624 6.

185 2652 278 2701 199,
298 2652 336 2692 4.
376 2651 554 2701 203,14.
594 2651 689 2701 206,
709 2652 746 2692 3.
787 2652 882 2701 219,
902 2652 969 2693 22.
1008 2652 1104 2702 224,
1125 2653 1189 2693 23.
1234 2651 1328 2701 232,
1348 2651 1387 2692 8.
1425 2651 1487 2693 10.
1522 2650 1616 2701 252,
1636 2652 1675 2692 9.

183 2719 278 2767 255,
298 2722 334 2762 9.
358 2720 454 2770 263,
475 2721 539 2761 18.
563 2720 657 2769 276,
677 2720 714 2761 6.
739 2719 834 2770 278,
857 2720 926 2766 12)
950 2720 1071 2760 fidem
1096 2720 1265 2761 faciunt.
1289 2720 1330 2760 in
1349 2719 1521 2761 historia
1539 2722 1676 2760 autem

184 2787 513 2828 Arnobianorum
548 2788 747 2828 librorum
780 2787 1062 2828 litteraturam
1096 2789 1298 2829 cursiuam
1323 2790 1363 2828 et
1393 2789 1597 2829 uncialem
1620 2788 1677 2828 sic

185 2865 225 2894 se
258 2855 452 2908 excipere,
487 2859 531 2896 ut
564 2856 663 2897 haec
695 2855 748 2896 sit
779 2856 999 2908 antiquior,
1035 2858 1125 2898 inde
1159 2857 1347 2903 efficitur,
1381 2858 1486 2909 quod
1508 2856 1675 2897 mendas
