2032 3248
814 232 944 266 Liber
977 233 1038 266 ΙΙΙ.
1589 236 1663 276 131

182 348 363 401 accipere
385 361 407 388 a
430 347 545 388 uobis
578 348 648 388 has
670 350 696 399 †
720 348 874 389 mentes
907 347 1124 400 impiarum
1156 348 1414 400 plenissimas
1446 348 1666 400 fictionum,

183 418 216 458 si
248 429 325 458 non
356 416 488 457 multa
519 416 567 456 de
600 416 678 456 diis
709 416 787 469 ipsi
819 417 904 456 tam
943 417 1144 457 contraria
1178 418 1407 469 promentes
1444 417 1667 458 dissoluen-

182 485 318 537 tiaque
360 497 400 525 se
443 484 530 536 ipsa
565 484 765 525 sustinere
806 484 932 525 animi
975 485 1267 537 compelleretis
1296 486 1522 527 adsensum.
1575 499 1666 527 cum

182 554 288 596 enim
329 553 481 607 singuli
523 553 707 608 singulos
750 553 905 594 anteire
945 553 1151 595 interioris
1193 555 1434 596 contenditis
1476 555 1666 596 scientiae

155 623 316 672 alaude,
357 624 399 663 et
430 622 522 663 deos
553 622 659 675 ipsos
691 634 790 674 quos
820 622 1042 675 opinamini
1076 623 1223 663 tollitis
1255 626 1295 665 et
1334 624 1526 676 reponitis
1566 623 1664 664 alios

180 704 278 744 quos
319 691 582 731 manifestum
625 691 685 731 est
725 702 802 731 non
844 702 954 741 esse,
999 693 1040 732 et
1077 692 1178 733 alios
1210 692 1281 733 alii
1314 692 1406 733 deos
1437 693 1479 734 in
1511 692 1664 734 eisdem

179 759 316 801 dicitis
348 759 477 809 rebus,
510 761 551 800 et
580 759 816 800 innumeros
848 771 934 800 esse
966 760 1223 802 conscribitis
1258 772 1355 813 quos
1379 774 1462 802 esse
1485 762 1663 815 singulos

179 841 337 881 semper
369 828 575 869 consensio
607 827 762 880 accepit
782 828 972 869 humana.
1015 828 1259 881 incipiamus
1289 842 1382 883 ergo
1415 830 1666 871 sollemniter

178 897 227 937 ab
260 897 356 938 Iano
388 897 429 938 et
459 908 529 937 nos
560 896 685 948 patre,
719 908 840 948 quem
872 897 1036 949 quidam
1069 910 1113 938 ex
1137 898 1248 938 uobis
1271 899 1480 947 mundum,
1514 911 1664 939 annum

135 965 270 1015 10alii,
321 965 447 1006 solem
489 977 574 1005 esse
614 964 824 1017 prodidere
865 965 1062 1007 nonnulli.
1116 967 1221 1018 quod
1262 968 1295 1007 si
1336 968 1579 1020 accipiemus
1621 970 1666 1007 ut

178 1047 319 1075 uerum
351 1034 417 1083 sit,
451 1033 636 1086 sequitur
667 1034 713 1074 ut
734 1033 921 1087 intellegi
954 1034 1098 1075 debeat
1129 1035 1289 1075 nullum
1316 1048 1508 1088 umquam
1541 1035 1663 1076 fuisse

178 1103 343 1154 lanum,
376 1115 495 1155 quem
528 1102 661 1142 ferunt
693 1101 813 1143 Caelo
845 1104 967 1155 atque
999 1103 1155 1144 Hecata
1186 1106 1438 1156 procreatum
1471 1105 1510 1145 in
1544 1104 1664 1145 Italia

181 1170 186 1225 Ι
224 1183 410 1225 regnasse
441 1171 631 1223 primum,
666 1170 839 1212 Ianiculi
872 1171 1010 1225 oppidi
1042 1172 1302 1222 conditorem,
1342 1175 1497 1225 patrem
1531 1173 1662 1216 Fonti.
1692 1182 1756 1211 377

178 1240 371 1281 Vulturni
412 1252 625 1294 generum,
665 1240 860 1281 Iuturnae
898 1241 1114 1289 maritum,
1156 1243 1278 1294 atque
1309 1242 1366 1282 ita
1397 1254 1466 1294 per
1498 1254 1567 1282 uos
1601 1242 1664 1282 dei

133 1322 162 1345 ιε
177 1320 321 1350 nomen
353 1309 545 1357 eraditur,
578 1321 697 1361 quem
729 1308 770 1349 in
803 1309 960 1350 cunctis
992 1309 1238 1362 anteponitis
1270 1309 1457 1361 precibus
1490 1312 1529 1350 et
1552 1310 1662 1351 uiam

176 1377 291 1419 uobis
322 1379 498 1431 pandere
530 1378 698 1418 deorum
731 1378 780 1418 ad
813 1377 1064 1419 audientiam
1107 1377 1285 1419 creditis.
1333 1391 1470 1419 rursus
1503 1389 1596 1419 uero
1629 1378 1661 1418 si

176 1446 295 1486 Ianus
328 1447 389 1486 est
420 1458 568 1497 annus,
611 1446 708 1487 deus
741 1458 826 1487 esse
857 1458 930 1487 nec
960 1446 1018 1487 sic
1051 1447 1194 1498 potest.
1243 1446 1334 1499 quis
1366 1447 1470 1487 enim
1514 1460 1663 1488 annum

174 1514 334 1568 ignorat
375 1514 570 1567 temporis
612 1526 697 1556 esse
739 1514 1154 1566 circumscriptionem
1203 1517 1353 1555 statam
1403 1527 1473 1557 nec
1520 1516 1663 1556 habere

175 1583 259 1623 uim
292 1583 472 1624 numinis
504 1583 546 1624 id
578 1583 685 1636 quod
716 1583 862 1636 spatiis
885 1595 1071 1624 mensum
1095 1585 1136 1624 et
1157 1584 1317 1625 dierum
1341 1584 1663 1626 dinumeratione

130 1665 159 1690 20
174 1652 408 1693 conclusum
440 1653 531 1693 est?
569 1653 675 1704 quod
707 1652 843 1705 ipsum
875 1652 1016 1693 licebit
1048 1652 1089 1692 in
1122 1651 1342 1693 Saturnum
1373 1665 1450 1693 non
1483 1653 1659 1694 absimili

173 1720 326 1761 ratione
373 1722 592 1762 traducere.
646 1734 741 1761 nam
782 1720 816 1760 si
858 1722 1021 1772 tempus
1071 1720 1324 1774 significatur
1366 1722 1437 1762 hoc
1486 1722 1660 1769 nomine,

173 1787 416 1830 Graecorum
450 1790 494 1829 ut
523 1789 764 1842 interpretes
801 1790 1037 1838 autumant,
1081 1790 1125 1829 ut
1161 1790 1266 1841 quod
1298 1787 1457 1843 χρόνος
1489 1792 1549 1830 est
1590 1790 1663 1830 lia-

175 1857 317 1897 beatur
347 1855 544 1909 Κρόνος,
585 1857 742 1898 nullum
775 1858 836 1898 est
869 1856 1103 1898 Saturnium
1135 1870 1295 1898 numen.
1349 1858 1438 1910 quis
1460 1860 1522 1899 est
1552 1859 1660 1898 enim

174 1927 257 1966 tam
299 1926 482 1975 demens,
536 1926 604 1978 qui
647 1928 808 1978 tempus
849 1938 933 1966 esse
975 1925 1084 1967 dicat
1127 1925 1267 1976 deum,
1316 1926 1420 1978 quod
1471 1938 1660 1966 mensura

127 1993 383 2035 2⁵cuiusdam
424 1995 486 2035 est
526 1994 648 2047 spatii
690 1995 732 2035 in
772 1994 969 2035 continua
1010 1994 1111 2034 serie
1157 1994 1442 2046 perpetuitatis
1483 1994 1659 2034 inclusi?

173 2063 292 2115 atque
334 2062 391 2104 ita
423 2075 467 2103 ex
509 2063 645 2104 ordine
687 2064 856 2105 tolletur
893 2065 934 2104 et
966 2062 1043 2103 iste
1085 2063 1346 2111 caelestium,
1391 2075 1510 2115 quem
1542 2062 1659 2103 Caelo

217 2268 232 2300 1
254 2267 398 2311 mentes]
419 2268 611 2301 sententias
631 2268 649 2301 ἓ
786 2267 807 2300 3
824 2277 860 2300 sc
877 2267 953 2310 ipsa
976 2266 1063 2300 Urs:
1088 2266 1163 2310 ipsa
1181 2266 1214 2299 P
1240 2266 1312 2309 ipsa
1332 2277 1366 2298 se
1383 2265 1569 2299 Heraldaecs·

169 2324 190 2357 4
216 2324 348 2367 singuli
373 2325 519 2367 scripsi.-
545 2324 697 2368 singulis
723 2325 758 2358 P
781 2325 815 2357 in
841 2323 994 2367 singulis
1027 2323 1094 2357 Urs
1268 2323 1288 2355 ⁴3
1313 2322 1399 2355 alios
1425 2322 1486 2355 alii
1511 2323 1659 2365 scripsi:

170 2381 259 2414 alius
278 2381 374 2414 aliud
393 2382 427 2415 1>
450 2382 538 2415 alios
555 2382 647 2414 alius
666 2381 764 2415 Salm
883 2381 973 2423 deos]
994 2380 1034 2413 de
1054 2380 1122 2413 Sub
1246 2380 1281 2412 iu
1300 2379 1428 2412 eisdem
1450 2379 1546 2412 ›Salm
1559 2393 1568 2410 :
1595 2379 1659 2411 cis-

171 2438 246 2471 dcm
274 2439 308 2472 P
444 2440 462 2472 7
490 2439 690 2472 innumeros
710 2438 800 2473 Sao.-
825 2438 1026 2472 innumerus
1053 2438 1087 2471 P
1223 2435 1444 2469 conscribitis
1464 2435 1552 2469 Sao.-
1579 2446 1658 2469 con-

170 2494 335 2529 scribitur
364 2496 397 2529 P
572 2496 593 2529 8
618 2495 799 2529 consensio
827 2495 910 2535 Sal),
934 2505 971 2528 r:
1005 2494 1181 2528 consentio
1207 2493 1241 2526 P
1414 2494 1455 2526 10
1479 2492 1539 2526 alii
1566 2491 1658 2526 Sub:

170 2562 248 2596 aliis
277 2564 310 2596 P
459 2563 566 2596 solem
593 2563 684 2597 Sab:
709 2563 875 2596 sollemne
902 2563 936 2596 P
1090 2562 1132 2594 12
1157 2552 1240 2594 iani]
1268 2561 1302 2594 P
1458 2559 1600 2593 haecata
1627 2560 1659 2593 P

169 2620 298 2653 Hecate
325 2620 395 2654 Sab
534 2622 575 2654 13
602 2620 724 2654 Fontis
741 2620 929 2654 Meursius
1069 2621 1109 2653 15
1132 2618 1310 2662 praecibus
1329 2618 1362 2651 P
1501 2618 1540 2650 16
1559 2616 1657 2650 uobis

175 2677 261 2711 Urs:
287 2677 387 2711 nobis
407 2678 440 2711 P
578 2677 618 2710 17
637 2688 748 2710 annus
767 2677 859 2711 Sab:
877 2677 977 2710 ianus
996 2676 1029 2709 P
1168 2676 1209 2708 19
1235 2682 1409 2708 mensuum
1429 2675 1463 2707 P
1486 2674 1655 2707 mensium

171 2734 242 2768 Sab
414 2736 457 2768 22
482 2745 662 2778 grecorum
689 2735 723 2767 P
894 2733 1124 2776 interm-actes
1151 2733 1186 2766 P
1360 2731 1507 2765 clu-onas
1534 2732 1568 2765 P

167 2790 212 2824 23
237 2790 365 2824 Cronos
393 2791 477 2825 Gel:
508 2795 633 2835 Rponoc.
667 2791 702 2824 P
883 2800 1007 2824 numen
1042 2790 1128 2823 Urs:
1154 2799 1276 2823 nornen
1306 2789 1340 2823 P
1523 2790 1564 2821 2¹03
1591 2787 1657 2821 tol-

170 2847 298 2881 leretur
326 2848 360 2881 Ρ
385 2859 465 2883 corr
490 2852 517 2883 c¹

1466 2914 1518 2945 98
