2032 3248
771 227 898 261 Liber
928 226 1016 260 1111.
1556 226 1629 266 161

146 344 254 385 cium
285 342 531 395 Lycaoniam
576 342 853 394 pransitasse?
900 341 1097 393 numquid
1139 341 1265 381 altero
1305 340 1494 380 claudum
1536 340 1634 392 pede

146 411 252 464 apud
291 411 469 451 insulam
502 411 699 451 Lemnum
742 409 905 450 fabrilia
949 422 1068 462 opera
1109 409 1330 450 exercuisse
1372 408 1634 449 Vulcanum?

145 480 343 532 numquid
376 479 576 532 cupidinis
608 485 727 531 atque
761 478 958 519 auaritiae
992 490 1126 525 causa,
1167 478 1271 518 sicut
1304 477 1411 518 canit
1442 477 1633 518 Boeotius

145 548 359 589 Pindarus.
394 547 686 599 Aesculapium
709 547 895 587 fulminis
917 546 1158 588 transfixum
1181 558 1265 587 esse
1288 547 1399 586 telo?
1437 545 1634 598 numquid

118 617 379 669 sApollinem
412 616 540 657 ditem
574 615 730 656 factum
762 627 826 657 eos
858 615 967 668 ipsos
1008 627 1119 668 reges
1159 626 1326 667 quorum
1361 615 1470 668 gazis
1502 615 1634 655 fuerat

146 686 417 737 locupletatus
449 687 488 725 et
520 685 634 726 donis
667 684 942 738 ambiguitate
973 683 1167 725 fefellisse
1197 685 1406 738 responsi?
1438 684 1634 736 numquid

146 754 275 794 furem
309 754 554 794 Mercurium
586 753 889 805 publicauimus
922 756 1022 794 nos?
1054 765 1124 793 nos
1157 766 1242 794 esse
1265 754 1492 794 Lauernam
1515 754 1635 805 atque

147 835 238 863 cum
269 822 344 862 hoc
376 821 499 862 simul
523 822 735 863 fraudibus
757 822 985 875 praesidere
1009 822 1202 863 furtiuis?
1234 822 1432 874 numquid
1455 834 1499 861 ex
1521 821 1635 862 nobis

147 891 340 944 Myrtilus
363 893 425 930 est
446 898 596 939 auctor,
622 892 689 943 qui
708 891 862 932 Macari
885 891 990 931 filiae
1013 891 1258 945 Megaclonis
1281 891 1494 932 ancillulas
1515 890 1636 943 profi-

101 981 132 1004 10
145 960 256 1000 tetur
277 959 401 999 fuisse
419 960 557 1000 Musas
571 962 589 999 ?
611 960 808 1011 numquid
832 972 924 1013 rege
946 973 968 1000 a
988 959 1147 1012 Cyprio,
1173 960 1285 1000 cuius
1304 972 1448 1000 nomen
1469 958 1637 1013 Cinyras

146 1030 218 1080 est,
242 1029 268 1075 ἢ
291 1028 489 1069 dictatum
522 1028 826 1068 meretriculam
854 1028 1047 1068 Venerem
1081 1028 1268 1068 diuorum
1291 1028 1331 1068 in
1354 1039 1520 1068 numero
1543 1038 1636 1067 eon-

145 1097 371 1137 secratam?
412 1096 502 1148 quis
535 1108 579 1136 ex
612 1096 798 1148 reliquiis
820 1096 983 1149 Pelopis
1017 1099 1256 1147 conpactum
1289 1108 1373 1137 esse
1404 1095 1635 1136 Palladium
1653 1097 1703 1135 25

145 1164 354 1218 prodidit?
385 1176 461 1204 non
485 1166 583 1205 uos?
625 1164 713 1216 quis
746 1164 991 1217 Spartanum
1025 1164 1150 1205 fuisse
1181 1166 1387 1205 Martem?
1429 1176 1507 1204 non
1540 1163 1637 1215 Epi-

146 1233 333 1273 charmus
365 1234 505 1273 auctor
535 1234 700 1273 uester?
747 1233 836 1285 quis
870 1232 911 1274 in
944 1233 1142 1274 Thraciae
1172 1233 1321 1274 finibus
1353 1234 1637 1286 procreatum?

101 1320 131 1343 15
146 1314 224 1341 non
259 1299 472 1352 Sophocles
505 1301 672 1341 Atticus
712 1302 870 1341 cunct-is
911 1302 1260 1343 consentientibus
1303 1302 1503 1342 theatris?
1549 1300 1637 1353 quis

146 1369 354 1410 mensibus
395 1369 437 1409 iu
469 1369 646 1410 Arcadia
687 1369 818 1410 tribus
861 1372 899 1412 et
939 1370 1077 1410 decem
1119 1370 1338 1411 uinctum?
1389 1381 1466 1410 non
1508 1369 1638 1409 Melae

148 1438 329 1479 fluminis
371 1438 508 1479 filius?
555 1439 645 1490 quis
679 1439 714 1479 ei
754 1452 870 1480 canes
908 1438 911 1493 Ι
948 1441 997 1481 ab
1036 1438 1225 1482 Caribus.
1273 1440 1362 1491 quis
1395 1439 1442 1479 ab
1476 1438 1637 1491 Scythis
1652 1448 1730 1479 f.91

145 1507 278 1548 asinos
318 1508 553 1548 immolari?
600 1519 677 1547 11011
714 1508 996 1561 principaliter
1038 1521 1130 1549 cum
1162 1508 1305 1549 ceteris
1338 1507 1639 1559 Apollodorus?

147 1577 237 1629 quis
269 1577 367 1617 dum
399 1576 627 1629 genialibus
666 1577 840 1617 insultat
871 1576 1012 1617 alienis
1053 1576 1229 1617 haesisse
1261 1576 1302 1616 in
1334 1577 1489 1628 laqueis
1521 1576 1637 1615 inuo-

101 1646 311 1688 2olutum?
350 1657 428 1685 non
461 1645 741 1685 commentarii
773 1645 932 1685 uestri?
980 1657 1056 1685 11011
1091 1647 1287 1685 scaenae?
1336 1644 1532 1696 numquid
1564 1643 1639 1683 ali—

147 1715 302 1766 quando
335 1727 356 1754 a
388 1714 503 1754 nobis
535 1714 809 1765 conscriptum
842 1714 903 1754 est
936 1713 1250 1753 mercennariam
1282 1712 1374 1753 deos
1398 1712 1637 1752 seruitutem

147 1784 340 1831 seruisse,
381 1783 426 1822 ut
457 1782 677 1823 Herculem
710 1780 904 1822 Sardibus
944 1781 1094 1822 amoris
1137 1784 1175 1821 et
1214 1780 1464 1833 petulantiae
1504 1791 1637 1827 causa,

149 1852 193 1891 111
224 1851 401 1892 Admeto
424 1850 661 1902 Apollinem
686 1850 864 1892 Delium.
898 1851 943 1890 ut
967 1850 1231 1890 Laomedonti
1255 1850 1395 1890 Troico
1418 1849 1527 1889 Iouis
1559 1848 1639 1888 fra-

147 1920 264 1963 trem,
299 1922 343 1959 ut
376 1918 506 1959 eidem
537 1918 603 1959 sed
631 1930 722 1958 cum
754 1921 897 1970 patruo
919 1917 1131 1971 Pythium,
1164 1918 1210 1958 ut
1234 1917 1466 1971 coniugalia
1489 1917 1640 1957 secreta

102 2008 133 2031 ες,
147 1987 414 2028 miscentibus
446 1987 675 2027 Mineruam
700 1987 866 2027 luminis
896 1986 1131 2027 ministram
1154 1988 1194 2027 et·
1216 1986 1472 2027 lucernarum
1496 1985 1639 2025 modu—

148 2056 365 2096 latricem?
411 2067 540 2095 nonne
578 2056 649 2097 ille
688 2059 822 2095 uester
861 2061 921 2095 est
960 2056 1098 2096 uates.
1149 2055 1216 2107 qui
1249 2056 1426 2095 Martem
1467 2053 1561 2094 fecit
1601 2055 1640 2094 et

148 2123 345 2165 Venerem
369 2124 604 2164 mortalium
629 2124 815 2165 manibus
838 2124 1103 2164 uulneratos?
1127 2135 1204 2163 non
1223 2136 1267 2163 ex
1290 2122 1405 2163 uobis
1424 2121 1640 2175 Panyassis

287 2205 302 2237 1
330 2203 352 2236 1.
371 2214 399 2236 c.
424 2206 454 2243 2,
481 2204 523 2236 29
647 2204 668 2236 3
694 2203 717 2235 1.
737 2214 761 2235 c.
788 2204 819 2237 2.
845 2203 889 2236 30
1012 2203 1032 2236 9
1059 2203 1080 2237 l.
1100 2214 1126 2236 c.
1155 2205 1187 2238 2,
1211 2203 1254 2235 31
1381 2203 1422 2234 lo
1446 2200 1468 2233 l.
1488 2211 1516 2234 c.
1542 2201 1572 2240 2,
1602 2200 1642 2232 123

150 2261 192 2293 12
218 2261 240 2294 l.
267 2270 293 2293 c.
321 2260 351 2299 2,
377 2260 418 2293 4Ῑ
539 2260 580 2292 1ἓῖ
605 2260 627 2293 l.
656 2270 683 2293 c.
709 2260 740 2298 2,
767 2261 809 2292 29
925 2260 966 2292 21
995 2260 1015 2292 l.
1044 2270 1068 2292 c.
1096 2260 1127 2294 2,
1152 2260 1196 2293 :35
1310 2258 1353 2291 26
1379 2258 1402 2292 l.
1430 2268 1456 2290 c.
1482 2258 1513 2297 2,
1539 2257 1582 2289 36

192 2328 214 2361 4
239 2327 379 2371 pidarus
405 2328 438 2360 P
463 2337 543 2361 corr
568 2338 584 2360 c
724 2328 742 2360 7
768 2328 856 2360 nos?
882 2326 1192 2360 Nudam-amlius.-
1217 2336 1286 2359 non
1313 2326 1347 2359 P
1371 2336 1453 2358 num
1481 2324 1552 2358 &ab

148 2386 234 2418 nos?
266 2385 340 2428 nos]
367 2396 434 2417 non
462 2396 523 2418 uos
550 2385 645 2417 Salm
787 2384 963 2417 labernam
992 2385 1026 2416 ]›
1161 2384 1181 2415 9
1208 2382 1299 2415 filiae
1334 2382 1524 2416 canterus.
1557 2380 1642 2413 Urs.-

148 2442 240 2475 filias
268 2443 302 2475 1>
449 2441 663 2481 Megaclonis
690 2440 880 2475 (anterus.
913 2440 998 2473 Urs.-
1032 2440 1244 2483 meglaconis
1272 2440 1306 2472 Ι)
1456 2437 1643 2482 profitetur

152 2500 237 2533 Gel:
272 2499 475 2542 profitemur
500 2499 535 2531 P
669 2499 711 2530 11)
737 2498 917 2541 numquid!
946 2498 1022 2539 quis
1051 2498 1118 2531 Gel
1255 2496 1399 2539 Cinyras
1432 2495 1520 2528 Urs.-
1545 2493 1641 2537 cyni-

150 2568 203 2589 ras
231 2557 264 2589 P
418 2557 453 2589 11
484 2555 631 2588 ditatam
662 2554 727 2587 Gel
883 2555 923 2587 12
949 2554 1090 2596 reliquis
1118 2554 1152 2587 *P
1175 2563 1255 2586 corr
1281 2556 1308 2586 c*
1466 2553 1506 2585 13
1531 2561 1643 2583 nonne

150 2613 379 2657 Epicharmus
407 2613 477 2645 Sala
620 2612 660 2644 14
687 2611 839 2644 trachiae
867 2611 902 2643 (h
930 2611 1107 2653 expunxit
1133 2612 1166 2653 r)
1195 2610 1229 2643 P
1366 2610 1407 2643 143
1426 2609 1535 2642 Melae
1559 2607 1641 2641 Gel:

151 2669 247 2702 mille
268 2672 297 2702 l'
404 2670 444 2701 17
463 2669 558 2701 filius
582 2669 665 2701 (iel.-
683 2668 757 2701 filio
777 2669 810 2701 P
919 2668 1028 2711 scytis
1046 2669 1079 2699 P
1186 2668 1227 2700 19
1247 2667 1462 2709 genitalibus
1482 2666 1552 2699 Sao

150 2727 191 2760 21
220 2726 466 2759 mercenariam
485 2736 504 2758 o·
642 2726 686 2758 22
711 2725 905 2768 Omphalae
932 2724 1114 2757 Herculem
1142 2724 1326 2757 Meum—ius
1351 2723 1533 2757 Herculem
1561 2723 1642 2757 Om-

152 2783 274 2826 phalae
299 2783 316 2816 ?
431 2782 601 2816 Sardibus
627 2782 713 2815 ors:
731 2781 892 2815 sordibus
914 2782 945 2814 P
962 2781 1092 2814 sordidi
1113 2781 1183 2815 Sab
1300 2780 1346 2815 24
1364 2780 1501 2824 pytium
1521 2780 1555 2813 P

152 2841 353 2883 coniugalia
377 2841 413 2874 P
549 2840 594 2873 25
619 2839 885 2872 moderatricem
918 2838 1104 2874 Canterus.
1139 2838 1204 2872 Urs

289 2909 344 2942 lV.
1468 2907 1506 2939 11
