2032 3248
413 198 499 240 230
1047 195 1291 239 Appendix.

415 303 716 351 desperationem
739 302 970 349 caderemus,
1009 303 1041 340 si
1077 313 1159 340 cum
1182 302 1308 340 omnia
1340 304 1498 340 mortem
1529 305 1765 349 praesentem
1798 302 1923 341 inten-

414 374 510 418 tant,
534 372 727 410 horrorem
748 373 907 409 naturae
930 371 1172 410 senserimus,
1196 371 1269 408 nisi
1292 371 1391 409 0111111
1413 371 1564 409 adesset
1586 382 1718 409 sensus
1740 371 1922 419 dolorum,

415 440 512 478 nihil
549 441 708 478 haberet
748 440 969 478 admirabile
1003 441 1227 488 martyrium
1243 470 1251 486 ,
1292 441 1358 477 sed
1390 451 1568 488 superare
1601 440 1767 478 dolorem
1789 452 1924 478 corona

414 510 570 557 dignum
601 511 672 547 est.
709 509 862 562 horrere
897 511 1057 547 mortem
1094 511 1252 546 naturae
1289 511 1367 554 est,
1411 509 1561 547 uincere
1596 511 1772 547 naturam
1808 509 1923 547 animi

414 578 638 616 fortitudine
676 578 823 626 gratiae
860 580 928 617 est.
963 577 1088 616 omnia
1125 579 1251 625 potest
1272 578 1439 624 Paulus,
1482 579 1548 616 sed
1578 578 1617 615 in
1639 589 1680 616 eo
1703 577 1769 626 qui
1799 578 1952 625 ipsums

415 648 641 685 corroborat.
666 647 732 685 sed
754 646 892 695 quibus
923 646 1125 694 praesidiis
1157 646 1324 684 uincitur
1344 650 1502 684 naturae
1524 646 1752 685 infirmitas?
1791 647 1823 684 si
1857 658 1925 684 nos

418 717 519 754 totos
543 715 647 754 humi
668 718 952 764 prosternamus
966 746 975 762 ,
1015 717 1085 754 hoc
1116 718 1176 753 est
1198 716 1230 753 si
1252 715 1349 753 nihil
1371 715 1520 754 omnino
1543 716 1755 754 tribuamus
1778 715 1924 753 uiribus

416 784 571 831 nostris,
609 784 640 821 si
672 784 876 832 uigilemus
899 787 936 823 et
958 796 1108 823 oremus
1129 785 1333 832 instanter,
1371 785 1403 823 si
1425 787 1593 823 nostram
1613 784 1848 823 uoluntatem
1870 784 1924 821 di-

414 854 525 891 uinae
548 853 737 892 uoluntati
759 854 1026 892 submittamus
1049 854 1290 902 dicamusque
1322 854 1390 892 illa
1411 865 1454 891 ex
1477 854 1602 893 animo
1625 866 1669 892 ex
1691 855 1769 892 toto
1791 854 1922 892 corde:

414 924 642 960 transeat
673 922 752 960 hic
783 923 914 960 calix
946 923 987 960 si
1018 923 1134 961 fieri
1166 925 1352 971 potest,
1401 925 1481 962 sed
1526 923 1623 961 fiat
1668 935 1758 961 non
1798 922 1973 961 sicutm

415 1003 499 1039 ego
530 992 661 1037 uolo,
696 992 777 1029 sed
808 992 945 1030 sicut
974 998 1027 1030 tu
1059 993 1145 1030 uis.

346 1063 399 1100 15
474 1060 574 1098 Noui
596 1072 665 1109 ego
687 1072 730 1099 ac
750 1061 838 1098 fleui
860 1062 1042 1109 quosdam
1064 1073 1202 1109 magna
1231 1061 1347 1099 animi
1368 1061 1592 1100 fortitudine
1623 1061 1827 1110 praeditos,
1860 1061 1925 1109 qui

415 1129 490 1167 iam
512 1141 670 1168 coronae
692 1130 853 1178 proximi
877 1130 1096 1168 defecerunt
1118 1133 1156 1168 et
1178 1142 1289 1178 quem
1312 1131 1376 1167 diu
1397 1130 1562 1178 professi
1583 1130 1735 1168 fuerant
1755 1130 1924 1177 abnega-

414 1201 514 1238 runt.
551 1199 643 1248 quid
664 1199 737 1237 fuit
759 1200 797 1237 in
819 1202 960 1238 causa?
999 1199 1235 1238 dimouerant
1256 1200 1383 1238 oculos
1406 1211 1494 1238 suos
1516 1200 1563 1238 ab
1585 1210 1628 1238 οο
1651 1199 1716 1247 qui
1738 1199 1840 1237 solus
1862 1210 1924 1237 ro-

414 1269 485 1306 bur
526 1269 592 1306 dat
621 1269 802 1307 infirmis:
844 1268 1127 1307 intermiserant
1158 1268 1365 1307 orationem
1395 1280 1437 1306 ac
1459 1270 1661 1316 coeperant
1691 1268 1739 1306 ad.
1760 1268 1925 1306 humana
1942 1278 1973 1302 15
2031 1288 2032 1293 =

413 1337 606 1385 praesidia
641 1337 842 1385 respicere.
885 1338 1238 1384 contemplabantur
1260 1349 1348 1376 suae
1379 1340 1536 1376 naturae
1558 1337 1758 1383 uiriculas‚
1801 1337 1925 1376 consi-

415 1406 601 1445 derabant
622 1406 774 1445 aculeos
811 1407 975 1455 ungulas
997 1407 1202 1445 candentes
1240 1408 1401 1445 laminas
1437 1406 1580 1445 ferrum
1616 1408 1654 1445 et
1686 1406 1814 1454 ignem
1834 1406 1925 1444 reli-

415 1487 604 1523 quumque
627 1475 843 1514 carificinae
865 1478 1093 1523 apparatum
1114 1476 1230 1514 etiam
1251 1479 1406 1523 aspectu
1437 1476 1686 1522 horrendum,
1717 1478 1755 1513 et
1779 1475 1925 1513 crucia-

413 1546 521 1582 tuum
543 1544 781 1583 atrocitatem
802 1557 886 1583 cum
909 1545 988 1583 suis
1011 1545 1157 1583 uiribus
1179 1546 1436 1592 conferebant,
1461 1548 1498 1583 et
1513 1545 1595 1583 ideo
1613 1545 1812 1583 uictoriam
1829 1545 1924 1582 ami-

415 1615 546 1652 serunt
567 1624 586 1651 e
608 1613 796 1651 manibus.
820 1614 885 1652 ubi
908 1614 994 1662 quis
1015 1614 1070 1652 ita
1091 1615 1236 1662 cogitat
1257 1607 1342 1653 ‘hoc
1365 1626 1538 1662 possum,
1562 1614 1659 1651 illud
1680 1613 1827 1661 perpeti
1847 1625 1922 1651 non
1937 1625 1970 1649 20

413 1671 596 1729 possum'‚
619 1694 823 1730 numquam
844 1682 1008 1721 feliciter
1028 1685 1185 1732 peraget
1206 1683 1442 1732 martyrium.
1467 1683 1534 1721 sed
1555 1682 1620 1730 qui
1642 1694 1681 1722 se
1698 1684 1819 1721 totum
1841 1684 1923 1721 tra·
2028 1666 2032 1678 ⁴

413 1751 470 1789 dit
491 1751 642 1789 diuinae
664 1751 855 1790 uoluntati
876 1763 950 1790 non
971 1752 1046 1790 alio
1069 1755 1245 1800 spectans
1267 1764 1379 1800 quam
1396 1753 1443 1790 ad
1457 1752 1563 1790 illius
1580 1763 1701 1800 opem,
1724 1752 1756 1790 is
1773 1753 1924 1790 demum

413 1819 543 1856 firmus
566 1822 625 1857 est
648 1822 684 1857 et
706 1820 884 1858 inuictus.
929 1822 999 1859 hoc
1022 1823 1147 1859 autem
1170 1821 1251 1859 fieri
1274 1833 1348 1859 non
1369 1823 1508 1869 potest,
1550 1821 1624 1859 nisi
1646 1821 1747 1859 adsit
1768 1833 1858 1860 uera
1880 1832 1923 1859 ac

413 1888 545 1926 uiuida
566 1888 673 1935 fides,
712 1888 810 1926 nihil
833 1889 1041 1936 haesitans,
1066 1890 1163 1927 nihil
1184 1891 1422 1938 disquirens:
1460 1902 1506 1929 ne
1529 1890 1757 1939 cogitaueris
1780 1892 1923 1938 quanta

414 1957 466 1995 sit
487 1957 640 2006 tyranni
662 1958 843 2005 saeuitia,
867 1961 1010 2006 quanta
1032 1959 1198 1997 hominis
1220 1960 1478 2006 imbecillitas,
1516 1961 1582 1998 sed
1607 1961 1749 2008 quanta
1772 1959 1823 1997 sit
1846 1959 1920 1997 Do·
1937 1966 1969 1991 25

412 2026 506 2064 mini
529 2027 664 2075 uirtus,
687 2027 751 2075 qui
773 2029 895 2066 certat
916 2039 959 2066 ac
981 2028 1075 2066 uicit
1096 2028 1134 2065 in
1155 2029 1334 2066 membris
1357 2028 1449 2066 suis.

346 2098 398 2138 16
471 2096 573 2144 Ergo
594 2098 637 2134 ut
658 2108 681 2134 a
702 2096 938 2144 digressione
974 2097 1211 2135 reflectamus
1248 2099 1295 2136 ad
1334 2098 1372 2135 id
1411 2099 1509 2146 quod
1538 2100 1620 2136 erat
1659 2099 1920 2143 constitutum,

413 2165 724 2213 quemadmodum
746 2165 897 2203 Domini
918 2177 1018 2204 mors
1039 2167 1229 2215 potentior
1250 2168 1331 2205 erat
1352 2179 1464 2215 quam
1488 2167 1579 2213 uita,
1603 2167 1657 2205 ita
1678 2166 1799 2205 uoluit
1820 2178 1920 2203 mar-

412 2235 538 2282 tyrum
561 2245 714 2272 suorum
735 2236 893 2273 mortem
916 2246 996 2273 esse
1018 2237 1220 2283 potentem.
1254 2236 1344 2283 quid
1366 2236 1466 2274 enirn
1488 2236 1675 2274 infirmius
1702 2247 1813 2283 quam
1836 2235 1919 2272 uin-

413 2301 484 2339 ciri
505 2303 676 2341 damnari
712 2303 818 2342 caedi
840 2303 998 2342 cruciari
1019 2303 1138 2342 occidi
1160 2306 1198 2342 et
1219 2306 1267 2342 ad
1289 2304 1474 2343 carnificis
1506 2304 1704 2342 arbitrium
1739 2304 1918 2351 praebere
1936 2314 1970 2338 30

412 2373 576 2418 corpus?
599 2372 690 2410 haec
711 2371 857 2420 species
879 2372 1068 2410 interdum
1090 2373 1386 2412 misericordiam
1407 2375 1533 2411 mouet
1554 2373 1668 2411 etiam
1687 2372 1921 2411 saeuissimis

413 2439 597 2487 tyrannis
636 2452 766 2479 uerum
809 2440 872 2478 ubi
902 2440 977 2479 iam
999 2442 1046 2479 ad
1067 2444 1311 2480 monumenta
1331 2444 1539 2491 martyrum
1571 2441 1766 2489 pelluntur
1786 2441 1920 2485 morbi,

414 2507 569 2555 rugiunt
586 2509 799 2556 daemones,
816 2512 1009 2548 terrentur
1024 2512 1262 2559 monarchae,
1286 2512 1485 2550 coruscant
1501 2511 1696 2557 miracula,
1721 2511 1922 2549 concidunt

414 2575 534 2614 idola:
577 2579 659 2615 tum
693 2581 852 2627 apparet
887 2591 1000 2628 quam
1037 2580 1089 2618 sit
1123 2580 1257 2619 efficax
1288 2593 1332 2619 ac
1363 2582 1497 2629 potens
1518 2583 1728 2629 martyrum
1750 2580 1918 2628 sanguis.

412 2656 589 2692 praese
602 2646 706 2684 ntia
738 2647 961 2695 infirma,
994 2649 1238 2696 epistolae
1269 2660 1470 2697 graues,
1504 2646 1653 2687 audiuit
1675 2648 1917 2687 beatissimus
1935 2658 1969 2683 35

508 2821 550 2854 10
576 2821 658 2855 Luc.
684 2823 738 2862 22,
764 2824 819 2857 42.
962 2824 1006 2858 35
1031 2823 1067 2857 ΙΙ
1095 2824 1172 2859 Cor.
1201 2824 1253 2865 10,
1281 2825 1333 2858 10.
