2032 3248
334 217 408 254 152
960 209 1206 254 Appendix.

344 533 465 595 ΧΠ.
519 532 615 595 DE
669 532 1053 596 DVODEGIM
1096 529 1451 596 ABVSIVIS
1498 531 1831 597 SAECVLI.

936 812 1241 851 PRAEFATIO.

381 915 593 969 Duodecim
623 929 784 968 abusiua
815 930 905 967 sunt
939 928 1093 967 saeculi.
1131 930 1202 968 hoc
1239 931 1318 967 est:
1358 929 1511 977 sapiens
1543 930 1624 967 sine
1657 928 1849 977 operibus,

327 1011 442 1038 senex
464 1000 545 1038 sine
568 996 774 1047 religione,
805 998 1031 1037 adulescens
1055 999 1137 1037 sine
1154 998 1416 1046 oboedientia,
1447 999 1554 1037 diues
1577 998 1658 1037 sine
1681 999 1847 1037 eleemo-

325 1082 441 1119 syna,
473 1069 614 1108 femina
644 1068 725 1107 sine
756 1067 965 1116 pudicitia,
988 1067 1165 1106 dominus
1197 1068 1279 1107 sine
1301 1069 1469 1116 uirtute,
1493 1067 1726 1107 christianus
1756 1076 1874 1107 con-5

324 1139 536 1187 tentiosus‚
559 1150 704 1187 pauper
731 1138 941 1187 superbus,
965 1149 1031 1177 rex
1051 1138 1229 1187 iniquus,
1252 1139 1455 1188 episcopus
1477 1139 1708 1187 neglegens,
1738 1138 1847 1186 plebs

328 1209 409 1247 sine
431 1208 646 1258 disciplina,
684 1207 847 1258 populus
871 1208 953 1247 sine
974 1207 1074 1257 lege.
1099 1208 1154 1248 sic
1191 1208 1399 1248 suffocatur
1440 1207 1611 1247 iustitia:
1643 1208 1736 1246 haec
1759 1209 1847 1246 sunt

327 1279 525 1318 duodecim
541 1278 702 1317 abusina
719 1277 862 1317 saeculi
877 1290 944 1327 per
961 1289 1058 1327 quae
1079 1278 1222 1317 saeculi
1238 1280 1336 1326 rota,
1360 1277 1393 1316 si
1414 1277 1454 1316 in
1476 1277 1541 1316 illo
1564 1277 1721 1324 fuerint,
1745 1278 1846 1316 deci—

325 1347 430 1397 pitur
457 1349 496 1386 et
517 1349 565 1386 ad
586 1348 724 1387 tartari
753 1348 933 1403 tenebras
964 1347 1069 1386 nullo
1099 1348 1329 1396 impediente
1361 1347 1535 1386 iustitiae
1566 1346 1749 1395 suffragio
1781 1359 1847 1395 per

325 1416 467 1455 iustum
489 1417 558 1455 Dei
580 1417 763 1456 iudicium
782 1418 946 1456 rotatur.
1862 1434 1895 1458 ιο

751 1542 966 1580 SAPIENS
999 1542 1116 1581 SINE
1148 1542 1373 1580 OPERIBV
1376 1543 1412 1582 S.

287 1652 307 1688 1
386 1650 514 1688 Primo
537 1650 619 1688 sine
640 1649 750 1688 bonis
771 1648 948 1697 operibus
969 1647 1124 1696 sapiens
1141 1650 1179 1686 et
1199 1648 1440 1696 praedicator
1458 1648 1491 1686 si
1512 1647 1640 1695 fuerit,
1664 1648 1730 1696 qui
1747 1648 1847 1695 quod

328 1731 497 1758 sermone
534 1720 663 1766 docet,
695 1718 844 1758 actibus
872 1719 1024 1766 explere
1068 1717 1251 1766 neglegit.
1290 1718 1483 1756 auditores
1513 1717 1616 1755 enim
1652 1716 1847 1756 doctrinae

327 1789 429 1827 (11013
459 1790 727 1835 contemnunt,
764 1800 848 1827 cum
877 1787 1154 1836 praedicatoris
1189 1799 1304 1835 opera
1334 1800 1355 1825 a
1383 1786 1680 1835 praedicationis
1719 1787 1846 1826 uerbis

324 1857 540 1905 discrepare
563 1858 823 1905 conspiciunt:
854 1869 1061 1905 numquam
1082 1858 1182 1895 enim
1203 1857 1246 1895 fit
1268 1857 1403 1895 efficax
1425 1856 1682 1904 praedicantis
1713 1858 1843 1895 aucto·
1861 1868 1893 1892 15

324 1927 433 1975 ritas,
456 1926 531 1965 nisi
553 1939 635 1966 eam
657 1928 795 1966 effectu
815 1927 940 1975 operis
962 1927 1066 1966 cordi
1087 1926 1265 1966 adfixerit
1286 1927 1489 1974 audientis,
1512 1926 1740 1975 praesertim
1762 1938 1846 1964 cum

324 1998 363 2035 et
384 1996 463 2045 ipse
486 1997 628 2044 doctor,
653 1997 685 2035 si
702 1996 742 2034 in
757 1996 938 2035 uitiorum
955 2008 1119 2035 amorem
1138 1997 1317 2044 delapsus
1348 1996 1478 2043 fuerit,
1501 1995 1660 2034 alterius
1678 1996 1844 2034 doctoris

322 2066 637 2105 medicamentum
665 2066 744 2104 suis
774 2066 997 2105 uulneribus
1036 2066 1216 2105 adhibere
1247 2066 1515 2114 paruipendat.
1554 2067 1653 2104 unde
1691 2067 1729 2103 et
1763 2065 1842 2112 ipse

322 2134 506 2174 Dominus
527 2136 567 2173 in
588 2135 786 2184 euangelio
827 2136 873 2174 de
909 2135 1081 2175 doctrina
1103 2135 1246 2183 pariter
1283 2137 1320 2174 et
1356 2136 1452 2173 bono
1489 2145 1600 2183 opere
1637 2134 1843 2182 discipulos

415 2339 551 2384 Incipit
575 2339 618 2373 de
642 2338 829 2374 duodecim
855 2338 1017 2373 abusiuis
1044 2338 1179 2373 saeculi
1211 2339 1256 2379 G,
1288 2338 1425 2382 Incipit
1457 2338 1611 2383 epistula
1638 2339 1753 2372 sancti
1779 2339 1845 2382 Cy-

325 2396 441 2440 priani
465 2397 634 2442 martyris
664 2397 705 2439 V,
739 2396 877 2442 Incipit
908 2396 1054 2431 libellus
1081 2396 1198 2432 sancti
1223 2396 1384 2441 Cipriani
1410 2396 1567 2441 episcopi
1593 2396 1635 2430 de
1659 2395 1845 2430 duodecim

323 2454 483 2489 abusiuis
509 2456 641 2490 saeculi
658 2457 703 2490 X.
733 2476 774 2481 —
801 2456 821 2490 7
847 2455 910 2501 sic]
938 2455 1069 2500 quibus
1100 2455 1135 2489 V
1224 2455 1324 2500 haec]
1351 2455 1446 2490 enim
1464 2455 1549 2490 add.
1574 2454 1607 2489 G
1624 2466 1651 2490 s.
1669 2455 1694 2490 Z.
1709 2466 1754 2489 m.
1774 2457 1799 2489 1?

321 2512 343 2546 8
368 2523 429 2557 per
453 2523 541 2557 quae
566 2515 698 2548 saeculi
724 2525 789 2549 om.
819 2513 861 2548 X
952 2513 1065 2548 fuerit
1096 2513 1130 2547 V
1222 2514 1243 2548 9
1269 2513 1439 2558 suffragio
1465 2524 1532 2548 om.
1567 2513 1599 2547 V
1693 2513 1734 2547 11
1762 2524 1788 2546 S.
1818 2526 1844 2547 s.

321 2570 485 2614 operibus
511 2571 614 2606 bonis
647 2572 691 2614 G,
716 2584 743 2607 s.
770 2584 797 2606 s.
823 2572 926 2607 bonis
951 2571 1118 2616 operibus
1145 2571 1184 2605 X
1191 2585 1203 2615 ,·
1228 2583 1295 2607 om.
1322 2573 1416 2607 hanc
1442 2575 1475 2606 et
1500 2572 1660 2616 reliquas
1685 2572 1844 2615 inscrip-

320 2628 435 2663 tiones
465 2628 518 2663 Vv
613 2630 656 2664 12
682 2630 809 2676 primo]
836 2631 972 2675 primus
999 2629 1183 2664 abusionis
1209 2629 1342 2675 gradus
1368 2631 1422 2664 est
1450 2630 1480 2663 si
1506 2641 1527 2664 υ
1628 2630 1659 2664 si
1685 2641 1751 2665 om.
1778 2642 1799 2665 1·

322 2685 367 2720 14
390 2685 489 2720 dicta
514 2686 627 2721 facere
651 2699 673 2723 v
844 2689 888 2723 15
912 2688 968 2733 fit]
994 2688 1038 2722 fit
1063 2689 1138 2722 tam
1170 2687 1206 2723 V
1382 2687 1637 2733 praedicantis]
1665 2688 1842 2723 constitu-

321 2743 417 2778 entis
442 2755 463 2779 v
573 2745 616 2780 16
643 2746 734 2791 eam]
760 2746 871 2781 etiam
904 2746 938 2780 V
1050 2746 1180 2780 affectu
1213 2745 1359 2781 G¹V¹X
1475 2746 1518 2780 17
1545 2746 1575 2779 si
1599 2745 1631 2780 G
1647 2756 1674 2781 s.
1693 2746 1715 2781 l.
1736 2757 1780 2780 m.
1800 2748 1844 2786 2;

323 2801 355 2835 si
380 2802 417 2835 in
442 2812 508 2836 om.
541 2802 575 2836 V
725 2815 843 2839 amore
870 2803 909 2838 X
1075 2803 1238 2848 dilapsus
1270 2803 1339 2839 ΘΧ
1504 2804 1547 2837 18
1572 2803 1736 2838 adhiberi
1768 2803 1801 2837 V

322 2859 552 2904 paruipendit
577 2860 636 2895 Xe:
778 2862 821 2897 19
846 2861 900 2906 de]
927 2872 1007 2896 cum
1033 2861 1075 2895 de
1106 2861 1141 2896 V
