2032 3248
587 226 820 261 uerborum
845 229 887 261 et
912 226 1190 262 locutionum

159 343 264 376 uiuae
297 340 458 385 regiones
495 339 613 382 63,18
653 339 716 374 isti
747 339 860 374 diuini

160 398 294 440 115,17
344 396 518 431 diuinitas
554 395 754 431 diuinorum
787 407 859 431 om-

159 455 259 489 nium
285 464 522 499 quaecumque
555 456 640 488 sunt
666 454 739 495 113,
757 454 779 488 4
808 453 860 488 di-

157 512 275 546 uinius
299 512 354 553 23,
375 512 415 545 17

112 569 305 604 diuisiones
329 583 372 599 =
390 568 558 609 rationes,
585 567 860 612 aryumentatio-

159 636 224 660 nes
249 626 333 667 76,9

112 683 319 718 diurnorum
343 684 483 727 egestas
506 681 562 723 80,
582 682 621 716 17

114 739 372 774 diuturnitates
397 739 579 783 signorum
603 739 680 779 228,
699 739 720 771 8

117 797 222 832 datus
248 797 361 841 quieti
385 796 438 838 65,
460 794 501 829 10

116 854 274 889 doctores
300 853 416 887 nostri
446 852 520 892 151,
538 853 559 887 5
590 851 730 887 altioris
756 851 860 885 intel-

158 910 334 955 legentiae
358 910 514 944 doctores
533 909 607 951 120,
621 909 642 943 3

113 968 322 1002 documenta
361 968 418 1009 (Ξ
455 966 678 1011 maqisteria)
719 965 859 1000 deorum

158 1025 237 1068 201,
258 1025 299 1058 12

114 1082 187 1117 doli
213 1082 390 1116 furtorum
417 1081 491 1121 164,
508 1080 553 1114 30

113 1138 295 1174 intestinis
320 1141 356 1173 et
381 1137 585 1171 domesticis
611 1137 667 1178 (Ξ
684 1136 758 1170 suis
775 1145 860 1179 pro-

156 1197 262 1241 priis)
288 1194 430 1230 flatibus
455 1194 532 1231 221,
550 1194 593 1228 29

113 1254 293 1288 domicilia
325 1251 524 1287 morborum
558 1252 615 1294 (de
645 1250 860 1295 hominibus)

157 1311 235 1354 245,
252 1311 294 1345 27

113 1368 291 1403 dominica
315 1368 395 1402 aula
422 1367 538 1410 75,10
579 1366 754 1401 dominica
785 1375 860 1410 pro-

159 1426 209 1460 les
237 1426 289 1467 77,
307 1426 351 1460 22
377 1425 573 1459 dominicae
597 1424 695 1458 sedes
721 1423 777 1466 69,
796 1423 814 1456 7

113 1483 275 1517 dominus
300 1484 479 1517 uirtutum
505 1482 663 1515 omnium
687 1481 742 1522 46,
761 1479 804 1514 22

113 1540 253 1574 domum
278 1539 437 1574 custodes
464 1540 538 1580 139,
555 1539 577 1573 3

114 1598 241 1631 donare
266 1597 359 1632 caelo
378 1596 624 1640 sideribusque
647 1595 702 1637 24,
722 1595 761 1628 17
788 1604 861 1638 pec-

159 1654 338 1689 catoribus
362 1654 493 1688 delicta
519 1654 648 1687 donare
672 1652 749 1693 243,
768 1652 789 1686 8

114 1712 340 1746 dormitionis
366 1711 521 1745 altitudo
551 1710 626 1753 182,
648 1709 687 1742 14

114 1768 311 1802 dubitabile
337 1768 446 1801 facere
472 1767 526 1807 33,
545 1767 588 1800 22

117 1826 238 1859 «lucere
270 1825 378 1858 festos
404 1824 477 1857 dies
504 1826 537 1857 et
563 1821 758 1856 hilaritatis
790 1821 861 1864 ple-

159 1882 324 1916 nissimas
350 1881 553 1924 uoluptates
579 1879 656 1918 277,
674 1878 719 1912 30
750 1877 861 1922 quali-

159 1941 275 1973 tatum
302 1938 493 1971 distantias
519 1936 647 1980 quibus
680 1946 719 1969 ex
753 1934 862 1968 ratio-

163 1997 267 2029 nibus
293 1995 423 2029 ducant
449 1995 503 2029 96.
521 1995 542 2028 2
568 1994 605 2027 in
631 1993 762 2035 species
782 1991 862 2025 duci

159 2054 236 2094 226,
258 2054 295 2086 14

120 2110 251 2144 duelles
277 2125 317 2139 ἶ
343 2110 457 2142 hostes
486 2109 534 2146 13,
553 2109 574 2141 8

118 2168 151 2200 in
171 2166 364 2210 uoluptatis
383 2176 463 2199 suae
480 2164 698 2198 dub-edinen]
727 2164 802 2205 129,
823 2165 863 2199 19
894 2192 895 2197 ,

117 2223 308 2267 dupliciter
334 2238 375 2252 z
401 2222 586 2266 alleyorice
611 2222 688 2255 206.
711 2221 751 2253 13

117 2281 236 2314 durati
274 2280 307 2313 in
355 2280 424 2313 oris
461 2279 599 2312 taetriei
638 2280 862 2322 asperitatem

163 2338 237 2372 151.
256 2337 276 2368 ἴ)

119 2394 271 2427 duritiae
297 2394 451 2426 semirosi
480 2393 580 2436 panis
606 2392 682 2434 228,
700 2393 743 2426 25

119 2450 221 2484 robus
247 2451 344 2484 (luris
383 2450 497 2490 :3:216
539 2449 644 2482 durus
680 2452 783 2494 atque
809 2451 861 2483 in-
894 2450 896 2473 ²

164 2508 324 2541 credulus
357 2509 475 2546 531,15
517 2508 684 2541 increduli
719 2510 753 2540 et
785 2507 862 2540 duri

163 2567 217 2599 30.
236 2566 272 2598 14

165 2792 241 2831 ⁶254,
262 2793 301 2825 13
327 2792 490 2825 animalis
517 2804 532 2824 e
558 2792 670 2835 cipite
697 2791 788 2824 luere
805 2792 861 2824 de-

166 2848 277 2882 bitum
297 2849 373 2885 252.
397 2850 434 2882 13
460 2860 496 2881 ex
517 2848 627 2882 viuere
646 2848 743 2882 caldo
762 2849 860 2892 glan·
892 2835 895 2872 Ι

1589 232 1672 274 319

970 340 1029 375 des
1054 343 1117 376 aut
1141 352 1180 376 ex
1206 342 1313 376 ramis
1344 343 1544 387 agrestibus
1570 343 1671 378 bacu-

970 398 1023 432 lae
1049 398 1103 440 65,
1129 399 1169 433 19
1208 410 1247 434 ex
1278 399 1406 434 amoris
1439 400 1565 435 incesti
1591 411 1672 435 con-

969 455 1200 490 taminatione
1237 456 1374 500 polluta
1414 458 1488 500 154,
1511 458 1525 491 1
1575 457 1672 492 heiu-

969 511 1103 546 lantem
1140 523 1181 547 ex
1217 513 1429 548 cruciatibus
1454 515 1587 558 asperis
1617 516 1672 557 86,

969 568 1014 602 28
1039 579 1108 603 non
1145 571 1286 603 tantum
1315 570 1409 604 ferro
1434 570 1601 606 dimicare
1638 573 1673 606 et

970 624 1126 666 uiribus,
1162 637 1282 660 uerum
1315 628 1462 661 etiam..
1479 640 1531 662 .ex
1556 639 1673 664 recon-

970 681 1058 715 ditis
1084 682 1284 727 disciplinis
1310 683 1340 723 7,
1362 684 1402 717 18
1433 685 1607 719 madidari
1633 697 1673 720 ex

970 738 1142 773 imbribus
1156 740 1188 781 4,
1203 739 1246 773 24
1271 751 1309 774 ex
1327 741 1511 776 incudibus
1529 744 1563 776 et
1584 743 1673 777 mal-

970 795 1034 829 leis
1060 799 1146 830 nata
1170 797 1247 837 226,
1269 798 1310 831 15
1341 809 1379 831 ex
1404 799 1540 832 malleis
1565 799 1674 834 fabri-

971 854 1066 887 catos
1080 854 1134 895 26,
1151 854 1188 887 11
1216 857 1383 898 perpetuo
1397 855 1529 899 agitari
1545 867 1561 890 e
1575 859 1674 891 motu

975 910 1048 951 180,
1069 910 1110 944 12
1146 911 1262 945 uexari
1289 911 1337 945 rei
1363 912 1515 947 alicuius
1540 923 1558 947 e
1575 915 1673 948 motu

970 967 1109 1009 241,16
1149 978 1188 1001 ex
1220 968 1387 1003 odoribus
1421 970 1593 1004 morbidis
1618 981 1673 1005 re-

970 1024 1091 1068 giones
1118 1026 1340 1059 consauciare
1366 1026 1501 1061 uicinas
1535 1028 1613 1068 251,
1630 1027 1675 1062 20

971 1091 1011 1114 ex
1035 1081 1123 1115 oliui
1141 1083 1298 1127 unguine
1317 1083 1535 1118 sordidatum
1559 1084 1614 1127 26,
1634 1085 1675 1119 13

972 1139 1131 1172 saturare
1146 1149 1163 1172 e
1176 1139 1328 1183 panibus
1338 1140 1392 1183 30,
1404 1141 1445 1174 13
1470 1151 1585 1174 eorum
1600 1152 1675 1175 sus·

974 1194 1081 1228 tineri
1106 1207 1123 1229 e
1148 1200 1251 1240 pastu
1276 1196 1353 1240 240,
1370 1197 1392 1231 4
1431 1198 1529 1231 fumo
1554 1199 1616 1231 aut
1635 1208 1675 1232 ex

971 1251 1108 1286 roribus
1125 1253 1259 1297 exiguis
1284 1254 1358 1287 uini
1384 1254 1460 1295 270,
1483 1254 1524 1288 10
1548 1265 1564 1288 e
1583 1255 1675 1288 saxis

972 1311 1006 1343 et
1023 1309 1171 1353 rupibus
1184 1311 1303 1354 tegere
1316 1312 1351 1344 et
1365 1311 1582 1345 communire
1600 1322 1675 1346 sus-

973 1366 1091 1409 pensis
1116 1366 1169 1408 62,
1187 1368 1208 1401 6
1240 1378 1277 1401 ex
1303 1367 1441 1402 residuo
1467 1369 1595 1412 spiritu
1621 1380 1675 1403 ex-

973 1423 1146 1457 sultantia
1160 1424 1263 1458 corda
1277 1424 1353 1465 240,
1371 1425 1414 1458 22
1439 1436 1478 1458 ex
1492 1425 1562 1459 leui
1575 1428 1675 1461 tactu

973 1483 1065 1514 stare
1090 1481 1143 1521 29,
1163 1481 1206 1515 27
1232 1492 1270 1515 ex
1296 1492 1330 1515 se
1357 1482 1443 1515 scire
1468 1482 1522 1523 88,
1543 1482 1585 1516 10

928 1537 1112 1571 edentulus
1140 1538 1213 1579 121,
1233 1538 1251 1571 7

929 1593 1031 1628 nobis
1057 1594 1191 1628 editum
1217 1595 1376 1628 traditur
1403 1595 1478 1637 162,
1496 1595 1517 1628 6

927 1651 1113 1685 edisserere
1138 1651 1233 1685 uiam
1260 1652 1334 1692 199,
1353 1652 1397 1685 23

927 1708 1134 1743 edissertare
1173 1710 1228 1752 38,
1253 1710 1296 1743 22
1336 1709 1546 1743 edissertate
1583 1709 1675 1751 23,9

975 1775 1036 1799 uos
1068 1765 1291 1808 edissertate,
1323 1777 1385 1800 uos
1418 1766 1525 1800 dicite
1560 1767 1633 1807 189,
1653 1768 1673 1798 3

972 1822 1180 1856 edissertate
1206 1826 1240 1856 et
1273 1823 1379 1856 dicit-³
1410 1823 1464 1864 47,
1483 1824 1512 1857 6.
1547 1823 1601 1862 94,
1620 1824 1674 1856 20.

971 1879 1014 1912 23
1055 1879 1261 1912 edissertate
1287 1879 1387 1912 nobis
1412 1882 1448 1914 ct
1473 1879 1579 1913 dicite
1597 1880 1674 1921 258,

971 1936 1015 1970 20
1062 1936 1277 1976 edissertate,
1316 1938 1510 1970 monstrate
1535 1937 1674 1980 205,14

927 1994 1044 2027 efferre
1074 2008 1117 2023 =
1141 1993 1326 2036 publicare
1347 1994 1421 2036 168,
1441 1994 1483 2027 26
1526 1995 1674 2027 formam

971 2050 1067 2083 Iouis
1103 2050 1286 2084 molimine
1322 2050 1434 2094 operis
1459 2051 1577 2084 efferre
1612 2052 1674 2084 im-

973 2107 1084 2141 mensi
1110 2107 1185 2147 225,
1206 2108 1242 2140 11
1285 2107 1407 2141 efferre
1432 2110 1563 2141 stratas
1592 2107 1667 2141 des-

974 2164 1152 2208 peratione
1178 2164 1339 2198 fortuna<
1365 2165 1443 2205 283,
1460 2165 1503 2198 29
1545 2165 1674 2198 lamen-

973 2221 1117 2254 tabilem
1131 2221 1251 2255 efferre
1266 2222 1425 2263 uagritum
1437 2222 1490 2258 22,
1503 2223 1546 2255 25
1570 2222 1674 2256 sacri-

974 2278 1069 2321 legia
1088 2279 1180 2311 elata
1199 2278 1398 2311 sublimiter
1426 2280 1499 2319 168,
1522 2280 1559 2312 11
1589 2282 1675 2312 tem-

974 2335 1032 2378 pla
1050 2335 1261 2368 sublimibus
1288 2336 1380 2368 elata
1398 2335 1556 2379 fastigiis
1585 2336 1636 2376 19,
1657 2337 1671 2369 1

929 2392 1147 2426 efferuescere
1192 2407 1232 2421 z
1263 2394 1400 2437 augleri)
1428 2393 1674 2436 prodigialiter

975 2461 1087 2482 mures
1113 2452 1146 2482 et
1166 2449 1318 2482 locustas
1348 2450 1397 2485 12,
1421 2450 1460 2482 18

928 2506 1060 2539 elli-ere
1097 2506 1251 2539 actiones
1278 2507 1442 2539 frustrari
1476 2507 1567 2547 :31ss
1609 2507 1671 2540 irn-

973 2574 1139 2596 memores
1178 2564 1342 2596 ueritatis
1380 2564 1521 2596 ‹ssiteta-2
1561 2564 1611 2602 79,
1629 2564 1672 2596 28

893 2644 894 2666 5
926 2620 1063 2653 efflat-ae
1089 2620 1224 2653 animm·
1250 2621 1304 2659 30,
1325 2621 1365 2652 1ss

893 2685 895 2715 ξ
928 2677 1005 2710 inde
1024 2677 1159 2710 effluxit
1176 2680 1213 2710 ut
1233 2677 1303 2712 175.
1319 2677 1363 2709 20
1388 2676 1510 2710 abhoc
1524 2676 1673 2710 effluunt

120 2735 282 2767 animalis
308 2746 324 2769 e
358 2736 471 2779 eapite
502 2735 658 2768 debiturn
693 2734 861 2778 complere
892 2737 895 2746 ¹

973 2745 1096 2767 causae
1128 2735 1177 2776 19,
1195 2735 1233 2767 31

927 2791 1111 2824 effusiones
1140 2791 1339 2833 pluuiarum
1369 2791 1481 2831 10,13
1524 2791 1671 2823 telorum

971 2848 1024 2888 46,
1043 2851 1063 2880 9
