2032 3248
455 232 510 265 Dc
535 229 868 273 singularitate
894 228 1163 261 clericorum
1190 237 1216 260 c.
1244 227 1287 261 33
1307 226 1389 260 —36.
1585 229 1662 268 211

178 341 216 375 ut
239 337 301 385 qui
324 338 416 374 bene
440 347 551 383 agere
574 335 788 373 laboramus
820 334 918 371 inter
940 333 1109 370 luxurias
1131 344 1332 380 euagemur
1355 335 1391 370 et
1414 332 1668 369 discurramus

175 418 239 454 per
275 406 427 442 semitas
466 406 722 452 peccatorum,
769 402 980 440 retinacula
1012 402 1247 439 dimittamus
1280 404 1317 438 et
1349 402 1455 439 frena
1487 401 1667 439 laxemus.

174 485 302 511 eamus
325 484 554 520 quacumque
576 484 642 509 nos
665 472 824 508 mundus
845 470 1048 508 abstulerit
1070 473 1107 507 et
1130 471 1351 517 ubicumque
1375 471 1544 508 diabolus
1568 471 1668 508 inui-

176 543 335 587 tauerit,
373 542 489 578 libere
525 541 750 578 fornicemur
787 540 1022 576 inuideamus
1060 539 1249 585 rapiamus
1286 539 1521 585 fraudemus,
1547 540 1671 577 omnia

146 624 160 648 t>
176 612 275 649 mala
306 611 427 649 securi
459 610 755 648 committamus:
798 608 1021 657 martyrium
1055 608 1252 646 subueniet
1290 610 1327 645 et
1364 609 1576 645 euademus.
1618 608 1672 647 sic

175 680 274 717 enim
297 680 437 717 Paulus
460 679 652 726 apostolus
675 678 892 726 pollicetur:
936 677 1172 715 faciamus
1216 677 1340 715 mala
1381 678 1430 714 ut
1471 677 1672 715 ueniant

176 749 314 786 bona:
337 759 532 796 quorum
555 747 796 785 damnatio
819 747 953 784 iusta
975 748 1060 785 est.
1084 746 1170 783 huic
1192 745 1372 794 martyrio
1394 757 1499 794 spem
1520 746 1673 783 tradant

177 828 269 863 quos
291 816 549 854 mathematici
571 817 776 854 docuerunt
798 815 934 853 habere
973 816 1016 852 de
1048 815 1212 852 crastino
1235 814 1525 862 praescientiam
1547 818 1583 852 et
1604 815 1672 852 has

179 897 334 923 coronas
371 887 567 932 expectent
598 884 662 932 qui
693 896 807 931 supra
828 884 983 931 angelos
1015 885 1053 921 et
1076 883 1263 921 Christum
1292 895 1356 930 per
1378 883 1591 930 astrologos
1613 884 1671 921 di-

131 965 163 990 10
178 953 349 991 dicerunt
371 954 466 992 scire
488 956 657 1001 tempora
679 965 772 1001 quae
795 942 903 1001 p‘ater
925 953 962 989 in
980 964 1047 990 sua
1069 953 1195 1000 posuit
1217 954 1418 1000 potestate,
1439 954 1480 989 ut
1501 952 1562 989 uel
1584 954 1674 990 tunc

177 1024 418 1060 recordentur
439 1025 525 1060 ante
547 1023 716 1071 martyrii
739 1024 887 1070 tempus
908 1022 1003 1060 bene
1025 1032 1138 1069 agere
1161 1021 1347 1067 debuisse,
1371 1033 1454 1059 cum
1476 1022 1574 1058 diem
1596 1021 1673 1059 Do-

178 1091 269 1128 mini
291 1092 476 1129 senserint
499 1091 596 1129 sicut
617 1092 749 1128 furem.
782 1092 848 1129 sed
870 1091 1066 1128 credamus
1097 1102 1209 1138 super
1242 1090 1326 1128 illos
1358 1090 1579 1138 martyrium
1602 1090 1675 1127 iam

176 1159 323 1206 iamque
345 1161 520 1207 pendere.
544 1159 695 1197 interim
717 1160 938 1207 priusquam
960 1161 1144 1207 martyres
1166 1159 1271 1205 fiant,
1294 1159 1444 1206 legibus
1467 1159 1674 1204 subiacent,

178 1230 219 1265 ut
241 1228 378 1266 iudicio
400 1229 647 1273 subiciantur,
670 1228 744 1266 nisi
766 1229 879 1266 armis
902 1230 1154 1266 exarmentur.
1178 1229 1355 1265 audaciae
1378 1228 1482 1264 nefas
1506 1230 1563 1265 est
1595 1228 1675 1265 illis

130 1312 162 1336 15
180 1298 362 1334 aduersus
384 1298 646 1335 auctoritatem
669 1298 817 1334 Domini
839 1300 1038 1345 parentum
1055 1308 1234 1345 personas
1253 1297 1417 1334 obicere:
1442 1296 1577 1343 quibus
1595 1296 1675 1343 ipse

184 1365 366 1403 Dominus
388 1366 696 1404 contradictionis
718 1367 830 1403 huius
853 1366 1014 1404 abstulit
1036 1377 1175 1404 uocem.
1219 1366 1264 1402 in
1306 1365 1574 1413 legalibus,
1618 1365 1677 1401 in-

182 1435 283 1480 quit,
326 1437 513 1481 patrum
562 1437 836 1473 uestrorum
886 1435 1046 1473 nolite
1096 1435 1344 1471 ambulare
1393 1435 1436 1471 et
1479 1434 1677 1471 iustifi-

179 1502 399 1541 cationes
442 1516 595 1542 eorum
637 1503 790 1543 nolite
828 1504 1083 1542 custodire
1119 1506 1163 1541 et
1204 1503 1249 1540 in
1292 1502 1476 1541 studiis
1519 1515 1678 1544 eorum

178 1572 334 1610 nolite
376 1574 674 1611 commisceri
716 1577 760 1611 et
801 1573 956 1611 nolite
1007 1573 1267 1621 inquinari.
1326 1585 1408 1622 ego
1452 1574 1678 1611 Dominus

132 1640 304 1678 20Deus
346 1644 525 1679 uester.
577 1643 622 1679 in
663 1642 948 1690 praeceptis
999 1643 1115 1680 meis
1157 1643 1402 1681 ambulate
1444 1645 1490 1680 et
1531 1642 1677 1680 i'usti-

180 1708 447 1748 ficationes
479 1722 603 1748 meas
637 1712 892 1749 custodite.

237 1779 366 1816 Sciant
388 1791 485 1817 nunc
508 1780 682 1827 adempta
714 1780 787 1818 sibi
809 1792 891 1818 esse
927 1780 1136 1827 parentalia
1158 1781 1367 1828 patrocinia
1389 1782 1452 1828 qui
1474 1781 1547 1817 huc
1565 1782 1677 1827 atque
1694 1775 1745 1812 36

183 1846 273 1884 illuc
305 1850 538 1886 recurrentes
561 1849 897 1887 contradictionum
921 1849 1088 1887 latebras
1111 1851 1316 1896 quaerunt,
1349 1861 1394 1886 ne
1426 1861 1601 1896 umquam
1622 1849 1677 1886 fe-

183 1917 293 1954 minis
311 1920 482 1955 careant:
506 1920 542 1955 et
565 1919 652 1966 quia
669 1919 832 1965 undique
853 1919 1081 1956 defensionis
1098 1919 1276 1966 suffragio
1294 1919 1528 1964 deseruntur,
1553 1918 1591 1955 in
1612 1928 1679 1954 no-

141 1986 337 2023 esuissimo
360 1987 504 2024 cunctis
528 1987 761 2034 argumentis
783 1987 982 2025 exhaustis
1004 1988 1230 2025 sententiam
1241 1988 1349 2025 Pauli
1371 1984 1532 2034 apostoli
1554 1987 1680 2033 opitu-

185 2054 255 2091 lari
277 2054 350 2091 sibi
372 2055 572 2102 opinantur
595 2058 631 2093 et
654 2057 803 2093 dicunt:
846 2058 899 2093 tu
941 2056 1020 2103 qui
1064 2067 1132 2102 es,
1175 2058 1224 2093 ut
1260 2057 1311 2093 de
1343 2067 1485 2093 seruo
1518 2055 1680 2092 alieno

185 2122 400 2160 iudices?
445 2125 614 2171 agnoscit
651 2125 821 2171 equidem
858 2125 998 2162 Paulus
1037 2125 1229 2172 apostolus
1267 2124 1549 2162 constitutionis
1587 2134 1677 2160 suae

186 2192 301 2228 uerba
323 2193 494 2238 prolata,
530 2193 595 2230 sed
617 2194 966 2231 constitutionarios
989 2195 1026 2231 et
1048 2193 1255 2241 prolatores
1278 2193 1379 2240 ipsos
1403 2193 1563 2240 ignorat.
1603 2191 1680 2228 illis

185 2260 281 2298 enim
303 2262 463 2299 contulit
486 2262 737 2300 defensionem
760 2263 823 2310 qui
846 2264 988 2300 nullam
1005 2266 1150 2309 partem
1172 2263 1268 2309 legis
1287 2263 1510 2309 inpugnant,
1534 2262 1571 2298 et
1589 2261 1681 2308 ipsis

141 2341 172 2364 30
187 2330 321 2366 tribuit
341 2330 588 2377 patrocinium
611 2331 675 2378 qui
697 2343 739 2368 ex
763 2334 848 2369 uoto
871 2343 937 2369 suo
960 2331 1103 2378 aliquid
1135 2331 1278 2368 faciunt
1310 2341 1376 2367 nec
1398 2329 1597 2377 quicquam
1620 2340 1681 2367 ec-

277 2511 297 2543 G
323 2509 421 2543 Rom.
449 2511 483 2545 2⁷3.
509 2512 539 2543 ὅ,
686 2510 727 2543 16
754 2510 809 2542 Ez.
837 2511 890 2551 20,
920 2511 971 2544 18.
999 2511 1050 2544 19.
1192 2510 1235 2543 26
1260 2510 1358 2543 Rom.
1388 2510 1438 2549 14,
1465 2510 1496 2543 4.

277 2669 298 2701 ‘2
323 2672 357 2702 et
384 2669 493 2713 frena]
522 2669 620 2703 srcna
651 2671 679 2705 C
815 2672 836 2703 ι’)
863 2670 1030 2704 subuenit
1054 2671 1096 2705 0¹
1239 2671 1288 2704 sic
1314 2681 1358 2704 em
1384 2671 1412 2703 si
1445 2671 1472 2704 (ἴ
1602 2671 1623 2703 8
1649 2672 1685 2704 et

190 2723 251 2756 has
282 2725 317 2763 C,
346 2725 409 2759 lias
438 2738 455 2760 υ
579 2729 599 2759 9
626 2738 727 2770 super
753 2739 772 2761 v
899 2729 941 2760 10
966 2730 1005 2761 ut
1038 2728 1067 2763 C
1090 2740 1110 2761 u
1135 2729 1175 2762 ¹in
1200 2739 1270 2762 ras.
1400 2729 1440 2760 15
1465 2729 1501 2761 in
1528 2739 1592 2762 om.
1619 2738 1639 2760 υ

189 2781 232 2814 24
257 2781 291 2815 in
318 2794 381 2816 om.
408 2794 427 2816 v
535 2784 745 2818 nouissimo*
776 2785 813 2819 C.
839 2785 1043 2818 nouissimis
1068 2796 1088 2819 v
1198 2786 1241 2818 25
1267 2785 1429 2818 exhausti
1456 2785 1638 2819 Baluxius

190 2837 236 2871 :26
262 2839 338 2880 quis
364 2850 398 2872 cs
426 2843 466 2873 ut
492 2841 529 2880 C.
556 2841 615 2883 qui
640 2852 675 2874 es
704 2842 761 2884 qui
794 2852 827 2880 c:
854 2841 899 2882 cf.
929 2844 1012 2882 212,
1039 2845 1060 2876 6

1317 2904 1410 2940 14*
