2032 3248
355 159 440 202 246
763 155 953 191 Arnobii
985 155 1201 191 aduersus
1237 156 1447 191 nationes

355 273 522 325 fulcire,
568 272 695 326 stipes
741 271 997 314 emendicare
1035 283 1267 325 supremas,
1313 271 1596 323 exterminari,
1643 273 1855 326 proscribi,

356 355 517 396 semper
548 354 635 384 esse
662 341 707 395 in
737 340 939 392 luctibus,
979 340 1201 383 liberorum
1234 340 1484 383 orbitatibus
1515 340 1689 392 fractos,
1719 342 1858 384 uexari

353 425 428 466 per
464 410 690 453 infortunia
728 412 864 452 cetera
903 420 1077 463 quorum
1116 409 1269 463 species
1300 410 1343 452 et
1380 409 1533 452 formas
1573 410 1687 452 nulla
1723 411 1859 463 potest

355 480 608 523 enumeratio
641 478 839 521 definire?
877 478 984 532 quod
1014 478 1159 532 utique
1188 491 1268 521 non
1298 478 1434 529 fieret,
1468 478 1503 520 si
1534 479 1791 533 propulsare,
1824 480 1859 521 si

353 549 520 592 flectere
550 549 663 590 mala
691 548 775 590 ista
805 547 864 589 dii
893 547 1060 601 possent
1091 559 1299 589 sacrorum
1329 547 1491 590 meritis
1522 547 1709 603 obligati.
1751 561 1859 590 nunc
1890 565 1906 588 ε,

354 631 451 661 11010
482 618 580 671 quia
610 616 771 659 casibus
803 616 944 658 nullus
975 617 1037 658 est
1066 616 1106 660 in
1140 615 1205 657 his
1235 616 1349 658 locus
1380 617 1453 659 sed
1482 616 1741 658 ineluctabili
1772 628 1858 658 om-

356 687 425 729 nia
460 686 705 729 necessitate
746 684 946 736 confiunt,
993 685 1082 740 agit
1121 697 1206 727 sese
1247 685 1343 727 ordo
1374 685 1651 739 praescriptus
1682 686 1723 728 et
1753 686 1860 739 quod

292 756 342 797 12
356 756 483 798 semel
515 755 725 798 decretum
756 755 818 796 est
838 753 1059 807 perficitur.
1092 754 1165 795 aut
1184 754 1338 808 ingrati
1359 766 1446 796 esse
1468 754 1629 796 dicendi
1650 755 1747 797 sunt
1768 767 1860 796 cae-

355 825 464 877 lites,
497 824 545 876 si,
577 836 671 866 cum
701 823 882 865 habeant
912 823 1002 865 iura
1031 823 1288 876 prohibendi,
1322 822 1539 877 patiuntur
1565 822 1711 865 infelix
1732 835 1860 877 genus

354 895 418 937 tot
460 893 601 948 poenis
648 895 689 935 et
735 892 1047 935 calamitatibus
1094 892 1316 946 implicari.
1376 894 1440 935 set
1485 892 1659 935 fortasse
1703 892 1861 946 aliquid
1875 913 1907 938 10

354 964 496 1005 dicant
526 974 727 1016 magnum
756 973 831 1003 1100
860 961 967 1014 quod
998 961 1168 1004 auribus
1198 961 1344 1004 debeat
1373 961 1667 1016 frustratoriis,
1699 961 1861 1003 leuibus

355 1033 396 1074 et
435 1030 793 1074 contemnentibus
833 1030 954 1072 sumi.
1007 1041 1107 1084 quas
1152 1031 1293 1072 tamen
1339 1043 1412 1073 nos
1451 1031 1610 1085 partes,
1659 1031 1756 1084 quia
1796 1042 1860 1072 res

352 1101 531 1143 nimium
552 1100 666 1154 longi
688 1100 751 1142 est
771 1099 978 1153 multique
1001 1099 1215 1153 sermonis,
1245 1100 1516 1153 inexplicatas
1538 1100 1860 1142 transcurrimus

354 1171 477 1223 atque
507 1169 710 1220 intactas,
752 1168 885 1211 solum
915 1168 1022 1210 illud
1052 1168 1236 1222 posuisse
1275 1169 1480 1221 0011101111,
1521 1169 1758 1211 inhonestas
1789 1181 1860 1211 uos

353 1239 486 1281 famas
526 1238 748 1292 adiungere
789 1237 868 1279 diis
909 1237 1077 1289 uestriS,
1122 1237 1157 1278 si
1198 1248 1265 1279 eos
1303 1237 1424 1280 aliter
1461 1238 1622 1292 negatis
1652 1239 1906 1292 praestarem

354 1320 456 1362 quae
492 1307 597 1349 bona
637 1307 734 1348 sunt
771 1306 893 1360 atque
931 1306 1102 1349 inimica
1132 1307 1427 1357 transuertere,
1472 1306 1552 1349 nisi
1582 1307 1698 1361 prius
1729 1306 1859 1361 empti

354 1376 604 1431 capellarum
645 1375 801 1417 fuerint
843 1375 967 1429 atque
998 1375 1141 1416 ouium
1172 1375 1372 1430 sanguine
1402 1376 1444 1417 et
1475 1376 1620 1418 ceteris
1651 1388 1755 1429 quae
1786 1377 1859 1418 ad-

352 1446 572 1488 mouentur
613 1444 827 1487 altaribus.
873 1443 1091 1498 indignum
1130 1444 1240 1486 enim
1270 1443 1454 1498 primum
1485 1445 1567 1496 est,
1610 1445 1658 1486 ut
1688 1444 1763 1486 illa
1793 1444 1858 1486 uis

352 1515 573 1556 numinum
594 1513 915 1566 sublimitasque
936 1513 1178 1555 caelestium
1200 1512 1396 1555 beneficia
1411 1513 1602 1555 credatur
1619 1525 1693 1555 sua
1708 1513 1857 1555 habere

352 1583 536 1635 uenalia,
577 1583 692 1637 prius
723 1594 883 1625 sumere
915 1582 1039 1635 atque
1069 1582 1132 1624 ita
1160 1582 1392 1637 praestare3
1439 1582 1531 1623 tum
1562 1582 1669 1636 quod
1699 1581 1857 1624 foedius
1873 1602 1907 1625 20

352 1653 485 1695 multo
516 1652 590 1704 est,
624 1651 705 1694 nisi
726 1650 970 1705 acceperint,
1001 1651 1194 1705 prodesse
1215 1650 1321 1692 nulli
1342 1651 1583 1704 perpetique
1604 1651 1857 1694 miserrimos

354 1721 641 1764 discriminum
680 1720 817 1763 subire
857 1720 1064 1771 fortunas,
1103 1732 1198 1762 curn
1235 1719 1455 1773 prohibere
1491 1719 1652 1774 possint
1681 1733 1729 1762 ac
1759 1720 1857 1762 sub-

352 1790 505 1834 uenire.
551 1790 586 1832 si
618 1801 667 1832 ex
698 1789 856 1831 duobus
896 1787 1150 1831 facientibus
1189 1801 1253 1831 res
1294 1801 1429 1831 sacras
1465 1801 1613 1831 nocens
1652 1802 1759 1831 unus
1797 1790 1859 1831 set

353 1859 557 1913 locuples,
598 1858 703 1901 alter
733 1859 910 1912 angusto
940 1858 1026 1899 lare
1057 1858 1127 1899 sed
1157 1858 1397 1900 innocentia
1426 1857 1550 1900 fuerit
1580 1858 1622 1900 et
1650 1858 1858 1912 probitate

234 1938 259 1973 f.
274 1939 340 1970 140
353 1928 598 1980 laudabilis,
638 1928 807 1970 centum
835 1926 909 1968 1110
944 1925 950 1982 Ι
986 1926 1131 1968 caedat
1168 1927 1293 1969 boues
1325 1927 1580 1980 totidemque
1612 1939 1706 1968 011111
1737 1928 1857 1982 agni-
1871 1947 1903 1972 25

356 1997 459 2039 culis
491 1996 577 2039 suis
609 1996 775 2047 matres,
806 1995 902 2037 thus
929 2007 1084 2050 pauper
1105 1996 1299 2050 exiguum
1320 1997 1362 2037 et
1381 1995 1515 2037 odoris
1536 1995 1712 2038 alicuius
1733 2008 1858 2038 unam

355 2066 586 2108 concremet
626 2064 856 2120 glebulam:
897 2075 1030 2106 nonne
1061 2063 1141 2106 erit
1171 2076 1440 2118 consequens,
1479 2064 1527 2105 ut
1557 2063 1703 2106 debeat
1734 2064 1856 2116 credi,

354 2134 390 2176 si
419 2134 539 2176 modo
571 2133 677 2175 nihil
716 2133 889 2175 numina
920 2133 1000 2175 nisi
1030 2133 1226 2187 praemiis
1257 2132 1594 2175 antecedentibus
1630 2134 1856 2187 praestant,

354 2204 403 2245 ut
433 2202 618 2245 fauorem
649 2215 770 2245 suum
801 2203 1062 2245 commodent
1092 2201 1302 2256 locupleti,
1321 2202 1530 2244 auertant
1558 2214 1582 2243 a
1611 2201 1858 2256 pauperculo

402 2327 422 2361 6
448 2325 634 2362 eluctabili
658 2326 694 2360 P
709 2335 793 2361 corr
810 2337 828 2360 0
946 2326 965 2359 7
991 2325 1150 2361 confiunt
1173 2325 1374 2361 Canterus:
1399 2325 1592 2360 conficiunt
1611 2326 1647 2360 P
1760 2335 1859 2370 prae-

355 2384 510 2429 scriptus
544 2383 631 2419 Gel:
665 2383 879 2428 perscriptus
912 2384 948 2418 P
1137 2384 1158 2418 8
1188 2383 1369 2429 perficitur
1392 2383 1540 2427 scripsi:
1576 2382 1714 2427 perficit
1738 2383 1774 2416 P

354 2441 475 2476 celites
500 2441 537 2475 P
558 2451 640 2476 corr
663 2452 685 2476 r
868 2440 913 2474 10
936 2440 1122 2485 implicari.
1148 2441 1209 2475 sed
1233 2451 1263 2484 1,
1300 2442 1420 2476 Salm:
1457 2440 1651 2484 implicaris
1677 2441 1712 2474 et
1736 2441 1773 2474 P
1791 2441 1859 2475 im-

353 2498 489 2542 plicari.
515 2499 550 2532 et
575 2497 649 2533 Sab
811 2498 853 2532 11
879 2507 940 2532 nec
965 2497 1059 2532 Sab:
1092 2509 1135 2532 110
1159 2498 1196 2533 Ρ
1355 2498 1399 2532 15
1422 2498 1566 2542 iungere
1590 2498 1626 2531 P
1646 2507 1726 2532 0011
1750 2508 1768 2532 0

355 2555 397 2590 16
421 2556 641 2589 tranuertere
665 2555 702 2589 P
839 2555 932 2599 empi
948 2556 983 2588 P
998 2565 1080 2590 corr
1097 2565 1116 2591 0
1254 2555 1296 2590 19
1322 2554 1615 2599 sublimitasquae
1634 2554 1670 2589 P
1686 2564 1768 2589 0011
1833 2579 1837 2582 -

354 2612 401 2646 20
423 2612 542 2646 uenali
566 2613 602 2647 P
618 2622 699 2647 corr
722 2623 742 2648 0
879 2613 923 2647 21
947 2611 1166 2647 miserrimus
1191 2612 1227 2646 P
1243 2622 1326 2647 corr
1463 2612 1508 2645 22
1532 2610 1693 2645 fortunas
1719 2611 1800 2654 Sao,
1818 2621 1858 2645 1.·

354 2670 499 2704 fortuna
525 2670 555 2714 (f
577 2681 620 2704 ex
643 2671 679 2714 p)
706 2670 743 2704 P
889 2669 935 2704 23
960 2679 1087 2704 nocens
1111 2669 1324 2714 Hauffltius:
1359 2669 1423 2704 hoc
1447 2671 1500 2703 est
1524 2669 1560 2703 P
1590 2668 1759 2702 honestus
1785 2668 1859 2702 Sab

355 2726 521 2760 scelestus
561 2727 732 2762 Oehlerus
916 2726 976 2760 sed
1012 2726 1202 2762 Oehlerus:
1235 2728 1271 2761 et
1303 2727 1339 2760 P
1521 2726 1565 2759 ‘25
1604 2725 1704 2760 cedat
1734 2726 1768 2759 P

353 2782 399 2817 29
424 2783 581 2818 faborem
607 2784 642 2818 P
659 2794 740 2818 corr
757 2795 791 2817 m
807 2794 823 2818 s
842 2783 921 2819 XV
1055 2794 1156 2818 suum
1182 2785 1218 2817 01
1242 2783 1412 2817 auxilium
1439 2783 1510 2818 Sab
