2032 3248
351 255 403 296 14
757 253 945 288 Arnobii
978 253 1191 288 aduersus
1221 253 1422 287 nationes

349 369 649 411 existimatione
688 368 878 423 ponendi.
930 369 1000 411 ubi
1031 371 1138 410 enim
1171 370 1232 411 est
1269 369 1400 420 ullus,
1444 369 1549 412 sicut
1585 369 1838 422 sapientibus

350 439 532 489 uidetur,
573 437 776 489 adfectuS,
817 438 875 479 ibi
906 450 991 480 esse
1022 450 1183 480 necesse
1215 437 1276 479 est
1305 438 1555 492 passionem:
1602 438 1673 480 ubi
1703 438 1839 493 passio

350 507 430 549 sita
460 509 541 558 est,
581 507 929 561 perturbationem
968 507 1282 549 consentaneum
1321 508 1381 550 est
1411 509 1618 561 consequi:
1650 508 1721 550 ubi
1752 520 1840 561 per-

349 577 528 619 turbatio
560 577 633 627 est,
665 576 722 619 ibi
754 576 867 618 dolor
898 576 939 618 et
969 576 1181 632 aegritudo
1213 577 1292 619 est:
1325 577 1394 619 ubi
1426 576 1538 619 dolor
1566 578 1606 619 et
1626 576 1839 631 aegritudo

350 648 432 697 est,
478 645 756 688 imminutioni
795 646 834 688 et
874 646 1122 699 corruptioni
1159 645 1244 688 iam
1284 646 1397 704 locus
1430 647 1514 688 est:
1563 659 1664 700 quae
1696 646 1774 687 duo
1805 645 1840 687 si
1871 659 1886 684 5

349 717 510 766 nexant,
543 716 657 757 adest
686 714 845 756 uicinus
875 715 1091 766 interitus,
1134 726 1242 757 mors
1273 716 1408 757 omnia
1438 716 1582 758 finiens
1615 716 1656 758 et
1686 715 1842 757 cunctis

288 786 335 825 19
350 784 532 826 adimens
555 784 822 826 sentientibus
843 785 986 826 uitam.
1025 784 1152 838 quid?
1184 784 1289 838 quod
1320 785 1399 827 isto
1420 786 1539 827 modo
1569 796 1649 827 non
1678 786 1842 827 tantum

349 853 442 896 illos
472 854 583 895 leues
614 867 659 896 ac
679 853 867 904 feruidos,
899 866 1056 904 uerum,
1089 854 1195 907 quod
1215 854 1264 896 ab
1287 853 1365 896 diis
1387 854 1575 896 conuenit
1595 854 1737 909 procul
1758 866 1843 896 esse

351 923 565 974 dimotum,
598 923 638 964 et
658 922 817 976 iniquos
848 922 1043 964 inducitis
1074 923 1115 964 et
1143 922 1318 965 iniustos
1349 924 1390 965 et
1419 923 1638 977 aequitatis
1669 923 1735 965 uel
1757 934 1843 964 mo-

352 992 463 1034 dicae
501 992 656 1033 nullam
693 1003 856 1045 prorsus
892 991 1073 1045 optinere
1110 992 1324 1034 rationem.
1375 992 1473 1046 quid
1512 992 1574 1034 est
1612 992 1721 1035 enim
1757 994 1845 1033 tam
1858 1001 1892 1027 10

350 1061 563 1112 iniustum,
596 1073 719 1114 quam
750 1060 844 1102 aliis
874 1060 994 1102 irasci
1026 1061 1066 1102 et
1090 1060 1191 1102 alios
1211 1060 1394 1117 laedere,
1425 1062 1474 1103 de
1494 1061 1727 1104 hominibus
1750 1073 1843 1103 con-

351 1130 464 1184 queri
495 1130 535 1172 et
555 1129 717 1171 innoxia
746 1129 964 1171 dilacerare
989 1129 1216 1181 frumenta,
1249 1129 1527 1172 Christianum
1546 1143 1693 1173 nomen
1714 1131 1845 1173 odisse

260 1207 284 1243 f.
301 1207 337 1240 71³
352 1201 392 1242 et
430 1199 650 1254 dispendiis
696 1199 883 1241 omnibus
921 1211 1014 1241 suos
1050 1197 1055 1255 Ι
1090 1199 1336 1242 labefactare
1386 1201 1592 1242 cultores?
1638 1213 1689 1242 an
1725 1213 1845 1241 num-

285 1273 338 1312 20
352 1269 449 1323 quid
489 1268 639 1310 idcirco
678 1269 721 1310 in
759 1281 831 1310 uos
872 1267 997 1310 etiam
1038 1268 1244 1319 saeuiunt,
1286 1270 1332 1310 ut
1370 1268 1580 1311 intestinis
1610 1269 1846 1311 vulneribus

352 1338 541 1381 concitati
572 1338 614 1380 in
645 1337 846 1379 ultionem
878 1337 1132 1392 consurgatis
1163 1337 1356 1379 illorum?
1388 1350 1481 1392 ergo
1509 1338 1689 1380 humana
1709 1338 1844 1392 patro·
1861 1347 1891 1370 1⁵

352 1408 458 1450 cinia
496 1407 555 1450 dii
595 1407 805 1461 quaerunt,
839 1407 879 1448 et
919 1406 999 1448 nisi
1040 1407 1175 1448 uestra
1216 1406 1368 1449 fuerint
1403 1407 1631 1449 adsertione
1660 1406 1846 1460 protecti,

352 1476 486 1518 idonei
524 1488 603 1518 non
643 1477 740 1517 sunt
769 1475 870 1530 ipsi,
911 1476 978 1529 qui
1009 1476 1262 1530 propulsare,
1301 1476 1514 1528 defendere
1555 1489 1647 1518 suas
1684 1476 1848 1518 ualeant

353 1545 633 1587 contumelias.
680 1545 905 1598 quinimmo
937 1544 972 1586 si
993 1557 1134 1586 uerum
1158 1545 1218 1586 est
1240 1545 1379 1586 ardere
1399 1545 1492 1587 illos
1514 1545 1587 1597 ira,
1618 1545 1847 1598 permittite

353 1615 438 1656 illis
482 1615 729 1668 potestatem
773 1614 856 1665 sui,
911 1612 1126 1655 defendant
1177 1626 1218 1655 se
1263 1614 1343 1667 ipsi
1398 1615 1519 1667 atque
1564 1614 1605 1656 in
1650 1615 1848 1657 ultionem

354 1684 582 1726 maiestatis
620 1683 794 1725 offensae
830 1683 1047 1724 intestinas
1085 1683 1247 1725 exerant
1286 1683 1620 1737 experianturque
1659 1684 1846 1725 uirtutes.
1861 1691 1893 1718 20

354 1754 523 1807 possunt
553 1765 644 1802 nos,
676 1752 711 1793 si
741 1752 966 1801 uoluerint,
999 1752 1131 1802 aestu,
1163 1753 1335 1806 possunt
1366 1753 1655 1795 nocentissimo
1687 1753 1847 1808 frigore,

354 1825 523 1878 possunt
553 1821 663 1864 auris
693 1821 922 1874 pestilibus,
954 1822 1123 1874 possunt
1144 1821 1378 1863 morborum
1400 1821 1696 1864 obscurissimis
1718 1822 1850 1864 causis

355 1905 538 1943 enecare,
585 1902 818 1932 consumere
857 1890 977 1943 atque
1017 1889 1066 1931 ab
1099 1890 1211 1931 omni
1241 1890 1404 1943 penitus
1435 1892 1552 1932 coetu
1583 1893 1849 1933 exterminare

356 1961 541 2011 mortali,
573 1962 644 2002 aut
674 1959 708 2000 si
739 1959 896 2001 malum
927 1958 1142 2000 consilium
1175 1960 1238 2001 est
1268 1960 1434 2013 adgredi
1465 1973 1537 2002 nos
1568 1960 1624 2012 ui,
1657 1961 1850 2002 emittant

355 2030 520 2083 aliquod
564 2028 823 2070 iudicationis
861 2028 1045 2082 signum,
1091 2041 1162 2081 per
1199 2028 1305 2082 quod
1343 2041 1428 2070 esse
1458 2029 1661 2082 liquidum
1694 2030 1849 2072 cunctis
1862 2037 1895 2063 ⁹⁵

289 2098 499 2152 21possit‚
531 2098 793 2140 inuitissimis
824 2109 895 2139 nos
926 2098 984 2139 eis
1014 2097 1199 2140 habitare
1230 2098 1304 2140 sub
1336 2098 1457 2140 caelo.
1509 2099 1624 2141 uobis
1655 2100 1849 2141 secundas

356 2169 544 2211 tribuant
574 2168 848 2217 ualetudineS,
892 2167 1082 2210 aduersas
1120 2167 1236 2209 nobis
1267 2180 1313 2210 ac
1354 2168 1562 2222 pessimas.
1614 2168 1850 2221 opportunis

1526 2312 1544 2329 Ο

401 2347 423 2381 2
448 2346 551 2380 ubi**
579 2346 615 2380 P
763 2345 784 2379 :3
809 2345 866 2378 sita
899 2345 934 2379 P
1079 2336 1343 2389 perturbatione
1369 2336 1426 2389 (ne
1452 2346 1543 2388 eras)
1570 2345 1606 2379 P
1627 2344 1849 2389 perturbatio

358 2404 431 2438 Sal>
448 2414 530 2438 corr
545 2403 586 2437 in
604 2413 662 2437 err
800 2402 822 2436 8
846 2404 882 2436 et
911 2402 981 2437 Sab
1151 2403 1192 2438 11
1219 2402 1299 2436 aliis
1325 2402 1446 2437 Salm:
1473 2402 1509 2436 in
1534 2402 1614 2436 aliis
1641 2403 1676 2437 P
1700 2402 1736 2436 in
1762 2403 1850 2437 alios

359 2460 429 2495 Sub
603 2460 719 2505 legere
747 2461 785 2504 (g
807 2459 848 2494 in
872 2459 894 2493 d
919 2461 1012 2503 corr)
1051 2460 1087 2494 P
1246 2460 1289 2494 13
1326 2470 1370 2494 an
1413 2460 1503 2495 Urs.-
1543 2462 1580 2493 at
1612 2459 1648 2494 P
1808 2460 1851 2494 16

358 2520 494 2552 uestera
530 2519 560 2561 (e
591 2519 682 2561 eras)
709 2517 746 2553 P
894 2517 935 2551 17
962 2516 1163 2551 defenderes
1195 2519 1223 2561 (s
1250 2518 1344 2562 eras)
1375 2518 1411 2552 P
1444 2518 1622 2561 expunxit
1651 2528 1669 2552 c
1807 2517 1850 2551 20

359 2576 558 2610 maiestates
576 2576 611 2610 P
635 2586 715 2610 corr
853 2574 1145 2619 experianturque
1170 2575 1206 2609 P
1228 2575 1482 2620 expediantque
1506 2575 1574 2609 Urs
1711 2575 1755 2609 22
1777 2585 1851 2609 mo-

359 2648 499 2672 ruorum
530 2639 564 2672 P
595 2649 674 2673 corr
826 2638 871 2672 23
888 2626 1037 2683 enegare
1055 2638 1090 2672 P
1216 2648 1416 2672 consumere
1435 2638 1471 2672 P
1491 2637 1670 2681 expunxit
1686 2648 1704 2672 c

359 2701 522 2744 paenitus
547 2702 582 2735 P
737 2701 782 2735 24
813 2701 956 2735 mortali
985 2687 1050 2734 aut
1073 2710 1112 2734 r.-
1148 2700 1322 2735 mortalia.
1361 2701 1401 2734 ut
1426 2700 1461 2734 P
1499 2700 1666 2734 ‘mortalit
1699 2702 1761 2734 aut
1794 2700 1852 2734 uel

359 2757 581 2791 mortalium:
608 2758 662 2792 sin
687 2758 759 2792 alia
784 2758 967 2792 consilium
992 2759 1046 2792 est
1070 2757 1215 2803 aggredi
1241 2767 1302 2791 nos
1327 2757 1384 2790 via
1400 2785 1408 2800 ‚
1433 2757 1593 2790 mittant’
1625 2758 1693 2792 Urs

359 2814 404 2849 25
420 2814 677 2859 indignationis
698 2815 763 2849 θεῖ
779 2814 1007 2849 iudicationis
1028 2814 1096 2849 Urs
1114 2813 1367 2848 uindicationis
1385 2814 1570 2848 Meurstus
1686 2815 1728 2848 27
1748 2825 1847 2859 opor-

360 2871 458 2905 tunis
485 2872 519 2906 P
