<?xml version="1.0" encoding="UTF-8"?>
<!DOCTYPE html PUBLIC "-//W3C//DTD XHTML 1.0 Transitional//EN"
    "http://www.w3.org/TR/xhtml1/DTD/xhtml1-transitional.dtd">
<html xmlns="http://www.w3.org/1999/xhtml" xml:lang="en" lang="en">
 <head>
  <title>
</title>
<meta http-equiv="Content-Type" content="text/html;charset=utf-8" />
  <meta name='ocr-system' content='tesseract 3.04.00' />
  <meta name='ocr-capabilities' content='ocr_page ocr_carea ocr_par ocr_line ocrx_word'/>
</head>
<body>
  <div class='ocr_page' id='page_1' title='image "./corpusscriptorum03cypruoft/corpusscriptorum03cypruoft_0828.png"; bbox 0 0 2032 3248; ppageno 0'>
   <div class='ocr_carea' id='block_1_1' title="bbox 352 146 1433 190">
    <p class='ocr_par' dir='ltr' id='par_1_1' title="bbox 352 146 1433 190">
     <span class='ocr_line' id='line_1_1' title="bbox 352 146 1433 190; baseline 0 -6"><span class='ocrx_word' id='word_1_1' title='bbox 352 147 434 190; x_wconf 85' lang='lat'>248</span> <span class='ocrx_word' id='word_1_2' title='bbox 762 146 948 182; x_wconf 79' lang='lat' dir='ltr'>Arnobii</span> <span class='ocrx_word' id='word_1_3' title='bbox 979 147 1196 183; x_wconf 83' lang='lat' dir='ltr'>aduersus</span> <span class='ocrx_word' id='word_1_4' title='bbox 1228 148 1433 184; x_wconf 81' lang='lat' dir='ltr'>nationes</span> 
     </span>
    </p>
   </div>
   <div class='ocr_carea' id='block_1_2' title="bbox 232 261 1903 2109">
    <p class='ocr_par' dir='ltr' id='par_1_2' title="bbox 232 261 1903 2109">
     <span class='ocr_line' id='line_1_2' title="bbox 352 261 1846 318; baseline 0.001 -13"><span class='ocrx_word' id='word_1_5' title='bbox 352 263 478 316; x_wconf 79' lang='lat' dir='ltr'>quid?</span> <span class='ocrx_word' id='word_1_6' title='bbox 509 263 544 305; x_wconf 91' lang='lat' dir='ltr'>si</span> <span class='ocrx_word' id='word_1_7' title='bbox 575 261 769 304; x_wconf 90' lang='lat' dir='ltr'>similiter</span> <span class='ocrx_word' id='word_1_8' title='bbox 807 263 947 304; x_wconf 92' lang='lat' dir='ltr'>dicant</span> <span class='ocrx_word' id='word_1_9' title='bbox 978 262 1176 317; x_wconf 88' lang='lat' dir='ltr'>euigilare</span> <span class='ocrx_word' id='word_1_10' title='bbox 1212 275 1301 305; x_wconf 88' lang='lat' dir='ltr'>sese</span> <span class='ocrx_word' id='word_1_11' title='bbox 1331 264 1454 318; x_wconf 91' lang='lat' dir='ltr'>atque</span> <span class='ocrx_word' id='word_1_12' title='bbox 1483 264 1675 317; x_wconf 89' lang='lat' dir='ltr'>dormire,</span> <span class='ocrx_word' id='word_1_13' title='bbox 1708 265 1846 308; x_wconf 89' lang='lat' dir='ltr'>deam-</span> 
     </span>
     <span class='ocr_line' id='line_1_3' title="bbox 351 331 1847 386; baseline 0.002 -13"><span class='ocrx_word' id='word_1_14' title='bbox 351 331 491 374; x_wconf 85' lang='lat' dir='ltr'>bulare</span> <span class='ocrx_word' id='word_1_15' title='bbox 522 331 756 383; x_wconf 74' lang='lat' dir='ltr'>subsistere,</span> <span class='ocrx_word' id='word_1_16' title='bbox 789 332 1040 374; x_wconf 78' lang='lat' dir='ltr'>conscribere</span> <span class='ocrx_word' id='word_1_17' title='bbox 1069 332 1226 386; x_wconf 88' lang='lat' dir='ltr'>aliquid</span> <span class='ocrx_word' id='word_1_18' title='bbox 1257 333 1298 375; x_wconf 90' lang='lat' dir='ltr'>et</span> <span class='ocrx_word' id='word_1_19' title='bbox 1328 334 1528 385; x_wconf 87' lang='lat' dir='ltr'>lectitare,</span> <span class='ocrx_word' id='word_1_20' title='bbox 1574 334 1621 375; x_wconf 94' lang='lat' dir='ltr'>ut</span> <span class='ocrx_word' id='word_1_21' title='bbox 1652 335 1847 377; x_wconf 86' lang='lat' dir='ltr'>honorem</span> 
     </span>
     <span class='ocr_line' id='line_1_4' title="bbox 354 400 1847 457; baseline 0.002 -15"><span class='ocrx_word' id='word_1_22' title='bbox 354 400 415 442; x_wconf 92' lang='lat' dir='ltr'>dis</span> <span class='ocrx_word' id='word_1_23' title='bbox 444 400 621 443; x_wconf 88' lang='lat' dir='ltr'>habeant</span> <span class='ocrx_word' id='word_1_24' title='bbox 652 402 692 442; x_wconf 91' lang='lat' dir='ltr'>et</span> <span class='ocrx_word' id='word_1_25' title='bbox 723 400 1000 455; x_wconf 71' lang='lat' dir='ltr'>dignitatibus</span> <span class='ocrx_word' id='word_1_26' title='bbox 1031 413 1098 443; x_wconf 89' lang='lat' dir='ltr'>eos</span> <span class='ocrx_word' id='word_1_27' title='bbox 1129 400 1285 443; x_wconf 90' lang='lat' dir='ltr'>faciant</span> <span class='ocrx_word' id='word_1_28' title='bbox 1315 402 1563 455; x_wconf 82' lang='lat' dir='ltr'>ampliores?</span> <span class='ocrx_word' id='word_1_29' title='bbox 1607 403 1706 457; x_wconf 91' lang='lat' dir='ltr'>quid</span> <span class='ocrx_word' id='word_1_30' title='bbox 1738 404 1847 445; x_wconf 90' lang='lat' dir='ltr'>enim</span> 
     </span>
     <span class='ocr_line' id='line_1_5' title="bbox 351 467 1845 525; baseline 0.003 -15"><span class='ocrx_word' id='word_1_31' title='bbox 351 480 490 511; x_wconf 90' lang='lat' dir='ltr'>cruore</span> <span class='ocrx_word' id='word_1_32' title='bbox 521 467 570 510; x_wconf 93' lang='lat' dir='ltr'>de</span> <span class='ocrx_word' id='word_1_33' title='bbox 599 480 805 522; x_wconf 91' lang='lat' dir='ltr'>pecorum,</span> <span class='ocrx_word' id='word_1_34' title='bbox 838 469 937 523; x_wconf 90' lang='lat' dir='ltr'>quid</span> <span class='ocrx_word' id='word_1_35' title='bbox 967 481 1177 512; x_wconf 89' lang='lat' dir='ltr'>sacrorum</span> <span class='ocrx_word' id='word_1_36' title='bbox 1208 470 1459 513; x_wconf 85' lang='lat' dir='ltr'>confectione</span> <span class='ocrx_word' id='word_1_37' title='bbox 1480 471 1529 513; x_wconf 90' lang='lat' dir='ltr'>de</span> <span class='ocrx_word' id='word_1_38' title='bbox 1550 472 1683 513; x_wconf 92' lang='lat' dir='ltr'>cetera</span> <span class='ocrx_word' id='word_1_39' title='bbox 1704 484 1845 525; x_wconf 89' lang='lat' dir='ltr'>super-</span> 
     </span>
     <span class='ocr_line' id='line_1_6' title="bbox 349 537 1891 593; baseline 0.002 -14"><span class='ocrx_word' id='word_1_40' title='bbox 349 537 515 580; x_wconf 84' lang='lat' dir='ltr'>additur</span> <span class='ocrx_word' id='word_1_41' title='bbox 535 537 600 579; x_wconf 91' lang='lat' dir='ltr'>his</span> <span class='ocrx_word' id='word_1_42' title='bbox 621 538 692 590; x_wconf 88' lang='lat' dir='ltr'>rei,</span> <span class='ocrx_word' id='word_1_43' title='bbox 715 537 814 592; x_wconf 90' lang='lat' dir='ltr'>quid</span> <span class='ocrx_word' id='word_1_44' title='bbox 834 538 1053 592; x_wconf 83' lang='lat' dir='ltr'>adponitur</span> <span class='ocrx_word' id='word_1_45' title='bbox 1073 539 1196 593; x_wconf 92' lang='lat' dir='ltr'>atque</span> <span class='ocrx_word' id='word_1_46' title='bbox 1217 538 1395 582; x_wconf 90' lang='lat' dir='ltr'>adicitur</span> <span class='ocrx_word' id='word_1_47' title='bbox 1416 540 1661 593; x_wconf 81' lang='lat' dir='ltr'>potestatis?</span> <span class='ocrx_word' id='word_1_48' title='bbox 1691 541 1846 583; x_wconf 88' lang='lat' dir='ltr'>etenim</span> <span class='ocrx_word' id='word_1_49' title='bbox 1877 557 1891 582; x_wconf 86' lang='lat'><strong>5</strong></span> 
     </span>
     <span class='ocr_line' id='line_1_7' title="bbox 349 607 1845 662; baseline 0.002 -14"><span class='ocrx_word' id='word_1_50' title='bbox 349 607 473 650; x_wconf 88' lang='lat' dir='ltr'>honos</span> <span class='ocrx_word' id='word_1_51' title='bbox 504 607 637 649; x_wconf 87' lang='lat' dir='ltr'>omnis</span> <span class='ocrx_word' id='word_1_52' title='bbox 667 607 737 660; x_wconf 92' lang='lat' dir='ltr'>qui</span> <span class='ocrx_word' id='word_1_53' title='bbox 767 607 908 649; x_wconf 88' lang='lat' dir='ltr'>haberi</span> <span class='ocrx_word' id='word_1_54' title='bbox 938 607 988 650; x_wconf 90' lang='lat' dir='ltr'>ab</span> <span class='ocrx_word' id='word_1_55' title='bbox 1010 608 1147 661; x_wconf 91' lang='lat' dir='ltr'>aliquo</span> <span class='ocrx_word' id='word_1_56' title='bbox 1169 608 1321 650; x_wconf 92' lang='lat' dir='ltr'>dicitur</span> <span class='ocrx_word' id='word_1_57' title='bbox 1342 609 1384 650; x_wconf 91' lang='lat' dir='ltr'>et</span> <span class='ocrx_word' id='word_1_58' title='bbox 1404 609 1657 651; x_wconf 91' lang='lat' dir='ltr'>reuerentiae</span> <span class='ocrx_word' id='word_1_59' title='bbox 1677 610 1845 662; x_wconf 88' lang='lat' dir='ltr'>potioris</span> 
     </span>
     <span class='ocr_line' id='line_1_8' title="bbox 348 675 1844 732; baseline 0.002 -15"><span class='ocrx_word' id='word_1_60' title='bbox 348 675 528 718; x_wconf 85' lang='lat' dir='ltr'>adtribui</span> <span class='ocrx_word' id='word_1_61' title='bbox 557 675 724 718; x_wconf 87' lang='lat' dir='ltr'>relatiui</span> <span class='ocrx_word' id='word_1_62' title='bbox 755 679 817 718; x_wconf 89' lang='lat' dir='ltr'>est</span> <span class='ocrx_word' id='word_1_63' title='bbox 847 677 888 718; x_wconf 93' lang='lat' dir='ltr'>et</span> <span class='ocrx_word' id='word_1_64' title='bbox 918 677 969 718; x_wconf 89' lang='lat' dir='ltr'>ad</span> <span class='ocrx_word' id='word_1_65' title='bbox 998 677 1175 719; x_wconf 91' lang='lat' dir='ltr'>alterum</span> <span class='ocrx_word' id='word_1_66' title='bbox 1200 677 1360 732; x_wconf 89' lang='lat' dir='ltr'>generis</span> <span class='ocrx_word' id='word_1_67' title='bbox 1382 679 1423 720; x_wconf 94' lang='lat' dir='ltr'>et</span> <span class='ocrx_word' id='word_1_68' title='bbox 1449 678 1636 720; x_wconf 84' lang='lat' dir='ltr'>constans</span> <span class='ocrx_word' id='word_1_69' title='bbox 1657 678 1844 731; x_wconf 86' lang='lat' dir='ltr'>partibus</span> 
     </span>
     <span class='ocr_line' id='line_1_9' title="bbox 348 744 1844 801; baseline 0.002 -15"><span class='ocrx_word' id='word_1_70' title='bbox 348 744 525 796; x_wconf 89' lang='lat' dir='ltr'>duabus,</span> <span class='ocrx_word' id='word_1_71' title='bbox 565 757 612 787; x_wconf 85' lang='lat' dir='ltr'>ex</span> <span class='ocrx_word' id='word_1_72' title='bbox 651 744 905 797; x_wconf 82' lang='lat' dir='ltr'>concessione</span> <span class='ocrx_word' id='word_1_73' title='bbox 941 745 1164 788; x_wconf 90' lang='lat' dir='ltr'>tribuentis</span> <span class='ocrx_word' id='word_1_74' title='bbox 1200 747 1242 788; x_wconf 92' lang='lat' dir='ltr'>et</span> <span class='ocrx_word' id='word_1_75' title='bbox 1271 746 1592 801; x_wconf 88' lang='lat' dir='ltr'>amplificatione</span> <span class='ocrx_word' id='word_1_76' title='bbox 1630 747 1844 789; x_wconf 86' lang='lat' dir='ltr'>sumentis.</span> 
     </span>
     <span class='ocr_line' id='line_1_10' title="bbox 348 813 1844 869; baseline 0.002 -14"><span class='ocrx_word' id='word_1_77' title='bbox 348 813 397 855; x_wconf 92' lang='lat' dir='ltr'>ut</span> <span class='ocrx_word' id='word_1_78' title='bbox 431 813 466 856; x_wconf 90' lang='lat' dir='ltr'>si</span> <span class='ocrx_word' id='word_1_79' title='bbox 504 813 709 867; x_wconf 86' lang='lat' dir='ltr'>quispiam</span> <span class='ocrx_word' id='word_1_80' title='bbox 754 813 843 856; x_wconf 90' lang='lat' dir='ltr'>uiso</span> <span class='ocrx_word' id='word_1_81' title='bbox 887 815 1166 868; x_wconf 86' lang='lat' dir='ltr'>potentissimi</span> <span class='ocrx_word' id='word_1_82' title='bbox 1210 816 1386 857; x_wconf 89' lang='lat' dir='ltr'>nominis</span> <span class='ocrx_word' id='word_1_83' title='bbox 1424 818 1547 869; x_wconf 89' lang='lat' dir='ltr'>atque</span> <span class='ocrx_word' id='word_1_84' title='bbox 1586 816 1844 858; x_wconf 86' lang='lat' dir='ltr'>auctoritatis</span> 
     </span>
     <span class='ocr_line' id='line_1_11' title="bbox 350 882 1891 938; baseline 0.001 -15"><span class='ocrx_word' id='word_1_85' title='bbox 350 882 438 923; x_wconf 89' lang='lat' dir='ltr'>uiro</span> <span class='ocrx_word' id='word_1_86' title='bbox 468 882 538 923; x_wconf 90' lang='lat' dir='ltr'>uia</span> <span class='ocrx_word' id='word_1_87' title='bbox 567 882 749 935; x_wconf 88' lang='lat' dir='ltr'>decedat,</span> <span class='ocrx_word' id='word_1_88' title='bbox 781 883 988 936; x_wconf 86' lang='lat' dir='ltr'>adsurgat,</span> <span class='ocrx_word' id='word_1_89' title='bbox 1021 884 1146 936; x_wconf 90' lang='lat' dir='ltr'>caput</span> <span class='ocrx_word' id='word_1_90' title='bbox 1175 885 1331 926; x_wconf 89' lang='lat' dir='ltr'>reuelet</span> <span class='ocrx_word' id='word_1_91' title='bbox 1362 885 1632 938; x_wconf 89' lang='lat' dir='ltr'>uehiculoque</span> <span class='ocrx_word' id='word_1_92' title='bbox 1664 884 1843 937; x_wconf 89' lang='lat' dir='ltr'>desiliat,</span> <span class='ocrx_word' id='word_1_93' title='bbox 1858 899 1891 924; x_wconf 88' lang='grc' dir='ltr'>ιο</span> 
     </span>
     <span class='ocr_line' id='line_1_12' title="bbox 347 950 1844 1006; baseline 0.002 -14"><span class='ocrx_word' id='word_1_94' title='bbox 347 951 438 992; x_wconf 92' lang='lat' dir='ltr'>tum</span> <span class='ocrx_word' id='word_1_95' title='bbox 482 950 627 993; x_wconf 90' lang='lat' dir='ltr'>deinde</span> <span class='ocrx_word' id='word_1_96' title='bbox 672 952 828 994; x_wconf 89' lang='lat' dir='ltr'>salutet</span> <span class='ocrx_word' id='word_1_97' title='bbox 871 952 1060 1001; x_wconf 89' lang='lat' dir='ltr'>adclinis,</span> <span class='ocrx_word' id='word_1_98' title='bbox 1107 952 1353 995; x_wconf 88' lang='lat' dir='ltr'>ancillatum</span> <span class='ocrx_word' id='word_1_99' title='bbox 1398 952 1553 995; x_wconf 90' lang='lat' dir='ltr'>seruuli</span> <span class='ocrx_word' id='word_1_100' title='bbox 1597 953 1844 1006; x_wconf 90' lang='lat' dir='ltr'>pauibundis</span> 
     </span>
     <span class='ocr_line' id='line_1_13' title="bbox 232 1019 1843 1077; baseline 0.002 -17"><span class='ocrx_word' id='word_1_101' title='bbox 232 1027 255 1061; x_wconf 81' lang='lat' dir='ltr'>f.</span> <span class='ocrx_word' id='word_1_102' title='bbox 270 1029 333 1060; x_wconf 86' lang='lat'>141</span> <span class='ocrx_word' id='word_1_103' title='bbox 348 1019 691 1073; x_wconf 87' lang='lat' dir='ltr'>trepidationibus</span> <span class='ocrx_word' id='word_1_104' title='bbox 727 1019 733 1075; x_wconf 87' lang='grc' dir='ltr'>Ι</span> <span class='ocrx_word' id='word_1_105' title='bbox 767 1020 976 1070; x_wconf 88' lang='lat' dir='ltr'>imitatus;</span> <span class='ocrx_word' id='word_1_106' title='bbox 1023 1021 1163 1073; x_wconf 87' lang='lat' dir='ltr'>uideo,</span> <span class='ocrx_word' id='word_1_107' title='bbox 1207 1021 1306 1075; x_wconf 89' lang='lat' dir='ltr'>quid</span> <span class='ocrx_word' id='word_1_108' title='bbox 1343 1022 1490 1077; x_wconf 85' lang='lat' dir='ltr'>agatur</span> <span class='ocrx_word' id='word_1_109' title='bbox 1526 1022 1570 1063; x_wconf 90' lang='lat' dir='ltr'>in</span> <span class='ocrx_word' id='word_1_110' title='bbox 1608 1022 1843 1064; x_wconf 91' lang='lat' dir='ltr'>huiusmodi</span> 
     </span>
     <span class='ocr_line' id='line_1_14' title="bbox 346 1088 1842 1144; baseline 0.003 -14"><span class='ocrx_word' id='word_1_111' title='bbox 346 1088 622 1131; x_wconf 89' lang='lat' dir='ltr'>honorationis</span> <span class='ocrx_word' id='word_1_112' title='bbox 643 1089 796 1132; x_wconf 87' lang='lat' dir='ltr'>officio:</span> <span class='ocrx_word' id='word_1_113' title='bbox 829 1090 1117 1133; x_wconf 85' lang='lat' dir='ltr'>summissione</span> <span class='ocrx_word' id='word_1_114' title='bbox 1138 1090 1309 1133; x_wconf 91' lang='lat' dir='ltr'>alterius</span> <span class='ocrx_word' id='word_1_115' title='bbox 1330 1090 1451 1132; x_wconf 89' lang='lat' dir='ltr'>datur</span> <span class='ocrx_word' id='word_1_116' title='bbox 1472 1091 1593 1133; x_wconf 90' lang='lat' dir='ltr'>alteri</span> <span class='ocrx_word' id='word_1_117' title='bbox 1613 1091 1842 1144; x_wconf 88' lang='lat' dir='ltr'>plurimum</span> 
     </span>
     <span class='ocr_line' id='line_1_15' title="bbox 347 1157 1903 1214; baseline 0.003 -15"><span class='ocrx_word' id='word_1_118' title='bbox 347 1157 601 1212; x_wconf 88' lang='lat' dir='ltr'>efficiturque</span> <span class='ocrx_word' id='word_1_119' title='bbox 639 1159 686 1200; x_wconf 89' lang='lat' dir='ltr'>ut</span> <span class='ocrx_word' id='word_1_120' title='bbox 721 1158 911 1201; x_wconf 89' lang='lat' dir='ltr'>uideatur</span> <span class='ocrx_word' id='word_1_121' title='bbox 948 1172 1125 1214; x_wconf 90' lang='lat' dir='ltr'>magnus</span> <span class='ocrx_word' id='word_1_122' title='bbox 1161 1172 1284 1214; x_wconf 89' lang='lat' dir='ltr'>quem</span> <span class='ocrx_word' id='word_1_123' title='bbox 1323 1160 1525 1214; x_wconf 87' lang='lat' dir='ltr'>suspectio</span> <span class='ocrx_word' id='word_1_124' title='bbox 1562 1161 1730 1202; x_wconf 90' lang='lat' dir='ltr'>minoris</span> <span class='ocrx_word' id='word_1_125' title='bbox 1773 1173 1841 1203; x_wconf 86' lang='lat' dir='ltr'>ex·</span> <span class='ocrx_word' id='word_1_126' title='bbox 1898 1209 1903 1214; x_wconf 53' lang='grc'>,</span> 
     </span>
     <span class='ocr_line' id='line_1_16' title="bbox 284 1225 1888 1281; baseline 0.004 -15"><span class='ocrx_word' id='word_1_127' title='bbox 284 1225 332 1264; x_wconf 80' lang='grc'>14</span> <span class='ocrx_word' id='word_1_128' title='bbox 349 1227 494 1269; x_wconf 90' lang='lat' dir='ltr'>tulerit</span> <span class='ocrx_word' id='word_1_129' title='bbox 531 1229 572 1269; x_wconf 91' lang='lat' dir='ltr'>et</span> <span class='ocrx_word' id='word_1_130' title='bbox 611 1227 696 1270; x_wconf 90' lang='lat' dir='ltr'>suis</span> <span class='ocrx_word' id='word_1_131' title='bbox 735 1228 1012 1281; x_wconf 89' lang='lat' dir='ltr'>anteposuerit</span> <span class='ocrx_word' id='word_1_132' title='bbox 1048 1229 1181 1271; x_wconf 90' lang='lat' dir='ltr'>rebus.</span> <span class='ocrx_word' id='word_1_133' title='bbox 1229 1230 1299 1271; x_wconf 90' lang='lat' dir='ltr'>sed</span> <span class='ocrx_word' id='word_1_134' title='bbox 1337 1229 1543 1272; x_wconf 86' lang='lat' dir='ltr'>concessio</span> <span class='ocrx_word' id='word_1_135' title='bbox 1581 1229 1681 1271; x_wconf 89' lang='lat' dir='ltr'>haec</span> <span class='ocrx_word' id='word_1_136' title='bbox 1711 1229 1843 1272; x_wconf 90' lang='lat' dir='ltr'>omnis</span> <span class='ocrx_word' id='word_1_137' title='bbox 1857 1247 1888 1272; x_wconf 84' lang='lat'>15</span> 
     </span>
     <span class='ocr_line' id='line_1_17' title="bbox 345 1296 1841 1351; baseline 0.001 -14"><span class='ocrx_word' id='word_1_138' title='bbox 345 1298 385 1338; x_wconf 92' lang='lat' dir='ltr'>et</span> <span class='ocrx_word' id='word_1_139' title='bbox 414 1296 579 1339; x_wconf 89' lang='lat' dir='ltr'>honoris</span> <span class='ocrx_word' id='word_1_140' title='bbox 610 1296 659 1339; x_wconf 90' lang='lat' dir='ltr'>de</span> <span class='ocrx_word' id='word_1_141' title='bbox 689 1308 770 1350; x_wconf 89' lang='lat' dir='ltr'>qua</span> <span class='ocrx_word' id='word_1_142' title='bbox 799 1297 1009 1351; x_wconf 90' lang='lat' dir='ltr'>loquimur</span> <span class='ocrx_word' id='word_1_143' title='bbox 1029 1298 1248 1340; x_wconf 87' lang='lat' dir='ltr'>attributio</span> <span class='ocrx_word' id='word_1_144' title='bbox 1278 1298 1375 1342; x_wconf 90' lang='lat' dir='ltr'>solis</span> <span class='ocrx_word' id='word_1_145' title='bbox 1395 1299 1520 1342; x_wconf 87' lang='lat' dir='ltr'>habet</span> <span class='ocrx_word' id='word_1_146' title='bbox 1541 1298 1584 1340; x_wconf 91' lang='lat' dir='ltr'>in</span> <span class='ocrx_word' id='word_1_147' title='bbox 1606 1298 1841 1340; x_wconf 89' lang='lat' dir='ltr'>hominibus</span> 
     </span>
     <span class='ocr_line' id='line_1_18' title="bbox 345 1366 1841 1420; baseline 0.001 -13"><span class='ocrx_word' id='word_1_148' title='bbox 345 1366 502 1420; x_wconf 87' lang='lat' dir='ltr'>sedem,</span> <span class='ocrx_word' id='word_1_149' title='bbox 541 1378 640 1419; x_wconf 89' lang='lat' dir='ltr'>quos</span> <span class='ocrx_word' id='word_1_150' title='bbox 670 1366 872 1408; x_wconf 89' lang='lat' dir='ltr'>naturalis</span> <span class='ocrx_word' id='word_1_151' title='bbox 913 1367 1134 1409; x_wconf 88' lang='lat' dir='ltr'>infirmitas</span> <span class='ocrx_word' id='word_1_152' title='bbox 1166 1367 1207 1410; x_wconf 89' lang='lat' dir='ltr'>et</span> <span class='ocrx_word' id='word_1_153' title='bbox 1237 1379 1351 1410; x_wconf 90' lang='lat' dir='ltr'>amor</span> <span class='ocrx_word' id='word_1_154' title='bbox 1380 1368 1424 1409; x_wconf 91' lang='lat' dir='ltr'>in</span> <span class='ocrx_word' id='word_1_155' title='bbox 1454 1367 1669 1410; x_wconf 87' lang='lat' dir='ltr'>altioribus</span> <span class='ocrx_word' id='word_1_156' title='bbox 1702 1367 1841 1410; x_wconf 87' lang='lat' dir='ltr'>standi</span> 
     </span>
     <span class='ocr_line' id='line_1_19' title="bbox 344 1433 1842 1491; baseline 0.001 -16"><span class='ocrx_word' id='word_1_157' title='bbox 344 1433 461 1476; x_wconf 91' lang='lat' dir='ltr'>docet</span> <span class='ocrx_word' id='word_1_158' title='bbox 489 1434 666 1489; x_wconf 86' lang='lat' dir='ltr'>gaudere</span> <span class='ocrx_word' id='word_1_159' title='bbox 696 1435 745 1477; x_wconf 91' lang='lat' dir='ltr'>de</span> <span class='ocrx_word' id='word_1_160' title='bbox 775 1434 957 1490; x_wconf 89' lang='lat' dir='ltr'>fastigiis</span> <span class='ocrx_word' id='word_1_161' title='bbox 988 1437 1030 1478; x_wconf 91' lang='lat' dir='ltr'>et</span> <span class='ocrx_word' id='word_1_162' title='bbox 1050 1436 1225 1478; x_wconf 89' lang='lat' dir='ltr'>aliorum</span> <span class='ocrx_word' id='word_1_163' title='bbox 1246 1437 1618 1490; x_wconf 87' lang='lat' dir='ltr'>comparationibus</span> <span class='ocrx_word' id='word_1_164' title='bbox 1639 1435 1842 1491; x_wconf 89' lang='lat' dir='ltr'>anteponi.</span> 
     </span>
     <span class='ocr_line' id='line_1_20' title="bbox 346 1503 1841 1558; baseline 0.002 -14"><span class='ocrx_word' id='word_1_165' title='bbox 346 1503 401 1554; x_wconf 89' lang='lat' dir='ltr'>at,</span> <span class='ocrx_word' id='word_1_166' title='bbox 433 1515 593 1556; x_wconf 84' lang='lat' dir='ltr'>quaerO,</span> <span class='ocrx_word' id='word_1_167' title='bbox 623 1503 668 1545; x_wconf 90' lang='lat' dir='ltr'>in</span> <span class='ocrx_word' id='word_1_168' title='bbox 697 1504 854 1557; x_wconf 89' lang='lat' dir='ltr'>superis</span> <span class='ocrx_word' id='word_1_169' title='bbox 881 1504 955 1546; x_wconf 90' lang='lat' dir='ltr'>ubi</span> <span class='ocrx_word' id='word_1_170' title='bbox 975 1505 1038 1546; x_wconf 89' lang='lat' dir='ltr'>est</span> <span class='ocrx_word' id='word_1_171' title='bbox 1068 1504 1231 1547; x_wconf 91' lang='lat' dir='ltr'>honoris</span> <span class='ocrx_word' id='word_1_172' title='bbox 1262 1505 1389 1557; x_wconf 88' lang='lat' dir='ltr'>locus,</span> <span class='ocrx_word' id='word_1_173' title='bbox 1422 1505 1490 1547; x_wconf 90' lang='lat' dir='ltr'>uel</span> <span class='ocrx_word' id='word_1_174' title='bbox 1520 1517 1620 1558; x_wconf 88' lang='lat' dir='ltr'>quas</span> <span class='ocrx_word' id='word_1_175' title='bbox 1650 1506 1707 1547; x_wconf 91' lang='lat' dir='ltr'>eis</span> <span class='ocrx_word' id='word_1_176' title='bbox 1739 1505 1841 1547; x_wconf 89' lang='lat' dir='ltr'>emi-</span> 
     </span>
     <span class='ocr_line' id='line_1_21' title="bbox 346 1572 1888 1628; baseline 0.003 -15"><span class='ocrx_word' id='word_1_177' title='bbox 346 1572 506 1614; x_wconf 88' lang='lat' dir='ltr'>nentias</span> <span class='ocrx_word' id='word_1_178' title='bbox 543 1572 685 1615; x_wconf 89' lang='lat' dir='ltr'>addier</span> <span class='ocrx_word' id='word_1_179' title='bbox 722 1584 930 1615; x_wconf 89' lang='lat' dir='ltr'>sacrorum</span> <span class='ocrx_word' id='word_1_180' title='bbox 961 1586 1007 1616; x_wconf 86' lang='lat' dir='ltr'>ex</span> <span class='ocrx_word' id='word_1_181' title='bbox 1038 1573 1357 1616; x_wconf 88' lang='lat' dir='ltr'>confectionibus</span> <span class='ocrx_word' id='word_1_182' title='bbox 1402 1574 1643 1616; x_wconf 79' lang='lat' dir='ltr'>inuenitur?</span> <span class='ocrx_word' id='word_1_183' title='bbox 1687 1586 1841 1628; x_wconf 88' lang='lat' dir='ltr'>augus-</span> <span class='ocrx_word' id='word_1_184' title='bbox 1855 1591 1888 1617; x_wconf 75' lang='lat'>20</span> 
     </span>
     <span class='ocr_line' id='line_1_22' title="bbox 344 1641 1842 1696; baseline 0.002 -14"><span class='ocrx_word' id='word_1_185' title='bbox 344 1641 480 1692; x_wconf 88' lang='lat' dir='ltr'>tiores,</span> <span class='ocrx_word' id='word_1_186' title='bbox 511 1641 759 1694; x_wconf 87' lang='lat' dir='ltr'>potentiores</span> <span class='ocrx_word' id='word_1_187' title='bbox 789 1641 982 1685; x_wconf 88' lang='lat' dir='ltr'>mactatis</span> <span class='ocrx_word' id='word_1_188' title='bbox 1010 1643 1233 1696; x_wconf 91' lang='lat' dir='ltr'>pecudibus</span> <span class='ocrx_word' id='word_1_189' title='bbox 1254 1643 1371 1694; x_wconf 85' lang='lat' dir='ltr'>fiunt,</span> <span class='ocrx_word' id='word_1_190' title='bbox 1405 1643 1572 1685; x_wconf 87' lang='lat' dir='ltr'>additur</span> <span class='ocrx_word' id='word_1_191' title='bbox 1591 1643 1677 1685; x_wconf 86' lang='lat' dir='ltr'>illis</span> <span class='ocrx_word' id='word_1_192' title='bbox 1700 1656 1747 1685; x_wconf 82' lang='lat' dir='ltr'>ex</span> <span class='ocrx_word' id='word_1_193' title='bbox 1767 1643 1842 1685; x_wconf 90' lang='lat' dir='ltr'>hoc</span> 
     </span>
     <span class='ocr_line' id='line_1_23' title="bbox 345 1710 1842 1766; baseline 0.002 -15"><span class='ocrx_word' id='word_1_194' title='bbox 345 1710 582 1764; x_wconf 90' lang='lat' dir='ltr'>quicquam,</span> <span class='ocrx_word' id='word_1_195' title='bbox 623 1711 695 1752; x_wconf 87' lang='lat' dir='ltr'>aut</span> <span class='ocrx_word' id='word_1_196' title='bbox 732 1722 819 1753; x_wconf 92' lang='lat' dir='ltr'>esse</span> <span class='ocrx_word' id='word_1_197' title='bbox 857 1710 915 1752; x_wconf 90' lang='lat' dir='ltr'>dii</span> <span class='ocrx_word' id='word_1_198' title='bbox 955 1711 1090 1766; x_wconf 88' lang='lat' dir='ltr'>magis</span> <span class='ocrx_word' id='word_1_199' title='bbox 1121 1712 1343 1754; x_wconf 86' lang='lat' dir='ltr'>diuinitate</span> <span class='ocrx_word' id='word_1_200' title='bbox 1374 1713 1581 1766; x_wconf 90' lang='lat' dir='ltr'>occipiunt</span> <span class='ocrx_word' id='word_1_201' title='bbox 1612 1712 1842 1765; x_wconf 77' lang='lat' dir='ltr'>ampliata?</span> 
     </span>
     <span class='ocr_line' id='line_1_24' title="bbox 343 1780 1841 1834; baseline 0.001 -14"><span class='ocrx_word' id='word_1_202' title='bbox 343 1780 457 1833; x_wconf 92' lang='lat' dir='ltr'>atqui</span> <span class='ocrx_word' id='word_1_203' title='bbox 487 1790 560 1834; x_wconf 89' lang='lat' dir='ltr'>ego</span> <span class='ocrx_word' id='word_1_204' title='bbox 591 1780 863 1821; x_wconf 88' lang='lat' dir='ltr'>contumeliae</span> <span class='ocrx_word' id='word_1_205' title='bbox 892 1780 1138 1833; x_wconf 84' lang='lat' dir='ltr'>proximum,</span> <span class='ocrx_word' id='word_1_206' title='bbox 1172 1781 1399 1834; x_wconf 89' lang='lat' dir='ltr'>quinimmo</span> <span class='ocrx_word' id='word_1_207' title='bbox 1431 1793 1518 1823; x_wconf 89' lang='lat' dir='ltr'>esse</span> <span class='ocrx_word' id='word_1_208' title='bbox 1548 1781 1715 1834; x_wconf 88' lang='lat' dir='ltr'>plenam</span> <span class='ocrx_word' id='word_1_209' title='bbox 1746 1792 1841 1823; x_wconf 91' lang='lat' dir='ltr'>con—</span> 
     </span>
     <span class='ocr_line' id='line_1_25' title="bbox 343 1847 1841 1903; baseline 0.002 -15"><span class='ocrx_word' id='word_1_210' title='bbox 343 1847 558 1890; x_wconf 89' lang='lat' dir='ltr'>tumeliam</span> <span class='ocrx_word' id='word_1_211' title='bbox 602 1847 755 1903; x_wconf 83' lang='lat' dir='ltr'>iudicO‚</span> <span class='ocrx_word' id='word_1_212' title='bbox 803 1861 898 1890; x_wconf 90' lang='lat' dir='ltr'>cum</span> <span class='ocrx_word' id='word_1_213' title='bbox 942 1848 1132 1891; x_wconf 88' lang='lat' dir='ltr'>honorari</span> <span class='ocrx_word' id='word_1_214' title='bbox 1171 1850 1222 1892; x_wconf 90' lang='lat' dir='ltr'>ab</span> <span class='ocrx_word' id='word_1_215' title='bbox 1259 1849 1423 1891; x_wconf 91' lang='lat' dir='ltr'>homine</span> <span class='ocrx_word' id='word_1_216' title='bbox 1468 1849 1567 1891; x_wconf 87' lang='lat' dir='ltr'>deus</span> <span class='ocrx_word' id='word_1_217' title='bbox 1612 1849 1763 1891; x_wconf 89' lang='lat' dir='ltr'>dicitur</span> <span class='ocrx_word' id='word_1_218' title='bbox 1800 1850 1841 1891; x_wconf 92' lang='lat' dir='ltr'>et</span> 
     </span>
     <span class='ocr_line' id='line_1_26' title="bbox 342 1916 1885 1972; baseline 0.001 -15"><span class='ocrx_word' id='word_1_219' title='bbox 342 1916 522 1958; x_wconf 90' lang='lat' dir='ltr'>muneris</span> <span class='ocrx_word' id='word_1_220' title='bbox 567 1916 742 1959; x_wconf 90' lang='lat' dir='ltr'>alicuius</span> <span class='ocrx_word' id='word_1_221' title='bbox 789 1917 993 1959; x_wconf 91' lang='lat' dir='ltr'>oblatione</span> <span class='ocrx_word' id='word_1_222' title='bbox 1038 1918 1222 1961; x_wconf 83' lang='lat' dir='ltr'>mactari.</span> <span class='ocrx_word' id='word_1_223' title='bbox 1274 1918 1425 1960; x_wconf 89' lang='lat' dir='ltr'>etenim</span> <span class='ocrx_word' id='word_1_224' title='bbox 1471 1918 1505 1960; x_wconf 91' lang='lat' dir='ltr'>si</span> <span class='ocrx_word' id='word_1_225' title='bbox 1545 1918 1669 1960; x_wconf 91' lang='lat' dir='ltr'>honos</span> <span class='ocrx_word' id='word_1_226' title='bbox 1714 1919 1839 1972; x_wconf 90' lang='lat' dir='ltr'>auget</span> <span class='ocrx_word' id='word_1_227' title='bbox 1853 1931 1885 1957; x_wconf 76' lang='lat'>25</span> 
     </span>
     <span class='ocr_line' id='line_1_27' title="bbox 342 1983 1838 2040; baseline 0.001 -15"><span class='ocrx_word' id='word_1_228' title='bbox 342 1983 508 2038; x_wconf 90' lang='lat' dir='ltr'>eiusque</span> <span class='ocrx_word' id='word_1_229' title='bbox 546 1984 785 2027; x_wconf 90' lang='lat' dir='ltr'>adcumulat</span> <span class='ocrx_word' id='word_1_230' title='bbox 822 1985 1072 2040; x_wconf 86' lang='lat' dir='ltr'>dignitatem</span> <span class='ocrx_word' id='word_1_231' title='bbox 1111 1986 1177 2028; x_wconf 90' lang='lat' dir='ltr'>cui</span> <span class='ocrx_word' id='word_1_232' title='bbox 1207 1986 1334 2029; x_wconf 89' lang='lat' dir='ltr'>fuerit</span> <span class='ocrx_word' id='word_1_233' title='bbox 1363 1987 1614 2037; x_wconf 83' lang='lat' dir='ltr'>attributuS,</span> <span class='ocrx_word' id='word_1_234' title='bbox 1652 1987 1838 2039; x_wconf 86' lang='lat' dir='ltr'>sequitur</span> 
     </span>
     <span class='ocr_line' id='line_1_28' title="bbox 343 2052 1838 2109; baseline 0.001 -15"><span class='ocrx_word' id='word_1_235' title='bbox 343 2053 389 2094; x_wconf 92' lang='lat' dir='ltr'>ut</span> <span class='ocrx_word' id='word_1_236' title='bbox 419 2052 578 2095; x_wconf 84' lang='lat' dir='ltr'>auctior</span> <span class='ocrx_word' id='word_1_237' title='bbox 607 2053 707 2096; x_wconf 88' lang='lat' dir='ltr'>deus</span> <span class='ocrx_word' id='word_1_238' title='bbox 737 2053 811 2096; x_wconf 90' lang='lat' dir='ltr'>fiat</span> <span class='ocrx_word' id='word_1_239' title='bbox 842 2054 893 2096; x_wconf 93' lang='lat' dir='ltr'>ab</span> <span class='ocrx_word' id='word_1_240' title='bbox 923 2055 1102 2106; x_wconf 85' lang='lat' dir='ltr'>homine,</span> <span class='ocrx_word' id='word_1_241' title='bbox 1134 2068 1158 2097; x_wconf 91' lang='lat' dir='ltr'>a</span> <span class='ocrx_word' id='word_1_242' title='bbox 1178 2067 1257 2109; x_wconf 91' lang='lat' dir='ltr'>quo</span> <span class='ocrx_word' id='word_1_243' title='bbox 1279 2055 1405 2098; x_wconf 89' lang='lat' dir='ltr'>fuerit</span> <span class='ocrx_word' id='word_1_244' title='bbox 1425 2068 1592 2097; x_wconf 90' lang='lat' dir='ltr'>munere</span> <span class='ocrx_word' id='word_1_245' title='bbox 1614 2056 1655 2097; x_wconf 92' lang='lat' dir='ltr'>et</span> <span class='ocrx_word' id='word_1_246' title='bbox 1676 2055 1838 2097; x_wconf 89' lang='lat' dir='ltr'>honoris</span> 
     </span>
    </p>
   </div>
   <div class='ocr_carea' id='block_1_3' title="bbox 338 2250 1838 2817">
    <p class='ocr_par' dir='ltr' id='par_1_3' title="bbox 338 2250 1838 2817">
     <span class='ocr_line' id='line_1_29' title="bbox 386 2250 1748 2304; baseline 0.002 -13"><span class='ocrx_word' id='word_1_247' title='bbox 386 2258 405 2291; x_wconf 89' lang='lat'>1</span> <span class='ocrx_word' id='word_1_248' title='bbox 431 2257 601 2302; x_wconf 87' lang='lat' dir='ltr'>euigilare</span> <span class='ocrx_word' id='word_1_249' title='bbox 627 2268 699 2292; x_wconf 90' lang='lat' dir='ltr'>sese</span> <span class='ocrx_word' id='word_1_250' title='bbox 724 2257 817 2294; x_wconf 80' lang='lat' dir='ltr'>Sab:</span> <span class='ocrx_word' id='word_1_251' title='bbox 857 2259 1046 2304; x_wconf 86' lang='lat' dir='ltr'>euigilares</span> <span class='ocrx_word' id='word_1_252' title='bbox 1071 2250 1109 2294; x_wconf 66' lang='lat' dir='ltr'>ee</span> <span class='ocrx_word' id='word_1_253' title='bbox 1132 2260 1169 2294; x_wconf 94' lang='lat' dir='ltr'><em>P</em></span> <span class='ocrx_word' id='word_1_254' title='bbox 1305 2260 1327 2294; x_wconf 87' lang='lat'><strong>3</strong></span> <span class='ocrx_word' id='word_1_255' title='bbox 1351 2260 1421 2295; x_wconf 92' lang='lat' dir='ltr'>diis</span> <span class='ocrx_word' id='word_1_256' title='bbox 1446 2271 1490 2294; x_wconf 78' lang='lat' dir='ltr'>ex</span> <span class='ocrx_word' id='word_1_257' title='bbox 1530 2259 1582 2294; x_wconf 89' lang='lat' dir='ltr'>dis</span> <span class='ocrx_word' id='word_1_258' title='bbox 1607 2270 1688 2294; x_wconf 74' lang='lat' dir='ltr'>corr</span> <span class='ocrx_word' id='word_1_259' title='bbox 1712 2260 1748 2294; x_wconf 90' lang='lat' dir='ltr'><strong><em>P</em></strong></span> 
     </span>
     <span class='ocr_line' id='line_1_30' title="bbox 339 2314 1746 2362; baseline 0.002 -14"><span class='ocrx_word' id='word_1_260' title='bbox 339 2314 549 2359; x_wconf 84' lang='lat' dir='ltr'>dignatibus</span> <span class='ocrx_word' id='word_1_261' title='bbox 573 2316 609 2350; x_wconf 92' lang='lat' dir='ltr'><strong><em>P</em></strong></span> <span class='ocrx_word' id='word_1_262' title='bbox 633 2326 713 2350; x_wconf 73' lang='lat' dir='ltr'>corr</span> <span class='ocrx_word' id='word_1_263' title='bbox 849 2318 869 2352; x_wconf 85' lang='lat'><strong>7</strong></span> <span class='ocrx_word' id='word_1_264' title='bbox 895 2319 948 2351; x_wconf 88' lang='lat' dir='ltr'>est</span> <span class='ocrx_word' id='word_1_265' title='bbox 972 2319 1008 2351; x_wconf 90' lang='lat' dir='ltr'>et</span> <span class='ocrx_word' id='word_1_266' title='bbox 1031 2317 1174 2362; x_wconf 75' lang='lat' dir='ltr'>scripsi:</span> <span class='ocrx_word' id='word_1_267' title='bbox 1199 2319 1254 2351; x_wconf 91' lang='lat' dir='ltr'>est</span> <span class='ocrx_word' id='word_1_268' title='bbox 1271 2318 1306 2352; x_wconf 90' lang='lat' dir='ltr'><em>P</em></span> <span class='ocrx_word' id='word_1_269' title='bbox 1444 2318 1485 2351; x_wconf 86' lang='lat'>11</span> <span class='ocrx_word' id='word_1_270' title='bbox 1504 2317 1647 2352; x_wconf 86' lang='lat' dir='ltr'>acclinis</span> <span class='ocrx_word' id='word_1_271' title='bbox 1673 2316 1746 2351; x_wconf 81' lang='lat' dir='ltr'>Sab</span> 
     </span>
     <span class='ocr_line' id='line_1_31' title="bbox 339 2372 1837 2419; baseline 0.001 -13"><span class='ocrx_word' id='word_1_272' title='bbox 339 2372 547 2406; x_wconf 86' lang='lat' dir='ltr'>ancillatum</span> <span class='ocrx_word' id='word_1_273' title='bbox 566 2373 879 2409; x_wconf 78' lang='lat' dir='ltr'>Hemsterhusius:</span> <span class='ocrx_word' id='word_1_274' title='bbox 910 2374 1138 2409; x_wconf 85' lang='lat' dir='ltr'>ancillatrum</span> <span class='ocrx_word' id='word_1_275' title='bbox 1163 2376 1196 2417; x_wconf 91' lang='lat' dir='ltr'>(t</span> <span class='ocrx_word' id='word_1_276' title='bbox 1221 2375 1316 2419; x_wconf 81' lang='lat' dir='ltr'>eras)</span> <span class='ocrx_word' id='word_1_277' title='bbox 1342 2375 1378 2409; x_wconf 95' lang='lat' dir='ltr'><em>P</em></span> <span class='ocrx_word' id='word_1_278' title='bbox 1400 2375 1607 2409; x_wconf 87' lang='lat' dir='ltr'>ancillarum</span> <span class='ocrx_word' id='word_1_279' title='bbox 1633 2374 1704 2409; x_wconf 84' lang='lat' dir='ltr'>Sab</span> <span class='ocrx_word' id='word_1_280' title='bbox 1730 2373 1837 2408; x_wconf 83' lang='lat' dir='ltr'>ancil-</span> 
     </span>
     <span class='ocr_line' id='line_1_32' title="bbox 340 2429 1837 2475; baseline 0.001 -13"><span class='ocrx_word' id='word_1_281' title='bbox 340 2429 473 2463; x_wconf 85' lang='lat' dir='ltr'>latrum</span> <span class='ocrx_word' id='word_1_282' title='bbox 509 2430 609 2464; x_wconf 78' lang='lat' dir='ltr'>Salm</span> <span class='ocrx_word' id='word_1_283' title='bbox 793 2431 1016 2474; x_wconf 85' lang='lat' dir='ltr'>pauibundas</span> <span class='ocrx_word' id='word_1_284' title='bbox 1048 2431 1303 2475; x_wconf 84' lang='lat' dir='ltr'>trepidationes</span> <span class='ocrx_word' id='word_1_285' title='bbox 1345 2432 1417 2466; x_wconf 78' lang='lat' dir='ltr'>Sal&gt;</span> <span class='ocrx_word' id='word_1_286' title='bbox 1601 2432 1643 2466; x_wconf 89' lang='lat'>13</span> <span class='ocrx_word' id='word_1_287' title='bbox 1677 2430 1837 2465; x_wconf 79' lang='lat' dir='ltr'>summis-</span> 
     </span>
     <span class='ocr_line' id='line_1_33' title="bbox 338 2486 1838 2533; baseline 0 -13"><span class='ocrx_word' id='word_1_288' title='bbox 338 2486 430 2520; x_wconf 89' lang='lat' dir='ltr'>sioni</span> <span class='ocrx_word' id='word_1_289' title='bbox 453 2488 488 2521; x_wconf 90' lang='lat' dir='ltr'><em>P</em></span> <span class='ocrx_word' id='word_1_290' title='bbox 512 2498 592 2522; x_wconf 82' lang='lat' dir='ltr'>corr</span> <span class='ocrx_word' id='word_1_291' title='bbox 778 2489 822 2523; x_wconf 87' lang='lat'>14</span> <span class='ocrx_word' id='word_1_292' title='bbox 852 2490 1025 2533; x_wconf 90' lang='lat' dir='ltr'>suspectio</span> <span class='ocrx_word' id='word_1_293' title='bbox 1058 2489 1146 2524; x_wconf 79' lang='lat' dir='ltr'>Urs.-</span> <span class='ocrx_word' id='word_1_294' title='bbox 1186 2489 1358 2533; x_wconf 60' lang='lat' dir='ltr'>susceptio</span> <span class='ocrx_word' id='word_1_295' title='bbox 1385 2489 1421 2523; x_wconf 91' lang='lat' dir='ltr'><strong><em>P</em></strong></span> <span class='ocrx_word' id='word_1_296' title='bbox 1606 2489 1647 2522; x_wconf 85' lang='grc'>17</span> <span class='ocrx_word' id='word_1_297' title='bbox 1681 2488 1774 2522; x_wconf 89' lang='lat' dir='ltr'>stadi</span> <span class='ocrx_word' id='word_1_298' title='bbox 1804 2488 1838 2520; x_wconf 90' lang='lat' dir='ltr'><em>P</em></span> 
     </span>
     <span class='ocr_line' id='line_1_34' title="bbox 340 2545 1834 2591; baseline 0.001 -14"><span class='ocrx_word' id='word_1_299' title='bbox 340 2553 421 2578; x_wconf 79' lang='lat' dir='ltr'>corr</span> <span class='ocrx_word' id='word_1_300' title='bbox 436 2547 465 2579; x_wconf 66' lang='grc' dir='ltr'>θ’</span> <span class='ocrx_word' id='word_1_301' title='bbox 592 2547 635 2581; x_wconf 86' lang='grc'>18</span> <span class='ocrx_word' id='word_1_302' title='bbox 651 2545 808 2591; x_wconf 85' lang='lat' dir='ltr'>fastigiis</span> <span class='ocrx_word' id='word_1_303' title='bbox 824 2547 973 2591; x_wconf 78' lang='lat' dir='ltr'>scripsi.-</span> <span class='ocrx_word' id='word_1_304' title='bbox 998 2546 1151 2580; x_wconf 86' lang='lat' dir='ltr'>fastibus</span> <span class='ocrx_word' id='word_1_305' title='bbox 1168 2547 1202 2579; x_wconf 90' lang='lat' dir='ltr'><em>P</em></span> <span class='ocrx_word' id='word_1_306' title='bbox 1323 2547 1366 2580; x_wconf 86' lang='lat'>19</span> <span class='ocrx_word' id='word_1_307' title='bbox 1382 2545 1426 2580; x_wconf 92' lang='lat' dir='ltr'>ad</span> <span class='ocrx_word' id='word_1_308' title='bbox 1442 2546 1478 2580; x_wconf 91' lang='lat' dir='ltr'><em>P</em></span> <span class='ocrx_word' id='word_1_309' title='bbox 1493 2556 1574 2580; x_wconf 84' lang='lat' dir='ltr'>corr</span> <span class='ocrx_word' id='word_1_310' title='bbox 1695 2545 1834 2588; x_wconf 87' lang='lat' dir='ltr'>quaero]</span> 
     </span>
     <span class='ocr_line' id='line_1_35' title="bbox 338 2601 1746 2638; baseline 0.001 -4"><span class='ocrx_word' id='word_1_311' title='bbox 338 2611 418 2635; x_wconf 89' lang='lat' dir='ltr'>uero</span> <span class='ocrx_word' id='word_1_312' title='bbox 450 2601 518 2636; x_wconf 74' lang='lat' dir='ltr'>Urs</span> <span class='ocrx_word' id='word_1_313' title='bbox 701 2602 745 2637; x_wconf 92' lang='grc'>20</span> <span class='ocrx_word' id='word_1_314' title='bbox 775 2603 896 2638; x_wconf 88' lang='lat' dir='ltr'>addier</span> <span class='ocrx_word' id='word_1_315' title='bbox 924 2603 1232 2638; x_wconf 70' lang='lat' dir='ltr'>Hildebrandius:</span> <span class='ocrx_word' id='word_1_316' title='bbox 1263 2602 1389 2638; x_wconf 82' lang='lat' dir='ltr'>addere</span> <span class='ocrx_word' id='word_1_317' title='bbox 1415 2603 1451 2637; x_wconf 92' lang='lat' dir='ltr'><em>P</em></span> <span class='ocrx_word' id='word_1_318' title='bbox 1479 2603 1639 2637; x_wconf 85' lang='lat' dir='ltr'>accedere</span> <span class='ocrx_word' id='word_1_319' title='bbox 1677 2602 1746 2636; x_wconf 78' lang='lat' dir='ltr'>Urs</span> 
     </span>
     <span class='ocr_line' id='line_1_36' title="bbox 338 2657 1836 2695; baseline 0.001 -4"><span class='ocrx_word' id='word_1_320' title='bbox 338 2657 616 2693; x_wconf 85' lang='lat' dir='ltr'>confectionibus</span> <span class='ocrx_word' id='word_1_321' title='bbox 633 2660 840 2695; x_wconf 79' lang='lat' dir='ltr'>Meursius:</span> <span class='ocrx_word' id='word_1_322' title='bbox 867 2660 1145 2695; x_wconf 87' lang='lat' dir='ltr'>coniectionibus</span> <span class='ocrx_word' id='word_1_323' title='bbox 1162 2661 1198 2695; x_wconf 92' lang='lat' dir='ltr'><em>P</em></span> <span class='ocrx_word' id='word_1_324' title='bbox 1221 2660 1469 2695; x_wconf 88' lang='lat' dir='ltr'>collationibus</span> <span class='ocrx_word' id='word_1_325' title='bbox 1488 2659 1562 2694; x_wconf 74' lang='lat' dir='ltr'>Sao</span> <span class='ocrx_word' id='word_1_326' title='bbox 1678 2660 1722 2693; x_wconf 89' lang='grc'>22</span> <span class='ocrx_word' id='word_1_327' title='bbox 1747 2658 1836 2693; x_wconf 89' lang='lat' dir='ltr'>occi-</span> 
     </span>
     <span class='ocr_line' id='line_1_37' title="bbox 338 2715 1836 2762; baseline 0.001 -14"><span class='ocrx_word' id='word_1_328' title='bbox 338 2715 442 2759; x_wconf 88' lang='lat' dir='ltr'>piunt</span> <span class='ocrx_word' id='word_1_329' title='bbox 466 2715 780 2752; x_wconf 67' lang='lat' dir='ltr'>Hildebrandius:</span> <span class='ocrx_word' id='word_1_330' title='bbox 805 2718 1008 2762; x_wconf 87' lang='lat' dir='ltr'>concipiunt</span> <span class='ocrx_word' id='word_1_331' title='bbox 1027 2718 1062 2752; x_wconf 91' lang='lat' dir='ltr'><em>P</em></span> <span class='ocrx_word' id='word_1_332' title='bbox 1085 2717 1262 2762; x_wconf 90' lang='lat' dir='ltr'>incipiunt</span> <span class='ocrx_word' id='word_1_333' title='bbox 1285 2717 1355 2752; x_wconf 66' lang='grc' dir='ltr'>θεῖ</span> <span class='ocrx_word' id='word_1_334' title='bbox 1492 2717 1536 2751; x_wconf 87' lang='grc'>23</span> <span class='ocrx_word' id='word_1_335' title='bbox 1560 2717 1667 2760; x_wconf 87' lang='lat' dir='ltr'>adqui</span> <span class='ocrx_word' id='word_1_336' title='bbox 1693 2717 1730 2760; x_wconf 88' lang='lat' dir='ltr'>(d</span> <span class='ocrx_word' id='word_1_337' title='bbox 1753 2726 1836 2751; x_wconf 82' lang='lat' dir='ltr'>corr</span> 
     </span>
     <span class='ocr_line' id='line_1_38' title="bbox 338 2773 1744 2817; baseline 0.001 -10"><span class='ocrx_word' id='word_1_338' title='bbox 338 2773 379 2807; x_wconf 71' lang='lat' dir='ltr'>in</span> <span class='ocrx_word' id='word_1_339' title='bbox 396 2774 425 2816; x_wconf 88' lang='lat' dir='ltr'>t)</span> <span class='ocrx_word' id='word_1_340' title='bbox 445 2773 480 2807; x_wconf 93' lang='lat' dir='ltr'><em>P</em></span> <span class='ocrx_word' id='word_1_341' title='bbox 502 2774 625 2817; x_wconf 87' lang='lat' dir='ltr'>atquin</span> <span class='ocrx_word' id='word_1_342' title='bbox 643 2785 662 2807; x_wconf 81' lang='lat' dir='ltr'>r</span> <span class='ocrx_word' id='word_1_343' title='bbox 800 2775 845 2809; x_wconf 82' lang='grc'>24</span> <span class='ocrx_word' id='word_1_344' title='bbox 868 2775 999 2810; x_wconf 87' lang='lat' dir='ltr'>iudicio</span> <span class='ocrx_word' id='word_1_345' title='bbox 1024 2775 1060 2809; x_wconf 91' lang='lat' dir='ltr'><em>P</em></span> <span class='ocrx_word' id='word_1_346' title='bbox 1075 2785 1154 2810; x_wconf 81' lang='lat' dir='ltr'>corr</span> <span class='ocrx_word' id='word_1_347' title='bbox 1291 2775 1337 2810; x_wconf 86' lang='grc'>25</span> <span class='ocrx_word' id='word_1_348' title='bbox 1360 2774 1555 2809; x_wconf 88' lang='lat' dir='ltr'>oblactione</span> <span class='ocrx_word' id='word_1_349' title='bbox 1573 2775 1608 2808; x_wconf 90' lang='lat' dir='ltr'><em>P</em></span> <span class='ocrx_word' id='word_1_350' title='bbox 1624 2784 1707 2809; x_wconf 80' lang='lat' dir='ltr'>corr</span> <span class='ocrx_word' id='word_1_351' title='bbox 1723 2784 1744 2808; x_wconf 85' lang='lat' dir='ltr'>r</span> 
     </span>
    </p>
   </div>
  </div>
 </body>
</html>
