2032 3248
198 1914 221 1948 f.
238 1914 319 1947 1291’

326 207 409 250 228
743 203 931 238 Arnobii
956 203 1172 237 aduersus
1196 203 1400 237 nationes

328 321 517 363 diducere
556 321 599 362 in
638 320 822 362 membra
860 319 1058 361 resolutos
1096 330 1314 372 omnesque
1355 319 1450 361 illas
1490 320 1629 373 partes
1675 319 1822 372 quibus

328 402 490 432 summa
530 389 787 431 concluditur
827 399 1040 442 corporum
1083 388 1281 429 discretas
1320 400 1366 430 ac
1405 388 1587 442 singulas
1618 389 1820 430 contueri:

327 459 569 501 iamdudum
599 458 701 500 istos
733 456 932 498 uideretis
964 457 1073 507 deos,
1105 468 1205 510 quos
1238 457 1411 498 exterior
1441 457 1592 499 leuitas
1622 457 1822 498 lenocinio

328 527 501 583 fulgoris
532 527 748 581 augustat,
780 525 1074 568 lamminarum
1105 525 1302 567 flatilium
1342 538 1428 567 esse
1459 527 1607 578 crateS,
1639 527 1824 580 particu-

328 597 461 639 larum
506 596 748 651 coagmenta
792 594 1059 646 deformium,
1106 594 1157 637 ab
1188 594 1401 636 ruinarum
1431 595 1591 636 casibus
1622 596 1663 636 et
1694 595 1824 637 disso-
1855 610 1868 635 ⁵

328 666 499 708 lutionis
530 667 643 707 metu
683 664 954 706 subscudibus
986 666 1027 705 et
1058 663 1232 715 catenis,
1273 664 1388 705 uncis
1420 666 1542 717 atque
1574 664 1730 706 ansulis
1761 676 1823 705 re-

329 736 480 778 tentari
535 735 721 788 interque
768 745 906 775 omnes
958 733 1070 775 sinus
1125 732 1570 786 commissurarumque
1615 733 1824 774 iuncturas

328 804 545 858 plumbum
574 803 634 845 ire
672 802 875 844 suffusum
907 802 947 843 et
979 801 1179 844 salutares
1210 814 1345 843 moras
1377 801 1588 856 signorum
1619 801 1825 843 diuturni-

328 873 484 916 tatibus
524 872 792 914 commodare.
838 870 1058 920 uideretis,
1098 870 1285 923 inquam,
1326 870 1570 912 iamdudum
1602 870 1707 912 solas
1739 870 1826 912 sine

329 941 533 995 occipitiis
563 940 699 991 facies,
730 951 875 981 manus
897 939 983 981 sine
1005 939 1218 989 bracchiis,
1242 938 1486 992 semiplenas
1496 966 1526 990 *,
1550 943 1711 982 uentres
1734 952 1826 982 cum
1841 958 1872 982 ιο

330 1010 529 1054 lateribus
552 1008 802 1059 dimidiatos,
834 1009 1070 1061 plantarum
1090 1008 1314 1062 inperfecta
1335 1008 1525 1063 uestigia,
1551 1009 1591 1050 et
1611 1011 1717 1062 quod
1738 1023 1827 1052 ma-

330 1081 438 1123 xime
465 1080 594 1121 risum
616 1078 733 1128 ferat,
766 1078 881 1131 parte
901 1077 1061 1131 ligneos
1082 1077 1178 1119 deos
1201 1090 1247 1119 ex
1269 1090 1361 1128 una,
1395 1078 1437 1119 at
1458 1089 1505 1120 ex
1525 1078 1654 1120 altera
1675 1090 1826 1131 saxeos,

330 1148 581 1202 inaequabili
612 1160 826 1202 corporum
866 1146 1165 1189 constructione
1196 1147 1436 1189 contractos.
1485 1160 1589 1200 quae
1621 1147 1656 1189 si
1685 1148 1828 1201 utique
1858 1155 1860 1159 '

330 1217 505 1272 perspici
535 1217 749 1259 obscurata
780 1216 867 1258 arte
897 1228 976 1257 non
997 1215 1172 1269 quirent,
1205 1215 1273 1258 uel
1294 1216 1382 1269 ipsa
1402 1227 1474 1257 uos
1496 1215 1642 1258 saltem
1663 1229 1766 1269 quae
1786 1217 1829 1258 in

331 1286 464 1329 medio
505 1286 587 1328 sita
627 1286 724 1328 sunt
764 1285 908 1327 docere
949 1285 1072 1338 atque
1112 1297 1276 1327 monere
1316 1285 1563 1335 debuerunt,
1606 1297 1727 1339 agere
1757 1297 1828 1327 uos
1843 1303 1874 1328 15

332 1356 438 1397 nihil
468 1356 509 1398 et
545 1356 648 1397 circa
677 1367 742 1397 res
782 1367 916 1397 cassas
957 1353 1185 1396 officiorum
1225 1354 1461 1408 impendere
1501 1354 1722 1397 uanitateS.
1767 1355 1828 1400 ita

332 1426 442 1467 enim
472 1437 551 1466 non
578 1424 730 1466 uidetis
753 1423 954 1478 spirantia
974 1423 1072 1465 haec
1094 1423 1223 1477 signa,
1256 1435 1429 1476 quorum
1449 1423 1614 1476 plantas
1637 1426 1677 1465 et
1698 1435 1829 1477 genua

332 1494 572 1548 contingitis
602 1495 644 1535 et
674 1492 939 1535 contrectatis
970 1495 1146 1542 orantes,
1179 1492 1298 1534 modo
1330 1493 1490 1534 casibus
1523 1492 1828 1534 stillicidiorum

331 1562 430 1613 labi,
461 1561 692 1616 putredinis
722 1561 842 1603 modo
874 1561 981 1603 carie
1010 1561 1207 1612 relaxari,
1241 1562 1288 1603 ut
1318 1561 1531 1603 nidoribus
1562 1564 1685 1615 atque
1715 1561 1827 1602 fumo

331 1631 473 1674 suffita
503 1644 550 1673 ac
581 1631 811 1673 decolorata
836 1630 1083 1685 nigrescant,
1117 1630 1463 1683 quemadmodum
1491 1631 1615 1672 saecli
1635 1630 1829 1684 longioris
1843 1645 1877 1672 20

330 1699 487 1741 incuria
515 1700 687 1753 perdant
719 1699 804 1741 situ
836 1699 990 1752 species
1022 1699 1063 1740 et
1094 1699 1279 1753 robigine
1311 1700 1657 1741 conuulnerentur
1687 1702 1830 1742 exesa?

331 1768 411 1822 ita,
459 1769 648 1822 inquam,
694 1781 774 1810 non
819 1767 971 1809 uidetis
1017 1767 1091 1809 sub
1137 1767 1314 1809 istorum
1359 1767 1674 1810 simulacrorum
1719 1769 1830 1811 cauis

335 1838 528 1880 steliones
567 1838 716 1879 sorices
746 1850 883 1879 mures
914 1838 1151 1890 blattasque
1181 1837 1385 1891 lucifugas
1416 1838 1652 1880 nidamenta
1682 1849 1830 1891 ponere

340 1905 345 1962 Ι
380 1908 503 1960 atque
539 1907 744 1957 habitare,
787 1905 1006 1960 spurcitias
1046 1906 1126 1948 huc
1156 1917 1297 1948 omnes
1329 1909 1450 1959 atque
1482 1906 1563 1948 alia
1592 1906 1733 1948 usibus
1764 1919 1829 1948 ac-

336 1975 594 2018 commodata
615 1975 849 2026 conducere,
872 1975 1058 2017 semirosi
1079 1975 1252 2016 duritias
1273 1975 1391 2029 panis
1415 1972 1602 2031 [pannis],
1632 1987 1720 2017 ossa
1740 1976 1767 2028 ἦ·
1788 1975 1831 2016 in
1845 1990 1877 2016 25

335 2056 448 2099 spem
479 2044 624 2098 tracta,
655 2055 811 2097 pannos
840 2044 1080 2099 lanuginem
1110 2043 1319 2086 chartulas
1355 2044 1591 2086 nidulorum
1627 2045 1671 2085 in
1693 2044 1828 2086 molli-

383 2205 402 2238 1
427 2203 589 2237 diducere
619 2202 822 2237 Graeuius:
847 2202 1013 2237 deducere
1039 2203 1074 2237 P
1209 2202 1232 2237 4
1256 2204 1428 2247 angustat
1454 2203 1526 2237 Sab
1665 2202 1834 2237 flatilium

336 2260 428 2296 Sab:
453 2260 622 2295 fleuilium
640 2261 675 2295 P
697 2260 873 2294 fiabilium
890 2259 1181 2295 Hildebrandius
1319 2261 1340 2295 5
1364 2271 1383 2294 a
1401 2259 1474 2295 Sab
1613 2260 1634 2294 6
1651 2259 1835 2294 subscudi-

336 2317 403 2352 bus
421 2317 505 2359 Sab,
522 2328 560 2352 r:
578 2317 792 2352 subcudibus
810 2318 846 2352 P
960 2318 978 2351 7
997 2317 1159 2362 interque
1178 2317 1265 2353 ffel.-
1283 2317 1378 2352 inter
1394 2327 1482 2362 quae
1501 2318 1537 2351 P
1651 2318 1694 2352 10
1709 2328 1835 2351 manus

338 2376 414 2409 sine
437 2375 593 2410 brachiis
618 2375 845 2419 semiplenas,
876 2378 1017 2409 ucntres
1042 2376 1152 2421 uulyo
1335 2376 1507 2410 lacunam
1530 2375 1698 2420 siyvzaui:
1722 2386 1834 2409 mam-

336 2443 411 2466 mas
435 2432 492 2467 uel
515 2435 615 2466 nates
640 2432 867 2467 intercidisse
891 2432 1039 2467 uidetur
1176 2433 1219 2467 12
1243 2431 1324 2466 deos
1350 2432 1425 2466 add
1447 2432 1746 2467 Hildebrandius

337 2491 376 2524 at
393 2489 486 2524 Sab:
511 2492 569 2524 ate
586 2490 622 2524 P
760 2490 803 2524 13
820 2499 908 2533 quae
927 2489 1021 2524 Sab:
1046 2500 1116 2534 qua
1132 2489 1169 2524 P
1299 2490 1343 2523 14
1360 2489 1548 2524 obscurata
1572 2490 1659 2524 Urs.-
1681 2489 1835 2524 obscuri-

337 2547 425 2581 tatis
450 2547 486 2580 P
633 2546 677 2581 16
701 2556 816 2580 cassas
843 2546 934 2581 Sabe
970 2557 1091 2580 causas
1117 2547 1152 2581 P
1302 2547 1345 2581 21
1371 2547 1443 2581 situ
1474 2547 1560 2582 Urs.-
1595 2547 1686 2581 situs
1712 2547 1747 2581 P

338 2604 450 2648 specie
475 2603 548 2638 Sab
676 2605 824 2649 speciem
849 2604 921 2638 situ
945 2604 1135 2638 Heraldus
1261 2614 1358 2638 exesa
1382 2605 1422 2639 in
1446 2614 1508 2639 ras
1531 2614 1550 2639 c
1670 2604 1714 2638 22
1738 2604 1835 2638 cauis

344 2660 429 2696 θεῖε
453 2661 568 2695 causis
593 2662 629 2696 P
779 2662 824 2696 25
848 2662 975 2705 pannis
999 2673 1055 2696 om
1081 2661 1151 2697 Sab
1174 2661 1280 2696 famis
1307 2661 1407 2696 Salm
1558 2662 1654 2697 inter
1676 2662 1779 2706 panis
1805 2665 1837 2697 et

337 2728 415 2753 ossa
438 2718 661 2754 intercidisse
685 2730 806 2754 carnes
830 2719 889 2753 uel
911 2719 1025 2754 simile
1050 2719 1139 2763 quid
1159 2723 1270 2764 putat
1294 2719 1448 2754 Zinkius
1625 2719 1669 2753 26
1693 2721 1835 2763 stupam

345 2775 413 2811 Urs
448 2786 586 2820 specum
611 2777 795 2822 Riqaltius
831 2787 946 2821 sepem
971 2777 1008 2812 O.
1033 2777 1212 2811 Barthius
1249 2776 1374 2822 dapem
1399 2776 1553 2811 Zinkius
1697 2776 1833 2821 dapem,

338 2834 491 2868 tractare
515 2833 671 2868 Zinkius
808 2844 940 2878 pannos
965 2833 1060 2869 Sab:
1084 2844 1194 2868 annos
1213 2834 1249 2869 P
1385 2833 1537 2868 mollitie
1562 2833 1635 2869 Sab
