2032 3248
382 220 459 258 114
1011 211 1254 256 Appendix.

375 321 505 360 taliter
526 331 631 358 mons
654 320 742 358 Sion
764 331 856 358 crux
876 320 935 357 est
956 330 1052 367 quae
1074 321 1134 357 est
1155 318 1280 357 uirtus
1301 318 1372 357 Dei
1390 319 1563 367 apostolo
1580 318 1699 357 Paulo
1716 319 1886 358 dicente:

375 403 489 429 crux
521 389 710 429 Christi
750 400 841 427 non
879 388 1197 427 credentibus
1230 388 1464 427 stultitia
1494 390 1594 435 est,
1642 388 1888 427 credenti-

374 460 460 498 bus
493 461 650 498 autem
680 459 844 497 uirtus
875 458 962 496 Dei
992 469 1106 496 crux
1137 459 1223 505 est,
1256 459 1294 495 et
1315 457 1454 495 iterum
1474 457 1589 495 dicit:
1612 469 1697 496 nos
1728 458 1889 496 autem

373 529 719 568 adnuntiamus
756 527 894 566 uobis
926 527 1189 574 Christum,
1234 528 1281 565 et
1311 527 1436 565 hunc
1466 526 1783 574 crucifixum,
1815 527 1889 565 Iu-

373 598 510 637 daeis
549 598 737 646 quidem
775 597 1082 643 scandalum,
1122 596 1356 644 gentibus
1395 597 1555 634 autem
1585 595 1917 635 stultitiamtf,

372 667 496 715 ipsis
534 668 692 705 autem
732 666 914 705 uocitis
955 665 1156 704 Iudaeis
1195 666 1242 703 et
1290 665 1492 704 Graecis
1523 665 1609 704 Dei
1649 665 1813 704 uirtus
1844 667 1890 703 et

371 737 458 776 Dei
480 736 735 785 sapientia.
759 735 813 774 sic
834 747 966 774 uerum
987 736 1026 773 et
1042 733 1139 772 alius
1160 734 1347 782 propheta
1379 734 1549 773 declarat
1569 733 1718 783 lignum
1737 735 1887 783 passio-

371 807 433 845 nis
463 806 680 845 Dominicae
711 816 793 843 esse
822 806 986 842 montem
1008 803 1097 842 Sion
1120 805 1306 851 sanctum,
1330 803 1371 841 in
1392 803 1531 852 spiritu
1553 804 1608 841 ita
1629 803 1742 843 dicit:
1776 805 1888 852 quis

372 875 606 914 ascendet
647 874 695 912 in
738 875 943 912 montem
987 872 1198 920 Domini,
1245 874 1290 911 et
1334 872 1442 921 quis
1486 873 1647 911 stabit
1689 874 1737 911 in
1780 874 1886 913 loco

372 946 542 983 sancto
573 944 708 982 eius?
748 943 980 982 innocens
1012 943 1234 981 manibus
1266 945 1311 980 et
1342 943 1514 981 mundo
1546 943 1685 981 corde
1716 944 1935 984 dextram

371 1015 611 1062 laeuaque
657 1013 883 1051 extensis
938 1012 1098 1051 clauis
1144 1011 1266 1050 fixis
1320 1011 1655 1051 innocentiam
1697 1013 1885 1051 demon-

371 1086 549 1122 strans.
594 1083 677 1122 ideo
717 1081 809 1121 dicit
839 1082 1019 1120 innocens
1049 1082 1224 1120 manibus
1255 1083 1293 1119 et
1323 1081 1486 1120 mundus
1516 1083 1639 1120 corde.
1687 1082 1767 1129 qui
1797 1094 1887 1120 non

371 1153 568 1201 accepit
598 1153 646 1190 in
675 1164 795 1190 uano
835 1151 1039 1189 animam
1081 1162 1213 1189 suam
1243 1152 1290 1188 et
1319 1162 1411 1188 non
1450 1151 1640 1188 iurauit
1682 1151 1885 1190 subdole

369 1222 582 1271 proximo
613 1233 708 1267 suo,
741 1233 763 1258 a
794 1220 994 1259 Domino
1027 1231 1108 1259 suo
1140 1220 1217 1258 hic
1246 1220 1462 1267 accipiet
1493 1219 1885 1259 benedictionem

369 1292 415 1329 et
445 1290 836 1329 misericordiam
857 1302 879 1328 a
900 1290 994 1328 Deo
1027 1289 1243 1327 salutari
1274 1301 1371 1328 suo.
1404 1290 1525 1328 omnis
1544 1290 1668 1337 passio
1690 1291 1930 1329 hominum15

370 1361 410 1398 in
450 1362 554 1398 terra
598 1361 730 1407 cadet,
761 1360 854 1397 haec
884 1360 965 1398 sola
996 1359 1123 1407 passio
1154 1359 1275 1398 crucis
1311 1361 1476 1397 stantem
1499 1361 1752 1398 demonstrat:
1785 1362 1884 1399 unde

371 1441 503 1468 uerum
524 1430 683 1468 dicimus
704 1431 868 1467 montem
891 1430 1065 1467 sanctum
1086 1428 1235 1476 lignum
1256 1440 1339 1466 esse
1362 1428 1564 1476 passionis.
1597 1429 1684 1466 inde
1706 1429 1884 1467 innocens

370 1499 545 1536 manibus
567 1500 605 1536 et
626 1498 788 1535 mundus
811 1499 941 1536 corde:
981 1498 1050 1535 hoc
1072 1498 1172 1535 dicto
1205 1498 1426 1545 prophetico
1449 1498 1608 1536 Iudaeos
1630 1499 1883 1546 redarguebat:

370 1567 434 1615 qui
455 1568 612 1616 Moysen
638 1568 873 1615 praeponent
895 1566 1046 1605 Christo
1069 1566 1218 1605 domino
1240 1566 1358 1613 illius,
1382 1578 1424 1604 eo
1446 1567 1546 1614 quod
1568 1567 1719 1616 Moyses
1740 1578 1825 1605 cum
1842 1568 1882 1605 in

369 1638 536 1674 montem
558 1636 649 1673 Sina
670 1636 917 1681 ascendisset,
939 1637 982 1673 ut
1002 1636 1125 1684 legem
1146 1635 1299 1674 Iudaeis
1322 1636 1524 1683 acciperet,
1556 1636 1733 1674 innocens
1754 1637 1877 1675 mani·
1895 1648 1928 1673 ρο

368 1706 440 1744 bus
475 1707 514 1743 et
546 1705 684 1743 mundo
720 1706 830 1744 corde
865 1717 939 1744 non
973 1705 1060 1743 fuit.
1101 1715 1170 1743 nec
1207 1716 1269 1743 ore
1305 1705 1405 1743 enim
1441 1705 1604 1743 mundus
1644 1717 1713 1744 nec
1735 1725 1791 1747 *ae
1813 1708 1880 1745 sed

368 1775 491 1820 corde,
509 1786 550 1813 eo
564 1774 663 1822 quod
679 1773 910 1823 Aegyptium
926 1774 1027 1812 calce
1043 1774 1276 1822 percusserit
1292 1774 1332 1811 in
1350 1774 1525 1822 Aegypto
1543 1776 1580 1811 et
1597 1775 1878 1813 mortiferatum

459 1942 480 1975 2
506 1942 524 1976 Ι
550 1943 627 1978 Cor.
654 1944 684 1984 1,
709 1943 754 1977 23
779 1954 828 1987 sq.
970 1944 992 1977 8
1018 1943 1074 1977 Ps.
1101 1943 1155 1984 23,
1182 1944 1214 1978 3.
1241 1944 1271 1978 4.
1299 1944 1331 1976 ἴ).

460 2091 480 2124 1
506 2090 611 2134 paulo
637 2101 703 2125 om.
732 2102 752 2125 υ
913 2091 1089 2126 dicentem
1117 2092 1149 2126 T
1302 2094 1324 2127 3
1349 2104 1431 2128 crux
1458 2094 1573 2128 uirtus
1599 2094 1654 2129 dei
1680 2096 1734 2128 est
1759 2095 1831 2138 Μμ

371 2151 392 2184 6
415 2149 551 2183 uocatis
578 2161 625 2194 μυ
780 2151 888 2184 crecis
915 2151 964 2185 M
1138 2151 1195 2185 dei
1221 2152 1336 2185 uirtus
1363 2163 1408 2186 eac
1433 2152 1609 2187 diuinitus
1635 2167 1660 2198 μ
1685 2164 1729 2187 m.
1757 2155 1792 2193 2,
1820 2153 1877 2187 dei

367 2207 541 2241 uirtutem
560 2219 581 2242 υ
712 2208 732 2242 7
758 2208 975 2253 sapientiam
1000 2220 1020 2243 v
1152 2220 1295 2244 euerum
1324 2211 1365 2251 T,
1392 2212 1441 2246 sic
1467 2222 1549 2246 uero
1575 2212 1644 2247 Mv
1776 2214 1797 2246 ὃ
1823 2212 1875 2246 di-

365 2275 447 2299 cens
472 2265 538 2310 u²v
675 2266 696 2300 9
721 2267 756 2299 et
782 2266 874 2310 quis]
901 2267 965 2300 aut
989 2267 1068 2311 quis
1093 2278 1114 2302 v
1270 2268 1314 2302 10
1338 2270 1374 2302 et
1399 2269 1531 2304 mundo
1557 2270 1658 2304 corde
1683 2280 1749 2304 om.
1778 2270 1831 2305 Τυ

365 2321 506 2356 dextera
529 2334 551 2357 v
709 2324 752 2357 11
777 2324 866 2358 fixus
894 2337 918 2369 μ
1075 2325 1120 2359 12
1144 2325 1275 2360 mundo
1301 2327 1369 2361 Mv
1525 2327 1568 2361 13
1593 2327 1742 2362 subdolo
1772 2329 1830 2372 Τμ

368 2379 412 2413 14
436 2390 456 2413 a
480 2379 620 2415 domino
643 2385 726 2425 post
751 2381 1035 2416 benedictionem
1060 2383 1153 2427 Μμυ
1310 2395 1372 2418 suo
1400 2395 1466 2419 om.
1491 2385 1565 2429 Μμ
1720 2385 1792 2430 hic]
1811 2407 1827 2424 2
1845 2386 1876 2419 is

367 2450 393 2481 μ
417 2438 440 2471 h
467 2448 557 2472 eras.
712 2439 756 2474 15
780 2439 937 2474 salutare
963 2441 1011 2474 M
1165 2442 1209 2476 16
1233 2443 1367 2476 terram
1395 2454 1443 2487 μυ
1603 2443 1721 2487 passio
1747 2444 1875 2488 crucis]

366 2495 541 2539 passionis
568 2497 601 2530 T
734 2498 776 2531 17
802 2508 883 2532 uere
909 2512 933 2543 μ
960 2509 978 2532 e
1002 2499 1044 2532 in
1068 2510 1153 2540 ras„
1179 2500 1328 2535 uerbum
1352 2501 1402 2535 M
1537 2501 1580 2535 18
1604 2501 1735 2535 mundo
1761 2501 1830 2536 Mv

367 2552 470 2586 cordo
496 2553 536 2585 M
673 2554 718 2588 19
743 2558 962 2600 praeponunt
987 2567 1046 2600 μυ,
1070 2559 1320 2601 praemonente
1345 2559 1397 2593 M
1509 2558 1555 2592 20
1578 2559 1631 2602 ut]
1658 2560 1694 2592 et
1718 2560 1759 2592 ut
1784 2559 1832 2594 M

365 2609 411 2643 21
435 2611 471 2644 et
494 2610 624 2645 mundo
650 2612 752 2646 eorde
777 2623 844 2648 om.
871 2613 928 2658 Τμ
1022 2624 1083 2648 nec
1108 2625 1170 2649 nee
1195 2617 1249 2660 μῑ,
1275 2626 1387 2660 neque
1411 2616 1459 2650 M
1557 2626 1615 2650 ore
1640 2627 1705 2650 om.
1733 2617 1828 2660 Μμυ

366 2666 461 2700 enim
486 2677 551 2701 om.
578 2681 602 2712 μ
794 2680 856 2705 nec
882 2670 943 2704 sed
968 2671 1069 2705 corde
1096 2672 1135 2714 T,
1161 2683 1227 2708 om.
1253 2674 1365 2718 Mum
1390 2673 1478 2715 fort.
1505 2683 1567 2707 nec
1591 2684 1700 2708 manu
1725 2674 1786 2708 sed
1811 2685 1873 2709 nec

365 2722 468 2758 corde
604 2726 649 2759 22
674 2726 804 2761 calcem
828 2727 911 2762 MT
1046 2731 1239 2774 aegyptum
1264 2731 1312 2765 M
1447 2730 1711 2765 mortiferatum
1728 2733 1871 2776 scripsi,

364 2780 549 2815 mortifera
574 2792 653 2816 cum
679 2783 761 2827 Τμῑ.
787 2784 990 2819 mortiferat
1015 2796 1092 2820 eum
1112 2788 1167 2831 μ’,
1192 2787 1436 2822 mortiferauit
1461 2799 1540 2823 eum
1567 2799 1646 2823 cum
1664 2789 1719 2826 M.
1745 2789 1872 2824 morti-

364 2836 525 2871 ficauerit
550 2849 628 2872 eum
654 2842 690 2873 et
714 2851 734 2873 υ
