2032 3248
372 251 425 291 60
1005 245 1247 290 Appendix.

370 353 532 392 effudi
595 353 715 390 iram
776 363 926 390 meam
986 363 1132 399 super
1179 363 1256 390 eos
1314 353 1359 389 et
1421 351 1748 390 disseminaui
1798 362 1879 390 eos

372 422 501 460 inter
553 423 724 469 gentes
780 422 828 458 et
879 421 1140 458 secundum
1189 422 1400 468 peccata
1449 431 1607 458 eorum
1655 420 1881 458 iudicaui

372 502 472 537 eOS‚
535 490 648 538 quia
705 489 1164 537 coinquinauerunt
1219 490 1441 527 sanctum
1495 499 1662 543 nomen
1716 500 1879 527 meum.

371 561 419 598 et
460 559 573 607 quia
614 559 804 596 dictum
845 560 922 596 est
965 558 1016 596 de
1057 558 1152 596 his:
1203 558 1280 596 hic
1322 558 1394 595 est
1434 557 1639 604 populus
1680 557 1880 605 Domini,

372 627 566 676 peperci
627 628 700 666 eis
766 628 967 675 propter
1022 628 1239 665 sanctum
1294 637 1460 664 nomen
1514 637 1692 673 meum,
1758 626 1909 674 quod-¹»

374 697 563 745 spreuit
613 698 778 736 domus
826 696 988 735 Israel
1036 696 1172 734 inter
1211 697 1398 744 gentes.
1456 697 1494 733 et
1535 695 1766 742 coniungens
1807 694 1881 733 ait:

372 766 636 813 propterea
677 766 751 804 dic
805 765 989 814 populo
1045 764 1241 803 Israel:
1290 765 1408 803 haec
1460 764 1586 802 dicit
1624 763 1882 802 Dominus:

372 845 461 872 non
502 835 645 873 uobis
680 846 827 882 parco
869 835 1031 872 domus
1072 834 1246 881 Israel,
1290 834 1371 871 sed
1411 834 1616 882 propter
1664 835 1886 871 sanctum

373 915 538 942 nomen
578 915 724 942 meum
765 915 976 951 parcam,
1019 903 1144 951 quod
1184 902 1553 950 coinquinastis
1594 902 1732 940 inter
1773 914 1883 951 gen-

374 973 468 1019 tes,
519 974 564 1010 et
606 971 782 1010 scietis
839 972 952 1020 quia
1009 983 1095 1020 ego
1136 971 1389 1017 Dominus,
1445 982 1544 1009 cum
1600 970 1934 1010 sanctifica-10

373 1041 460 1080 bor
511 1041 557 1079 in
605 1040 759 1079 uobis.
818 1040 908 1078 item
961 1039 1141 1078 Dominus
1183 1040 1230 1077 ad
1271 1040 1449 1078 eundem:
1508 1039 1600 1077 fili
1654 1039 1885 1086 hominis,

375 1111 450 1149 dic
498 1110 670 1158 populo
723 1110 903 1148 Israel:
955 1121 1100 1157 quare
1151 1109 1315 1148 locuti
1364 1109 1492 1147 estis
1534 1108 1775 1148 dicentes:
1818 1120 1887 1146 er-

376 1179 568 1218 roribus
603 1179 792 1218 nostris
823 1179 1232 1225 contabescimus,
1269 1180 1314 1216 et
1359 1179 1587 1226 quomodo
1624 1178 1751 1216 salui
1781 1188 1888 1216 esse

374 1248 681 1297 poterimus?
739 1248 814 1287 dic
861 1248 954 1286 eis:
996 1248 1110 1286 uiuo
1159 1259 1264 1296 ego,
1322 1247 1450 1285 dicit
1489 1248 1735 1295 Dominus,
1779 1247 1891 1295 quia

374 1330 472 1357 non
536 1318 760 1356 desidero
824 1319 1022 1356 mortem
1084 1317 1395 1365 peccatonis,
1462 1316 1595 1354 sicut
1662 1317 1936 1356 desiderem

375 1389 426 1425 ut
456 1388 715 1425 anei-tatur
745 1388 975 1435 peccator
1006 1397 1028 1423 a
1061 1386 1140 1423 uia
1170 1397 1254 1424 sua
1289 1386 1506 1434 pessima
1552 1387 1597 1423 et
1627 1385 1777 1424 uiuat.
1819 1397 1889 1424 re-

376 1457 477 1494 dite
525 1467 636 1504 ergo
668 1468 690 1494 a
719 1455 798 1493 uia
840 1456 1010 1493 uestra
1055 1454 1280 1502 pessima,
1329 1455 1445 1502 quid
1489 1454 1634 1493 morti
1679 1466 1761 1493 uos
1792 1457 1889 1493 tra-

380 1525 503 1563 ditis
535 1526 700 1563 domus
731 1525 919 1562 Israel?
962 1524 1017 1562 sic
1051 1525 1090 1562 et
1124 1535 1192 1572 per
1227 1524 1381 1562 Esaiam
1415 1525 1661 1572 prophetam:
1708 1536 1800 1562 non
1844 1524 1892 1561 in

380 1595 632 1632 aeternum
677 1593 972 1641 indignabor
1018 1592 1157 1631 uobis
1196 1604 1347 1641 neque
1387 1604 1573 1642 semper
1611 1604 1701 1631 non
1732 1593 1892 1631 defen-

383 1663 485 1700 dam
515 1674 611 1701 1105.
653 1664 691 1700 et
714 1662 890 1710 quoniam
910 1662 1126 1701 Hieremias
1148 1663 1336 1710 propheta
1357 1662 1397 1700 in
1418 1674 1579 1710 persona
1599 1663 1731 1711 populi
1761 1674 1893 1710 pecca-
1909 1674 1942 1700 20

381 1731 478 1770 toris
500 1732 723 1780 deprecatur
744 1731 945 1770 Dominum
967 1732 1117 1770 dicens:
1150 1732 1348 1770 emenda
1378 1743 1463 1770 nos
1494 1732 1703 1779 Domine,
1738 1733 1819 1771 sed
1849 1732 1896 1770 in

383 1800 571 1839 iudicio
603 1802 648 1839 et
678 1812 770 1840 non
802 1801 850 1838 in
881 1802 980 1847 ira,
1026 1812 1080 1839 ne
1126 1812 1307 1849 paucos
1338 1800 1497 1839 facias
1528 1812 1638 1848 nos,
1686 1800 1824 1839 adiecit
1855 1802 1894 1839 et

382 1869 478 1907 dixit
505 1869 661 1907 Esaias:
699 1870 902 1917 propter
933 1871 1183 1917 peccatum
1216 1869 1398 1908 modice
1437 1870 1742 1908 contristaui
1779 1881 1892 1916 eum,

381 1940 427 1977 et
462 1938 689 1987 percussi
727 1950 828 1977 eum
861 1941 908 1977 et
944 1939 1106 1977 auerti
1140 1938 1319 1977 faciem
1347 1949 1493 1976 meam
1523 1939 1577 1977 ab
1608 1950 1673 1986 eo,
1712 1940 1757 1976 et
1787 1950 1893 1977 con-

380 2007 623 2046 tristatus
664 2009 736 2046 est
777 2009 822 2046 et
863 2007 991 2046 abiit
1031 2008 1204 2045 tristis
1245 2008 1293 2045 in
1333 2007 1430 2046 uiis
1472 2007 1588 2055 suis,
1629 2009 1668 2046 et
1690 2008 1779 2055 quia
1800 2019 1937 2055 Ope-25

380 2078 510 2124 ratur,
563 2076 701 2115 adiecit
737 2078 774 2114 et
810 2076 924 2114 dixit:
977 2073 1087 2115 uias
1128 2076 1232 2114 eius
1273 2076 1378 2114 uidi
1419 2077 1464 2114 et
1502 2075 1671 2114 curaui
1707 2087 1807 2113 eum
1848 2076 1893 2113 et

381 2145 495 2183 dedi
536 2146 579 2183 ei
618 2146 1011 2184 exhortationem
1052 2156 1211 2183 ueram
1252 2156 1415 2193 pacem
1450 2156 1595 2193 super
1630 2156 1790 2193 pacem
1827 2164 1846 2184 >k
1872 2163 1892 2185 *

381 2214 664 2262 paenitentibus
701 2214 992 2263 deprecantibus
1022 2216 1060 2252 et
1090 2214 1335 2261 operantibus
1364 2214 1519 2252 restitui
1554 2225 1666 2262 posse
1709 2213 1774 2262 qui
1794 2213 1891 2252 male

379 2283 562 2330 perierint
584 2283 723 2331 quique
745 2295 767 2321 a
788 2283 938 2321 Christo
960 2283 1249 2321 declinauerint.

473 2468 515 2502 11
541 2468 601 2504 Ez.
626 2469 683 2513 33,
710 2469 764 2504 10.
792 2469 847 2503 11.
990 2469 1033 2503 18
1057 2468 1116 2504 Ε5.
1142 2468 1197 2510 57,
1225 2468 1279 2504 16.
1421 2468 1465 2503 21
1489 2467 1586 2502 Hier.
1615 2467 1668 2508 10,
1695 2467 1752 2502 24.

470 2638 492 2672 5
517 2648 643 2673 nomen
667 2641 831 2674 sanctum
855 2650 893 2681 v,
918 2640 1004 2675 item
1028 2640 1050 2674 l.
1075 2643 1100 2674 8
1309 2640 1354 2674 10
1386 2639 1627 2673 sanctificatus
1654 2638 1752 2673 fuero
1777 2649 1798 2673 v

382 2695 426 2730 14
449 2695 505 2730 dic
530 2696 580 2729 eis
606 2707 652 2730 ex
675 2696 802 2732 dicetis
827 2698 870 2731 K
967 2698 1010 2732 15
1036 2698 1128 2731 sicut
1153 2697 1203 2739 K,
1229 2698 1289 2732 sed
1313 2709 1334 2733 v
1430 2696 1472 2731 18
1497 2697 1548 2731 510
1574 2698 1610 2731 et
1634 2697 1683 2738 K,
1709 2697 1759 2731 sic
1775 2708 1795 2731 v

379 2752 425 2786 20
450 2752 617 2787 hieremia
642 2754 684 2788 K
811 2755 854 2789 21
881 2766 945 2791 0111.
970 2755 1049 2800 1105]
1076 2755 1301 2789 emendamus
1327 2755 1371 2789 K
1498 2754 1543 2788 22
1567 2755 1604 2788 111
1630 2754 1697 2799 ira]
1724 2754 1778 2788 ira
1802 2753 1846 2787 K

379 2809 425 2843 23
449 2809 539 2844 dicit
563 2810 606 2844 K
710 2811 757 2847 27
782 2823 899 2847 ueram
926 2823 971 2847 eac
995 2823 1095 2846 uram
1120 2812 1163 2846 K
1266 2812 1312 2846 28
1335 2812 1599 2857 paenitentibus
1625 2816 1688 2847 etc.
1711 2814 1887 2855 corrupta

379 2867 555 2902 uidentur
695 2868 755 2912 qui
781 2879 825 2903 ecc
851 2880 956 2913 quarn
981 2869 1029 2911 K,
1056 2869 1148 2913 quod
1173 2880 1194 2904 v
1310 2869 1354 2905 29
1381 2870 1527 2913 quiquaee
1552 2869 1609 2909 K,
1635 2868 1797 2913 quodque
1820 2879 1841 2903 v
