2032 3248
420 242 505 284 210
825 238 1015 274 Arnobii
1047 239 1258 273 aduersus
1298 239 1510 273 nationes

419 356 530 406 tum,
578 368 703 409 quam
748 354 1065 409 scaturriginem
1110 353 1236 395 istam
1279 353 1392 395 uocis
1433 352 1475 394 et
1521 353 1740 406 strepitum
1781 352 1920 395 foedae

418 423 680 477 loquacitatis
724 423 933 472 emittere,
982 435 1105 476 quam
1148 421 1317 464 deorum
1357 422 1591 464 nominibus
1622 434 1684 463 res
1716 422 1920 476 appellare

304 504 325 538 f.
343 506 406 536 119
419 492 711 548 turlpissimas,
745 491 972 545 quinimmo
1002 490 1193 544 turpibus
1226 491 1393 532 deorum
1425 491 1545 532 factis
1574 490 1739 545 negotia
1759 490 1919 546 signifi-

355 562 402 602 41
425 573 515 603 care
546 560 761 614 uolgaria?
806 560 926 602 antea
954 572 1043 602 mos
1074 559 1209 601 fuerat
1238 559 1282 601 in
1314 559 1534 614 allegorica
1565 559 1740 602 dictione
1770 561 1919 603 hones-

415 630 592 672 tissimis
633 629 818 672 sensibus
858 629 1101 671 obumbrare
1141 640 1204 670 res
1244 629 1386 682 turpes
1427 629 1468 670 et
1499 628 1615 670 foeda
1653 629 1816 682 prolatu
1846 630 1918 672 ho·
1950 649 1963 672 5

417 700 628 740 nestorum
671 698 940 740 conuestirier
971 697 1185 752 dignitate.
1232 698 1275 739 at
1305 709 1402 739 uero
1433 697 1551 739 uobis
1582 698 1817 741 auctoribus
1847 711 1918 752 per

415 767 717 821 turpitudinem
748 767 940 808 dicuntur
960 778 1023 808 res
1054 778 1200 821 graues
1231 766 1272 807 et
1301 766 1491 809 castitate
1513 766 1712 820 pollentia
1733 767 1916 810 obscenis

415 838 788 879 commemorantur
817 835 861 877 in
891 835 1082 886 uocibus,
1125 837 1171 877 ut
1203 835 1310 888 quod
1349 835 1449 877 olim
1490 836 1676 890 grauitas
1707 836 1915 879 foedorum

414 905 658 948 uerecundia
689 906 929 959 contegebat
958 917 1068 946 nunc
1099 903 1315 946 uerniliter
1345 905 1601 958 turpiterque
1631 905 1792 948 dicatur
1823 905 1914 960 dig-

412 987 557 1017 norum
589 974 814 1016 elocutione
844 975 1014 1015 mutata.
1062 973 1169 1027 quod
1198 974 1242 1015 in
1273 973 1474 1015 adulterio
1506 974 1682 1016 dicimus
1718 974 1912 1023 Martem,
1929 994 1960 1019 ιο

412 1044 560 1097 inquit,
593 1044 633 1085 et
654 1043 855 1084 Venerem
878 1043 1054 1084 Vulcani
1076 1054 1163 1084 esse
1185 1042 1486 1085 circumretitos
1509 1043 1608 1094 arte,
1641 1043 1913 1097 cupiditatem

413 1112 588 1155 dicimus
620 1113 743 1166 atque
774 1113 879 1154 iram
910 1111 954 1153 ui
984 1124 1144 1165 pressas
1177 1111 1427 1164 consilioque
1457 1112 1641 1154 rationis.
1684 1112 1784 1166 quid
1804 1113 1913 1154 enim

411 1181 674 1236 prohibebat,
715 1181 814 1235 quid
855 1181 1068 1231 obstabat,
1110 1180 1195 1222 suis
1226 1192 1558 1234 unamquamque
1588 1194 1675 1223 rem
1705 1182 1842 1224 uerbis
1873 1183 1913 1224 et

411 1251 496 1293 suis
518 1250 889 1305 significationibus
910 1251 1124 1302 promere?
1155 1249 1283 1291 immo
1305 1249 1404 1302 quid
1425 1250 1639 1304 urguebat,
1663 1263 1755 1292 cum
1777 1251 1912 1293 nescio

411 1319 510 1373 quid
541 1319 721 1361 indicare
751 1332 824 1373 per
854 1318 1168 1361 commentarios
1191 1319 1232 1360 et
1254 1319 1408 1372 scripta
1428 1319 1644 1371 uoluisses,
1675 1320 1785 1362 nolle
1806 1320 1912 1362 illud
1926 1338 1957 1363 ιε,

408 1388 600 1442 intellegi
622 1388 728 1441 quod
749 1387 967 1438 indicares,
991 1386 1061 1429 sed
1082 1386 1307 1429 contrarias
1328 1399 1391 1429 res
1412 1387 1538 1429 simul
1558 1400 1638 1429 una
1659 1389 1909 1441 expositione

410 1456 636 1511 suscipere,
669 1457 856 1499 studium
888 1456 1029 1498 docere
1059 1456 1263 1510 cupientis
1295 1459 1335 1498 et
1366 1457 1546 1499 nolentis
1579 1458 1789 1500 ostendere
1821 1472 1910 1500 ma-

409 1527 676 1580 lignitatem?
707 1538 758 1567 an
789 1526 884 1568 deos
907 1525 1115 1567 adulteros
1137 1524 1269 1567 dicere
1298 1526 1530 1579 periculum
1559 1526 1706 1569 habuit
1734 1528 1907 1581 nullum,

408 1595 585 1648 prolatio
632 1594 836 1648 cupidinis
883 1595 1004 1647 atque
1049 1594 1134 1636 irae
1179 1594 1367 1649 linguam
1408 1595 1448 1636 et
1485 1606 1528 1636 os
1563 1595 1697 1637 fuerat
1736 1595 1908 1638 obsceno

409 1664 720 1717 coinquinatura
759 1663 980 1706 contactu?
1033 1664 1139 1717 quod
1180 1663 1216 1704 si
1256 1664 1396 1717 utique
1436 1663 1552 1706 fieret
1590 1665 1630 1706 et
1666 1665 1908 1720 allegoricae
1921 1681 1954 1706 20

406 1733 617 1775 caecitatis
664 1732 925 1775 obumbratio
970 1732 1198 1787 tolleretur,
1241 1733 1282 1775 et
1321 1733 1455 1775 facilis
1492 1733 1544 1775 ad
1575 1733 1814 1776 discendum
1844 1747 1906 1776 res

409 1803 515 1844 esset
546 1803 587 1844 et
617 1803 786 1844 deorum
817 1802 1001 1857 dignitas
1033 1803 1338 1844 conseruaretur
1358 1802 1526 1845 inlaesa.
1566 1815 1674 1845 nunc
1694 1816 1790 1845 uero
1812 1816 1906 1845 cum

407 1871 559 1914 dicitur
588 1872 631 1913 in
661 1871 807 1914 Martis
840 1872 882 1913 et
912 1871 955 1913 in
987 1871 1156 1913 Veneris
1193 1871 1400 1913 uinctione
1431 1871 1631 1914 uitiorum
1661 1885 1747 1914 esse
1777 1872 1905 1927 signi-

403 1941 526 1983 ficata
565 1941 825 1994 compressio,
868 1940 1203 1994 peruersissimae
1243 1953 1307 1983 res
1342 1941 1446 1983 duae
1477 1941 1603 1982 simul
1634 1941 1765 1983 isdem
1797 1942 1904 1984 tem-

403 2009 570 2063 poribus
601 2009 719 2062 fiunt,
756 2011 803 2051 ut
835 2010 876 2051 et
903 2009 1115 2051 foedorum
1147 2009 1302 2063 species
1333 2009 1592 2052 intellectum
1623 2010 1801 2052 subiciat
1832 2011 1904 2052 ho-
1917 2027 1948 2052 25

448 2226 467 2259 1
491 2226 609 2270 quam]
636 2227 743 2271 atque
768 2227 840 2262 Sab
989 2226 1088 2262 foede
1112 2228 1146 2262 P
1296 2227 1318 2261 2
1342 2227 1503 2262 emittere
1528 2226 1766 2262 Stewechius:
1798 2226 1902 2260 amit-

400 2282 474 2316 tere
498 2283 532 2315 P
689 2283 712 2317 4
735 2283 898 2328 bulgaria
922 2285 958 2319 P
981 2295 1062 2319 corr
1087 2287 1116 2320 ε’
1279 2285 1486 2329 allegoricas
1512 2284 1687 2319 dictiones
1712 2284 1839 2319 omisso
1865 2283 1903 2316 in

402 2339 474 2373 Sab
658 2341 679 2374 5
712 2341 915 2376 obumbrari
946 2343 1138 2377 Meursius
1321 2342 1423 2376 foeda
1450 2343 1581 2386 scripsi
1589 2356 1599 2375 .-
1635 2341 1754 2376 foedas
1778 2342 1813 2376 P

400 2397 421 2430 6
446 2397 677 2432 conuestirier
702 2398 785 2442 Sab,
802 2409 842 2433 r.-
866 2399 1096 2434 conuectirier
1116 2400 1152 2434 P
1288 2400 1310 2435 8
1335 2401 1653 2434 commemorantur
1678 2399 1750 2434 Sal>
1766 2399 1807 2433 in
1824 2409 1902 2433 err:

400 2456 660 2489 commorantur
684 2456 721 2490 P
856 2457 1017 2501 prauitas
1043 2457 1147 2492 Salm
1285 2457 1470 2492 foedorum
1487 2457 1697 2492 Meursius:
1721 2456 1900 2491 foederum

399 2511 435 2545 P
456 2511 577 2546 foedae
600 2513 650 2546 rei
675 2512 750 2548 Sab
890 2515 912 2548 9
937 2515 1190 2559 contegebatur
1209 2515 1279 2550 Sab
1417 2514 1602 2549 uerniliter
1625 2525 1663 2548 r.-
1688 2513 1842 2548 uiriliter
1867 2513 1902 2547 P

399 2569 595 2604 scurriliter
620 2569 693 2605 Sab
885 2571 1086 2616 dignorum]
1120 2571 1229 2616 digna
1259 2582 1312 2606 res
1340 2572 1412 2607 Sab
1599 2571 1641 2605 13
1666 2581 1900 2615 unumquam-

398 2637 466 2670 que
490 2627 526 2661 P
548 2637 629 2662 corr
652 2639 670 2663 c
821 2629 865 2663 14
888 2628 1041 2672 urgebat
1065 2639 1144 2663 eum
1171 2629 1241 2664 Sab
1387 2630 1431 2664 15
1454 2628 1626 2663 uoluisses
1652 2628 1768 2663 Salm:
1798 2628 1899 2662 uolu-

398 2682 469 2716 isse
495 2684 531 2718 P
555 2684 727 2719 uoluisset
753 2685 819 2720 Get
996 2686 1038 2720 16
1061 2686 1231 2721 indicaris
1255 2687 1307 2721 sic
1332 2686 1453 2722 Salm:
1486 2686 1643 2720 indicare
1667 2686 1703 2720 P
1726 2684 1901 2719 indicaret

400 2739 472 2774 Sab
613 2742 656 2777 18
679 2741 794 2776 ullum
818 2743 1007 2778 Meursius
1155 2744 1197 2778 19
1220 2743 1412 2788 *cupidinis
1439 2744 1475 2778 P
1613 2742 1729 2777 fuerat
1752 2743 1900 2786 scripsi:

398 2796 541 2832 fuerant
565 2798 602 2832 P
753 2799 798 2834 22
821 2802 1088 2835 conseruaretur
1113 2801 1205 2836 Sao.-
1236 2802 1465 2836 conseruatur
1489 2801 1525 2835 P
1672 2800 1716 2835 25
1741 2802 1781 2834 ut
1808 2799 1898 2834 Sab:

398 2864 436 2899 ui
460 2865 495 2898 P
629 2866 811 2902 foedorum
837 2868 1044 2904 Meursius:
1068 2868 1166 2904 foede
1189 2860 1227 2904 re
1248 2870 1283 2903 P
1302 2869 1421 2904 foedae
1445 2869 1493 2904 rei
1520 2869 1591 2904 Sab
