2032 3248
804 258 933 292 Liber
963 259 1008 292 11.
1589 258 1640 299 51

164 378 278 418 tanta
309 375 389 416 sint
419 387 441 415 a
473 374 586 415 uobis
618 373 821 427 proposita
853 372 1064 426 religionis
1095 373 1213 414 huius
1239 372 1497 425 sequentibus
1520 371 1644 425 leges,

162 446 357 498 augeatur
398 455 458 484 res
499 442 629 496 magis
661 444 701 483 et
732 443 870 483 contra
911 453 1050 482 omnes
1091 442 1221 482 minas
1263 443 1383 494 atque
1424 440 1644 482 interdicta

164 512 425 554 formidinum
459 511 679 552 animosius
719 510 890 563 populus
930 509 1140 551 obnitatur
1185 510 1226 550 et
1257 509 1306 551 ad
1338 509 1523 551 credendi
1555 511 1643 551 stu-

164 582 277 623 dium
310 579 593 634 prohibitionis
624 579 751 632 ipsius
784 578 965 620 stimulis
997 578 1223 620 excitetur?
1255 590 1306 619 an
1327 578 1524 630 numquid
1546 579 1646 619 haec

136 667 149 690 f·
164 650 249 691 fieri
291 649 440 702 passim
484 650 523 689 et
554 647 729 688 inaniter
769 647 954 695 creditis,
1003 647 1183 688 fortuitis
1221 646 1447 688 incursibus
1486 646 1646 688 adsumi

166 718 237 759 has
268 719 452 759 mentes?
484 717 595 758 itane
625 716 735 757 istud
757 728 834 756 non
866 716 1054 757 diuinum
1088 717 1127 756 et
1150 728 1309 757 sacrum
1342 715 1430 756 est?
1461 716 1531 756 aut
1562 716 1646 756 sine

165 787 237 828 deo
269 797 406 827 eorum
439 786 573 826 tantas
605 784 831 826 animorum
865 784 949 826 fieri
982 785 1270 834 conuersiones,
1304 786 1363 834 ut,
1395 797 1485 825 cum
1517 784 1646 825 carni-

166 855 252 896 ficis
284 855 376 895 unci
409 853 559 906 aliique
590 853 792 894 innumeri
839 854 1043 894 cruciatus
1084 854 1424 905 quemadmodum
1471 854 1646 894 diximus

168 923 426 975 impendeant
460 921 696 965 credituris,
730 921 844 962 uelut
875 921 1047 973 quadam
1080 921 1292 963 dulcedine
1323 923 1443 974 atque
1474 942 1526 963 se*
1560 933 1648 962 om-

123 1007 153 1030 10
168 992 281 1033 nium
315 991 518 1031 uirtutum
550 1001 685 1031 amore
708 989 881 1043 correpti
904 989 1087 1043 cognitas
1110 990 1310 1042 accipiant
1332 991 1507 1032 rationes
1529 991 1648 1043 atque

170 1059 308 1101 mundi
342 1059 530 1100 omnibus
562 1058 678 1099 rebus
710 1060 959 1110 praeponant
991 1058 1196 1100 amicitias
1229 1058 1407 1100 Christi?
1437 1059 1516 1100 nisi
1547 1060 1689 1101 fortess

169 1128 331 1169 obtunsi
364 1130 404 1168 et
435 1126 540 1168 fatui
572 1127 762 1167 uidentur
793 1126 834 1167 hi
867 1127 1002 1176 uobis,
1037 1127 1105 1179 qui
1137 1139 1206 1180 per
1237 1129 1370 1169 orbem
1404 1128 1486 1169 iam
1518 1129 1650 1169 totum

170 1196 403 1249 conspirant
434 1197 474 1236 et
497 1196 639 1236 coeunt
670 1195 710 1235 in
732 1195 852 1236 istius
875 1196 1127 1237 credulitatis
1150 1197 1375 1237 adsensum.
1409 1196 1506 1249 quid
1528 1199 1651 1251 ergo?

171 1277 241 1306 uos
275 1265 349 1306 soli
381 1264 602 1317 sapientiae
625 1265 651 1315 ἧ·
674 1263 823 1305 conditi
856 1266 977 1317 atque
999 1264 1302 1318 intellegentiae
1324 1265 1366 1305 ui
1388 1277 1498 1306 mera
1520 1265 1652 1307 nescio

124 1334 267 1386 mquid
291 1335 316 1385 †
339 1333 448 1374 aliud
482 1333 631 1374 uidetis
664 1333 705 1373 et
733 1333 996 1384 profundum:
1029 1333 1102 1374 soli
1136 1346 1219 1375 esse
1250 1346 1378 1387 nugas
1410 1333 1653 1387 intellegitis

170 1402 266 1444 haec
311 1402 465 1451 omnia,
513 1401 586 1442 soli
634 1402 755 1442 uerba
801 1403 841 1442 et
885 1401 1058 1453 pueriles
1097 1402 1270 1454 ineptias
1313 1415 1359 1443 ea
1399 1414 1499 1454 quae
1539 1401 1653 1442 nobis

170 1470 449 1524 promittimus
481 1468 696 1522 principali
729 1469 776 1510 ab
810 1481 902 1522 rege
924 1471 1107 1511 uentura.
1155 1470 1259 1511 unde
1287 1482 1432 1522 quaeso
1456 1472 1518 1511 est
1539 1470 1654 1511 uobis

170 1540 330 1580 tantum
363 1538 584 1591 sapientiae
616 1537 828 1587 traditum,
862 1538 967 1579 unde
998 1540 1195 1580 acuminis
1229 1541 1267 1580 et
1297 1539 1532 1580 uiuacitatis
1565 1540 1654 1579 tan-

172 1610 261 1649 tum
294 1607 358 1648 uel
389 1620 434 1648 ex
464 1607 609 1659 quibus
631 1606 822 1648 scientiae
844 1607 1072 1659 disciplinis
1095 1608 1256 1649 tantum
1279 1608 1408 1649 cordis
1431 1608 1653 1656 adsumere,

125 1689 157 1712 20
179 1676 441 1717 diuinationis
473 1676 634 1716 tantum
665 1675 856 1727 potuistis
888 1675 1096 1728 haunire?
1128 1677 1223 1729 quia
1251 1690 1321 1730 per
1347 1689 1459 1718 casus
1490 1678 1530 1717 et
1551 1678 1655 1717 tem·
1671 1684 1691 1717 f.
1707 1685 1751 1716 28

182 1756 276 1798 pora
317 1744 515 1785 declinare
558 1743 677 1784 uerba
717 1743 829 1784 scitis
871 1745 911 1784 et
943 1744 1124 1794 nomina,
1172 1745 1266 1797 quia
1307 1756 1424 1786 uoces
1464 1744 1656 1785 barbaras

175 1813 511 1865 soloecismosque
556 1812 705 1862 uitare,
753 1813 846 1865 quia
886 1825 1146 1854 numerosum
1187 1815 1227 1855 et
1258 1814 1459 1856 structum
1497 1824 1657 1866 compo-

174 1882 376 1933 situmque
409 1892 632 1922 sermonem
670 1882 740 1922 aut
771 1881 847 1933 ipsi
879 1894 948 1922 uos
981 1882 1108 1922 nostis
1140 1882 1290 1923 ecferre
1321 1884 1391 1923 aut
1428 1882 1657 1933 incomptus

176 1963 266 1992 cum
300 1949 421 1990 fuerit
452 1949 567 1999 scire,
601 1949 695 2001 quia
726 1950 937 1991 Fornicem
960 1950 1214 1991 Lucilianum
1247 1952 1288 1991 et
1309 1950 1515 2003 Marsyam
1537 1950 1658 1990 Pom-

128 2019 266 2071 2513011i
299 2018 559 2071 obsignatum
593 2018 786 2059 memoria
817 2019 1043 2067 continetis,
1077 2018 1171 2070 quia
1203 2031 1303 2071 quae
1337 2019 1419 2059 sint
1450 2018 1491 2058 in
1517 2018 1659 2059 litibus

176 2087 505 2135 constitutiones,
546 2088 643 2138 quot
682 2099 894 2127 causarum
935 2099 1101 2140 genera,
1143 2088 1239 2139 quot
1279 2087 1523 2137 dictionum,
1562 2086 1659 2139 quid

176 2155 232 2195 sit
262 2167 402 2208 genus,
434 2153 530 2206 quid
564 2155 727 2207 species,
769 2155 999 2207 oppositum
1032 2168 1055 2196 a
1087 2156 1284 2196 contrario
1317 2156 1462 2207 quibus
1494 2155 1661 2196 rationi-

178 2225 250 2265 bus
282 2223 570 2276 distinguatur,
609 2222 757 2264 idcirco
790 2234 860 2263 nos
883 2223 1138 2264 arbitramini
1159 2223 1271 2273 scire,
1305 2223 1400 2276 quid
1422 2223 1478 2265 sit
1498 2223 1660 2270 falsum,

223 2361 243 2393 3
268 2358 460 2392 animosius
495 2356 577 2399 sab,
605 2367 640 2389 r:
682 2356 817 2389 animus
847 2357 879 2389 P
910 2356 1102 2389 aniinusius
1134 2367 1151 2390 c
1332 2358 1350 2390 4
1386 2357 1540 2390 stimulis
1573 2358 1663 2392 Sub:

178 2417 342 2451 stimulus
371 2416 402 2448 1¹
539 2414 556 2447 7
584 2413 753 2446 carnificis
781 2414 866 2446 l'rs:
901 2414 1077 2447 carnifices
1105 2414 1138 2447 P
1277 2415 1296 2447 S
1321 2415 1448 2458 aliique
1475 2415 1567 2448 Sab:
1592 2415 1657 2449 ali.

178 2484 278 2517 quem
316 2474 347 2505 P
370 2472 484 2515 alique
510 2482 529 2504 ν
711 2472 730 2502 Sl
757 2480 775 2502 a
801 2469 950 2512 quadani
984 2471 1053 2504 Sub
1235 2471 1401 2505 lacunam
1434 2473 1593 2516 siquam.-
1619 2473 1662 2515 cf.

175 2543 212 2574 p.
232 2534 275 2564 47
296 2529 378 2563 adn.
510 2528 547 2560 11
569 2531 783 2570 praeponant
805 2526 889 2559 Gel:
916 2530 1108 2569 proponant
1127 2528 1161 2560 1¹
1291 2528 1331 2561 13
1349 2528 1427 2570 quit
1446 2529 1480 2561 1²
1495 2539 1574 2563 corr

182 2589 222 2621 14
240 2587 440 2621 conditioni
465 2585 531 2618 Is'rs
555 2584 635 2617 aliti
661 2583 677 2616 22
814 2593 929 2616 niaera
949 2584 983 2616 Ι)
1115 2585 1157 2617 15
1183 2585 1260 2627 quit
1286 2586 1320 2618 1>
1337 2596 1417 2618 corr
1552 2587 1662 2630 aliud]

180 2644 339 2678 abditum
374 2643 439 2677 Urs
477 2642 586 2674 altum
613 2639 804 2673 Liuineius
841 2639 1017 2673 conditum
1046 2640 1063 2673 j)
1225 2641 1446 2686 profundum]
1485 2643 1663 2677 conditum

187 2702 253 2735 l'rs
393 2702 432 2734 10·
466 2698 638 2741 inaeptias
671 2697 702 2730 1¹
840 2696 881 2728 15
916 2696 1115 2730 uibaeitatis
1151 2698 1183 2730 P
1204 2708 1282 2731 corr
1419 2700 1460 2732 22
1493 2702 1663 2734 structum

187 2758 389 2792 Vahlenus:
431 2758 644 2790 instructum
672 2754 704 2786 J>
864 2754 906 2787 253
932 2753 1048 2787 efferre
1074 2758 1100 2788 ς’
1262 2755 1306 2789 24
1332 2755 1550 2789 Lucilianum
1582 2756 1666 2790 Gal.-

182 2815 384 2848 11101211111111„
402 2814 436 2847 1¹
555 2812 597 2844 :243
624 2810 712 2854 quod
734 2810 766 2842 Ι)
877 2810 967 2852 quod
987 2811 1019 2843 P
1134 2811 1213 2854 quid
1243 2812 1288 2845 sit
1307 2823 1414 2854 genus
1432 2824 1483 2846 om
1505 2813 1574 2847 &ab

183 2872 223 2905 27
251 2872 326 2914 quit
354 2872 386 2904 P
403 2881 482 2904 corr
501 2880 534 2903 c:
561 2869 609 2902 sic
635 2871 665 2901 et
688 2870 812 2909 poslea

1481 2939 1530 2971 44(-
