2032 3248
342 209 367 250 8
746 207 938 241 Arnobii
976 208 1187 242 aduersus
1218 208 1424 242 nationes

342 322 508 376 poribus
548 322 773 376 imputare,
821 322 1163 376 quemadmodum
1209 323 1413 376 possimus
1452 323 1712 366 miseriarum
1750 336 1836 367 esse

340 392 619 446 praesentium
650 403 805 443 causae,
838 404 930 434 cum
960 392 1055 433 noui
1085 391 1158 434 fiat
1187 392 1305 444 nihil,
1339 393 1408 434 sed
1439 393 1522 435 sint
1541 393 1677 435 omnia
1697 395 1837 437 uetera

302 464 381 504 fiet
411 461 536 504 nullis
568 461 888 515 antiquitatibus
919 461 1132 503 inaudita?
1177 474 1424 515 quamquam
1455 462 1536 505 ista
1567 476 1667 516 quae
1698 463 1837 505 dicitis

340 531 449 573 bella
488 530 699 586 religionis
737 531 898 572 nostrae
929 530 978 572 ob
1016 529 1218 572 inuidiam
1255 531 1503 573 commoneri
1533 544 1613 574 non
1644 532 1700 575 sit
1730 532 1838 574 diffi—

341 601 417 643 cile
447 599 709 654 comprobare
739 601 830 653 post
860 599 1050 641 auditum
1077 598 1286 641 Christum
1317 599 1360 641 in
1390 600 1542 643 mundo
1573 613 1654 643 non
1675 602 1838 643 tantum
1870 618 1884 641 ε,

340 681 420 711 11011
441 670 563 712 311013
583 682 728 711 uerum
750 668 875 711 etiam
897 668 1050 710 maiore
1081 668 1130 710 de
1159 668 1274 721 parte
1304 668 1506 710 furiarum
1527 670 1837 724 compressioni-

340 740 417 781 bus
448 738 683 781 imminuta.
733 750 830 780 nam
860 750 953 779 cum
984 738 1196 780 hominum
1228 737 1292 780 uis
1322 738 1440 780 tanta
1470 738 1721 794 magisteriis
1753 739 1839 781 eius

341 808 614 862 acceperimus
642 821 688 850 ac
709 807 882 862 legibus,
913 807 1071 848 malum
1102 807 1210 849 malo
1241 807 1407 860 rependi
1436 819 1515 849 non
1547 809 1743 863 oportere,
1775 808 1839 849 in-

340 876 491 919 iuriam
530 877 687 931 perpeti
724 889 847 930 quam
877 875 1060 930 inrogare
1099 888 1184 918 esse
1214 877 1509 930 praestantius,
1553 889 1673 918 suum
1703 877 1839 930 potius

340 945 509 988 fundere
554 958 677 999 quam
722 946 853 988 alieno
893 945 1073 1000 polluere
1104 958 1250 988 manus
1282 946 1323 987 et
1355 946 1644 988 conscientiam
1680 958 1886 990 cruore110

340 1015 464 1057 habet
485 1027 509 1056 a
529 1014 690 1057 Christo
710 1014 952 1057 beneficium
973 1014 1216 1056 iamdudum
1243 1014 1352 1056 orbis
1380 1014 1582 1070 ingratus,
1618 1029 1689 1070 per
1719 1028 1839 1069 quem

275 1085 516 1127 f.4feritatis
554 1084 717 1126 mollita
756 1085 818 1126 est
857 1083 990 1126 rabies
1021 1083 1142 1136 atque
1178 1084 1348 1126 hostiles
1379 1096 1523 1125 manus
1555 1085 1742 1127 cohibere
1777 1085 1782 1140 1
1818 1098 1841 1127 3

342 1155 537 1208 sanguine
573 1153 735 1209 cognati
767 1153 990 1196 animantis
1021 1153 1184 1206 occepit.
1232 1152 1375 1206 quodsi
1405 1165 1546 1195 omnes
1577 1153 1739 1196 omnino
1771 1155 1839 1208 qui

340 1223 524 1265 homines
547 1236 588 1264 se
610 1235 697 1265 esse
727 1234 806 1264 11011
829 1222 961 1276 specie
984 1233 1196 1276 corporum
1218 1222 1290 1264 sed
1311 1222 1479 1264 rationis
1501 1222 1749 1278 intellegunt
1768 1235 1840 1276 po-

340 1292 509 1345 testate,
562 1291 810 1334 salutaribus
856 1291 943 1333 eius
989 1290 1247 1345 pacificisque
1291 1290 1462 1333 decretis
1507 1304 1646 1333 aurem
1685 1292 1887 1336 uellent15

341 1360 596 1402 commodare
639 1360 846 1413 paulisper
884 1360 925 1401 et
970 1371 1050 1401 non
1089 1359 1200 1401 fastu
1238 1360 1279 1401 et
1319 1360 1534 1413 supercilio
1564 1360 1716 1403 tumidi
1753 1362 1839 1402 suis

340 1429 492 1482 potius
516 1429 701 1471 sensibus
740 1442 864 1482 quam
904 1428 1018 1484 illius
1050 1429 1436 1472 commonitionibus
1476 1429 1701 1482 crederent,
1748 1431 1840 1472 uni-

342 1510 484 1539 uersus
514 1497 756 1540 iamdudum
786 1498 897 1539 orbis
928 1498 1095 1539 mitiora
1123 1498 1165 1539 in
1187 1510 1307 1552 opera
1337 1499 1541 1540 conuersis
1572 1499 1713 1541 usibus
1745 1499 1840 1541 ferri

342 1567 649 1621 tranquillitate
669 1566 712 1608 in
732 1566 977 1609 mollissima
997 1567 1161 1622 degeret
1191 1568 1232 1609 et
1262 1567 1304 1608 in
1335 1567 1587 1609 concordiam
1620 1568 1840 1610 salutarem

305 1634 588 1690 7incorruptis
625 1636 833 1678 foederum
872 1636 1150 1678 sanctionibus
1197 1636 1438 1678 conueniret.
1490 1637 1559 1678 sed
1597 1639 1633 1678 si
1662 1649 1734 1690 per
1753 1649 1839 1687 uos,
1854 1655 1887 1681 20

343 1705 556 1758 inquiunt,
596 1704 702 1746 nihil
744 1704 864 1746 rebus
893 1705 1217 1747 incommodatur
1246 1704 1448 1756 humanis,
1481 1706 1585 1747 unde
1616 1708 1713 1747 sunt
1742 1706 1842 1748 haec

341 1775 465 1825 mala,
496 1774 644 1828 quibus
675 1776 844 1828 urgetur
873 1774 915 1815 et
944 1774 1145 1827 premitur
1173 1774 1415 1815 iamdudum
1436 1774 1667 1816 miseranda
1688 1776 1842 1817 morta-

343 1843 469 1885 litas?
490 1843 738 1884 sententiam
758 1855 824 1884 me
845 1843 977 1897 poscis
998 1843 1094 1884 huic
1114 1843 1386 1885 necessariam
1407 1843 1512 1884 nihil
1534 1856 1688 1885 causae.
1711 1856 1841 1897 neque

344 1912 454 1953 enim
484 1923 675 1966 praesens
706 1912 828 1964 atque
858 1912 902 1952 in
932 1911 1123 1953 manibus
1167 1911 1300 1965 posita
1337 1912 1578 1966 disceptatio
1624 1924 1697 1954 nec
1727 1912 1770 1954 in
1799 1913 1842 1954 id

345 1982 509 2034 sumpta
548 1981 611 2022 est
640 1992 664 2021 a
701 1992 767 2022 me
812 1981 858 2021 ut
888 1980 1140 2022 ostenderem
1171 1980 1237 2022 uel
1277 1980 1512 2033 probarem,
1559 1981 1707 2034 quibus
1738 1994 1841 2023 una-
1855 1996 1887 2022 25

343 2061 524 2102 quaeque
542 2061 604 2091 res
626 2050 758 2092 causis
779 2050 821 2091 et
850 2049 1078 2092 rationibus
1099 2050 1227 2103 fieret,
1260 2051 1329 2092 sed
1350 2051 1397 2092 ut
1417 2050 1638 2093 maledicta
1658 2051 1842 2093 criminis

343 2119 451 2161 tanti
481 2118 620 2172 procul
651 2131 737 2160 esse
758 2118 808 2160 ab
830 2118 947 2160 nobis
968 2119 1233 2160 ostenderem.
1280 2119 1386 2172 quod
1414 2120 1449 2160 si
1470 2120 1642 2172 praesto,
1673 2119 1708 2160 si
1739 2119 1842 2161 facio

342 2191 385 2231 et
415 2188 669 2243 argumentis
699 2187 930 2242 insignibus
961 2188 1021 2229 rei
1050 2187 1203 2230 ueritas
1234 2188 1470 2242 explicatur,
1503 2188 1608 2230 unde
1631 2189 1717 2230 sint
1744 2188 1842 2230 haec

344 2258 453 2300 mala
483 2257 551 2300 uel
582 2270 627 2299 ex
658 2257 806 2310 quibus
845 2256 1048 2309 profluant
1086 2257 1266 2299 fontibus
1297 2257 1589 2311 principiisque
1619 2271 1699 2300 non
1731 2270 1838 2299 curo.

482 2360 504 2394 8
529 2358 571 2394 cf.
597 2358 727 2393 Matth.
752 2359 784 2400 5,
808 2358 853 2392 49
900 2358 1000 2392 Rom.
1028 2359 1080 2400 12,
1106 2359 1148 2392 17
1196 2358 1213 2392 I
1239 2358 1360 2394 Thess
1386 2359 1418 2401 5,
1445 2359 1487 2393 15
1534 2360 1551 2392 I
1577 2359 1668 2394 Pctr.
1696 2360 1728 2401 3,
1753 2360 1774 2394 9

394 2452 412 2485 1
438 2461 623 2495 possumus
642 2449 714 2484 Sab
853 2450 875 2483 2
900 2451 984 2484 311111
1003 2450 1075 2485 Sab
1214 2451 1235 2484 6
1260 2450 1432 2485 furiarum
1457 2451 1550 2485 Sab:
1575 2451 1791 2485 futui-iarum
1809 2452 1845 2486 P

346 2508 401 2542 sui
425 2508 597 2542 furiarum
622 2507 897 2542 Klussmannus
1033 2507 1055 2541 8
1079 2508 1228 2551 oporte¹oe
1252 2507 1287 2541 P
1447 2508 1490 2542 13
1515 2507 1600 2552 quid
1624 2508 1654 2541 si
1679 2507 1751 2542 Sab

348 2565 392 2599 14
416 2575 451 2598 se
487 2575 561 2598 esse
588 2564 709 2599 Salm:
748 2574 822 2598 esse
847 2564 882 2598 P
905 2574 977 2598 esse
1015 2575 1050 2598 se
1082 2564 1150 2599 Urs
1334 2565 1377 2598 16
1410 2564 1541 2599 tumidi
1572 2565 1656 2599 Gel:
1696 2565 1842 2599 luminis

349 2623 379 2664 (s
396 2623 490 2665 eras)
510 2623 545 2656 P
683 2622 723 2656 17
742 2622 1073 2656 commonitionibus
1092 2621 1165 2657 Sab
1181 2622 1222 2656 in
1241 2633 1320 2657 err:
1338 2622 1631 2657 commotionibus
1649 2623 1685 2657 P
1800 2623 1843 2658 19

346 2678 650 2722 tranquillitatem
668 2680 704 2714 P
830 2670 1040 2713 mollissima
1058 2691 1078 2714 r
1202 2680 1246 2714 22
1262 2681 1431 2724 premitur
1449 2679 1529 2722 Sal),
1553 2690 1592 2713 r:
1617 2679 1790 2724 pramitur
1807 2681 1844 2714 P

477 2736 521 2770 23
538 2736 683 2780 poscitis
708 2737 727 2771 ‚9
864 2736 910 2771 24
933 2737 1067 2782 possita
1085 2738 1214 2772 Pcorr
1352 2736 1549 2782 disputatio
1574 2737 1643 2771 Urs
1780 2748 1843 2772 nec

347 2802 392 2826 επ*
408 2803 451 2826 ne
470 2792 506 2826 P
522 2803 577 2826 om
596 2793 668 2828 Sab
686 2804 798 2838 neque
815 2804 836 2827 ‘r
927 2794 972 2827 25
991 2795 1172 2838 *esumpta
1192 2795 1223 2838 (e
1241 2795 1335 2838 eras)
1355 2794 1390 2828 P
1481 2793 1524 2827 27
1542 2793 1630 2828 facio
1648 2805 1687 2828 r.-
1704 2794 1798 2829 facto
1809 2795 1844 2829 P

462 2849 507 2883 28
531 2851 572 2883 111
588 2860 608 2883 ‘r
746 2849 938 2894 explicetur
962 2861 982 2884 r
