2032 3248
500 237 558 271 De
585 237 921 281 singularitate
946 237 1210 271 clericorum
1238 248 1263 271 c.
1290 238 1434 272 27—29.
1634 240 1720 282 205

215 345 389 382 Salomon
426 345 601 381 denotat:
659 343 961 382 abominatio
1003 345 1099 389 est,
1142 344 1288 391 inquit,
1331 356 1485 382 coram
1517 346 1717 382 Domino

213 413 442 460 defigens
474 412 676 450 oculum.
718 412 829 459 plane
851 424 984 459 purum
1008 414 1139 450 contra
1161 413 1309 450 oculum
1331 424 1370 450 se
1393 413 1531 451 habere
1553 416 1718 451 testatur

214 482 282 520 Iob
323 481 386 529 qui
428 481 502 518 ait:
560 483 605 518 et
654 480 695 517 si
735 480 892 518 oculis
944 480 1202 518 consensit
1253 493 1330 519 cor
1371 493 1530 519 meum.
1586 494 1717 520 uerum

215 550 404 587 enimuero
427 549 491 586 ille
514 551 640 596 potest
663 548 743 586 suis
767 549 885 587 oculis
908 549 1092 586 obnoxius
1115 561 1188 587 non
1209 550 1350 595 teneri,
1393 550 1453 588 cui
1489 551 1631 588 nolenti
1654 562 1716 588 re-

186 631 200 655 5
215 619 392 666 pentinus
429 629 604 656 occursus
642 617 811 655 mulieris
834 618 1054 655 scandalum
1075 617 1257 663 mouerit,
1296 619 1394 665 quod
1416 618 1590 666 protinus
1611 630 1717 656 mens

212 688 310 735 quod
331 686 484 724 nolebat
506 685 674 733 expellit.
698 686 763 723 ille
785 688 909 723 autem
941 686 1227 723 commotionem
1250 686 1308 723 sui
1329 686 1436 724 uisus
1457 697 1530 723 non
1553 688 1716 724 meretur

212 757 371 794 euadere
388 756 451 804 qui
469 756 568 803 apud
591 767 630 792 se
642 754 809 792 scandali
830 755 1025 792 materiam
1044 757 1160 801 tenet,
1184 755 1247 802 qui
1261 755 1344 792 uult
1365 755 1586 792 intentionis
1601 756 1717 793 affec-

211 825 314 863 tibus
332 825 420 871 frui,
443 824 507 872 qui
526 824 679 861 affectat
700 824 838 861 habere
856 824 955 871 quod
973 823 1218 862 offensionem
1239 824 1358 861 oculis
1381 824 1534 871 ingerit,
1557 836 1714 872 quorum

212 894 376 932 auiditas
413 892 655 940 inexplebilis
692 892 792 929 inter
829 892 1056 929 offendicula
1095 892 1272 930 continua
1308 893 1412 930 nullo
1444 893 1551 930 modo
1588 894 1715 940 potest

167 975 200 1000 ιο
214 962 362 1001 omnino
405 960 597 1009 conpesci,
641 961 739 1008 quod
778 961 952 998 Salomon
989 962 1175 1008 adprobat
1208 961 1357 999 dicens:
1400 961 1475 998 inf
1484 972 1595 999 ernu
1609 973 1626 998 s
1668 972 1686 998 e
1699 963 1716 998 t

210 1031 459 1069 interitus
500 1041 592 1067 non
634 1030 881 1075 satiatur,
923 1029 1178 1067 similiter
1213 1029 1350 1067 oculi
1384 1030 1625 1067 hominum
1649 1030 1715 1067 in-

210 1100 484 1138 satiabiles
516 1102 638 1137 sunt.
682 1101 719 1137 et
759 1099 833 1136 alio
875 1098 979 1137 loco:
1031 1110 1123 1135 non
1165 1099 1386 1136 satiatur
1427 1098 1606 1137 oculus
1648 1099 1715 1136 ui-

210 1170 374 1207 dendo.
416 1171 452 1206 et
474 1169 630 1206 iterum:
673 1167 880 1215 nequius
921 1168 1061 1205 oculo
1103 1168 1218 1214 quid
1259 1169 1475 1205 creatum
1516 1169 1618 1205 est?

268 1238 350 1275 Hac
380 1237 632 1284 castigatione
664 1248 738 1274 non
769 1236 971 1284 conpuncti
1003 1236 1132 1274 diuina
1163 1236 1365 1274 interdicta
1396 1236 1573 1274 infandae
1606 1237 1717 1274 fami·
1732 1240 1785 1277 29

167 1320 198 1344 15
212 1306 392 1344 liaritatis
428 1306 681 1344 obstinatione
718 1307 963 1344 contemnunt
1001 1307 1038 1343 et
1059 1306 1180 1343 adhuc
1203 1306 1356 1353 insuper
1377 1307 1421 1343 de
1445 1305 1602 1343 caritate
1625 1318 1716 1343 cau-

214 1377 366 1421 santur,
404 1387 487 1413 cum
509 1374 713 1412 secundum
750 1374 906 1412 uerbum
928 1374 1065 1412 Esaiae
1097 1374 1161 1422 qui
1183 1373 1474 1412 amaritudinem
1496 1385 1562 1422 pro
1585 1375 1717 1412 dulce-

215 1444 300 1481 dine
322 1445 547 1481 deuorantes
586 1443 722 1481 nudam
762 1443 984 1481 foeditatem
1021 1443 1234 1481 uelamento
1271 1443 1358 1480 boni
1380 1442 1544 1480 nominis
1567 1445 1716 1490 tegunt,

212 1513 311 1560 apud
333 1523 395 1550 eos
417 1512 486 1550 sub
507 1511 604 1550 falsa
627 1511 826 1550 dilectione
850 1523 939 1549 uera
960 1512 1113 1550 dilectio
1130 1512 1304 1550 uioletur.
1329 1512 1395 1549 sed
1411 1512 1597 1550 exclamat
1619 1513 1715 1550 cari-

212 1582 272 1618 tas
294 1583 332 1618 et
353 1580 538 1629 appellat:
570 1573 683 1619 ‘tales
706 1591 775 1628 ego
796 1593 870 1619 non
891 1581 1016 1627 iunxi,
1059 1581 1180 1619 altera
1211 1583 1267 1619 est
1298 1592 1392 1628 quae
1414 1592 1473 1618 me
1505 1580 1715 1619 simulando

166 1660 199 1686 20
213 1649 404 1697 confingit.
448 1662 651 1697 numquam
682 1650 752 1687 Dei
787 1649 998 1698 praeceptis
1036 1649 1193 1697 obsisto,
1236 1661 1438 1696 numquam
1460 1650 1570 1687 fluxis
1593 1650 1715 1695 faueo,

212 1729 279 1766 per
300 1729 359 1757 me
381 1719 623 1757 sanctitatem
645 1731 719 1757 non
741 1721 829 1767 opto
852 1718 1009 1765 culpari.
1043 1719 1250 1756 calumnias
1272 1718 1365 1755 mihi
1387 1718 1546 1756 aduersa
1566 1730 1716 1766 germa-

211 1786 312 1824 nitas
348 1787 460 1833 facit,
501 1787 670 1835 pericula
705 1790 742 1824 et
778 1798 845 1834 ego
883 1788 981 1825 inter
1019 1787 1134 1825 falsos
1171 1787 1308 1825 fratres
1341 1787 1494 1825 incurri.
1540 1799 1716 1826 succurre

212 1867 316 1893 meus
339 1866 485 1903 praeco,
510 1867 682 1894 succurre
697 1855 814 1893 Paule
828 1856 1008 1904 apostole,
1033 1856 1091 1893 dic
1113 1856 1370 1893 testimonium
1392 1867 1529 1902 meum,
1552 1867 1597 1894 ne
1616 1857 1716 1903 quod

212 1925 256 1962 de
278 1937 334 1962 me
357 1925 560 1962 adnuntias
583 1927 844 1972 peruertatur:
887 1924 1010 1962 finis
1051 1927 1208 1962 autem
1252 1925 1505 1971 praecepti
1547 1926 1621 1962 est
1643 1936 1716 1962 ca-

166 1993 340 2030 2⁵ritas
377 1994 429 2030 (10
473 1994 612 2031 corde
653 2005 774 2040 puro
817 1995 860 2030 et
902 1993 1218 2031 conscientia
1249 1993 1369 2030 bona
1410 1996 1455 2029 et
1487 1992 1587 2029 fide
1626 2005 1715 2031 non

211 2061 228 2098 f
236 2051 364 2099 icta'.
408 2062 559 2100 dilectio
582 2062 844 2110 deputabitur,
884 2074 950 2109 per
972 2074 1083 2109 quam
1120 2062 1334 2099 sanctitatis
1378 2061 1515 2098 iniuria
1537 2061 1715 2099 crimina-

302 2230 318 2262 1
348 2229 413 2263 Sir.
443 2230 495 2269 14,
523 2231 553 2264 8.
832 2230 853 2263 3
880 2230 944 2263 101)
970 2230 1025 2271 31,
1053 2230 1082 2262 7.
1382 2230 1424 2263 10
1449 2230 1550 2263 Prou.
1576 2230 1632 2270 27,
1659 2229 1713 2263 20.

213 2286 254 2319 12
281 2286 344 2320 Sir.
374 2288 403 2325 1,
429 2289 460 2319 8.
670 2287 712 2320 13
738 2287 803 2321 Sir.
830 2288 885 2328 31,
912 2287 964 2321 15.
1186 2287 1230 2321 24
1257 2287 1271 2320 1
1300 2287 1390 2320 Tim.
1419 2287 1447 2326 1,
1474 2287 1505 2320 5.

301 2446 322 2478 2
349 2448 470 2480 contra
495 2457 619 2490 purum
647 2459 667 2481 v
813 2447 952 2480 oculum
979 2458 1014 2480 se
1042 2457 1086 2480 esc
1112 2447 1231 2480 oculos
1264 2447 1292 2481 C
1315 2458 1357 2479 m.
1386 2448 1409 2479 2
1557 2448 1713 2480 testatur

212 2515 246 2537 se
271 2504 399 2537 habero
424 2515 443 2538 v
606 2506 626 2538 3
652 2505 713 2548 qui
739 2504 797 2538 iob
824 2505 853 2538 C
1013 2504 1189 2538 consentit
1220 2505 1263 2539 C¹
1434 2504 1456 2535 ἴ)
1481 2504 1594 2537 mouit
1620 2504 1665 2538 0¹

213 2561 230 2593 7
257 2562 315 2604 qui
343 2562 433 2605 uult]
462 2562 546 2605 quia
571 2563 666 2596 uolt*
695 2562 724 2595 C
885 2562 1097 2595 intentionis
1123 2572 1204 2595 suae
1231 2573 1250 2595 v
1420 2562 1441 2594 8
1466 2561 1576 2595 oculis
1602 2561 1711 2594 offen-

212 2618 341 2651 sionem
369 2629 387 2652 v
511 2619 605 2662 gerit
636 2619 672 2659 C,
698 2619 839 2662 ingerat
864 2629 883 2651 v
1006 2619 1045 2652 11
1074 2619 1251 2651 satiantur
1277 2630 1295 2652 v
1419 2618 1461 2652 13
1487 2619 1523 2651 in
1549 2617 1619 2651 alio
1645 2629 1666 2652 v

214 2675 254 2708 14
278 2675 363 2709 haec
389 2676 432 2709 (Ἴ
603 2685 670 2708 non
698 2675 727 2709 C
749 2686 776 2708 S.
803 2675 825 2709 l.
855 2686 896 2709 m.
925 2678 947 2709 2
1116 2675 1286 2709 nefandae
1311 2686 1330 2708 v
1498 2676 1541 2709 16
1567 2686 1645 2709 cum
1672 2675 1709 2715 C,

211 2732 270 2774 qui
297 2744 316 2765 v
471 2733 531 2775 qui
558 2732 586 2766 C
609 2743 634 2766 s.
663 2733 696 2772 l.,
722 2742 787 2766 om.
815 2743 834 2765 υ
991 2734 1032 2766 18
1057 2732 1149 2775 apud
1182 2734 1217 2772 C,
1245 2732 1328 2765 dum
1354 2732 1447 2776 apud
1473 2744 1493 2766 υ
1634 2732 1710 2766 010-

213 2788 306 2822 latur
331 2801 350 2823 υ
462 2790 503 2823 19
528 2790 640 2822 altera
666 2789 702 2829 C,
729 2789 820 2822 falsa
845 2789 959 2822 altera
985 2801 1003 2822 v
1119 2790 1164 2823 20
1189 2789 1355 2822 confinxit
1381 2800 1400 2823 v
1517 2790 1560 2823 21
1586 2800 1711 2823 auersa

214 2846 399 2880 I’amelt'us-
538 2846 757 2890 germinatas
783 2846 826 2881 0¹
967 2847 1010 2880 26
1036 2847 1203 2879 iniuriam
1230 2846 1488 2879 criminationis
1515 2846 1557 2880 0¹
