2032 3248
558 220 615 253 De
650 219 992 263 Rebaptismate
1025 230 1052 254 c.
1082 219 1182 254 1--2.
1565 223 1608 262 Π

121 326 264 364 seruari
302 325 500 363 manifeste
522 338 564 364 ac
601 325 750 363 fortiter
788 325 1019 370 ostendatur,
1056 325 1108 361 ita
1138 326 1179 361 ut
1214 324 1285 361 etsi
1315 324 1468 371 paribus
1506 336 1614 372 argu-

120 394 258 432 mentis
291 405 334 431 ex
365 396 522 441 utraque
552 395 658 441 parte
688 393 1012 440 congrederemur,
1042 396 1167 430 tamen
1200 393 1287 440 quia
1316 404 1390 430 non
1410 395 1557 439 poterat
1578 393 1614 430 id

121 463 219 509 quod
255 462 503 499 innouabatur
539 462 619 499 sine
657 461 887 498 dissensione
926 461 1086 498 fratrum
1123 464 1159 498 et
1189 461 1324 498 damno
1362 460 1614 498 ecclesiastico

120 530 338 575 consistere,
373 530 502 577 utique
537 542 609 566 non
650 529 783 567 debeat
819 531 947 565 contra
968 528 1025 565 fas
1048 530 1145 575 quod
1183 528 1289 565 aiunt
1311 530 1348 565 et
1369 528 1475 566 nefas
1499 528 1536 564 id
1558 537 1613 566 est

89 613 104 638 5
121 600 250 636 contra
272 598 407 635 bonum
430 601 466 634 et
488 608 648 644 aequum
670 596 849 635 ecclesiae
872 596 983 633 matri
1013 595 1121 643 quasi
1153 596 1297 633 macula
1320 598 1458 633 temere
1481 595 1613 643 infligi,

118 666 246 713 eisque
269 665 331 712 qui
354 666 422 703 hoc
444 665 684 703 adtentarent
705 663 881 702 audaciae
912 664 1022 701 huius
1045 666 1158 710 atque
1180 663 1387 710 impietatis
1410 664 1613 711 ignominia

118 734 250 771 merito
281 733 431 771 deberet
461 733 635 770 adscribi.
673 732 738 770 sed
769 731 942 779 quoniam
974 743 1045 769 non
1076 732 1192 769 estin
1214 734 1342 768 nostra
1364 734 1549 779 potestate
1574 735 1613 769 ut

121 802 323 840 seeundum
355 802 592 848 praeceptum
623 801 782 848 apostoli
814 800 851 836 id
881 800 1002 847 ipsum
1025 800 1190 837 dicamus
1212 811 1339 837 omnes
1362 811 1454 838 neue
1478 800 1553 838 sint
1575 801 1612 837 111

120 870 228 908 nobis
263 870 480 915 schismata,
515 871 640 907 tamen
662 869 701 906 in
723 870 904 916 quantum
934 879 1135 915 possumus
1157 869 1356 906 conitimur
1378 869 1489 906 huius
1512 871 1612 908 trac-

72 953 103 977 10
123 939 228 975 tatus
251 939 391 975 statum
414 938 669 975 demonstrare
692 939 730 975 et
750 937 981 974 turbulentis
1004 937 1218 974 hominibus
1242 940 1281 974 ut
1304 937 1363 975 uel
1385 948 1482 974 nunc
1505 949 1611 975 suum

122 1006 315 1053 negotium
351 1017 462 1053 agere
491 1005 672 1052 incipiant
702 1006 937 1053 persuadere,
976 1005 1232 1043 consecuturis
1263 1006 1465 1053 plurimum
1500 1006 1612 1043 etiam

115 1074 237 1120 nobis,
277 1073 308 1111 si
339 1074 406 1111 hoc
443 1084 589 1121 quoque
627 1073 783 1111 consilio
820 1085 908 1111 sano
945 1074 1098 1110 tandem
1135 1074 1323 1111 noluerint
1357 1074 1611 1121 adquiescere.

115 1143 152 1181 et
182 1143 263 1180 ideo
297 1153 552 1190 quaecumque
582 1144 797 1179 sanctarum
828 1142 1100 1189 scripturarum
1131 1143 1178 1179 ad
1208 1143 1304 1179 hanc
1326 1146 1471 1190 partem
1493 1143 1610 1189 perti-

119 1211 248 1249 nentia
270 1212 358 1248 sunt
379 1210 543 1257 capitula
564 1211 775 1248 necessario
798 1210 836 1247 in
858 1222 971 1247 unum
990 1221 1244 1258 congeremus,
1267 1212 1303 1249 et
1326 1223 1419 1258 quae
1437 1211 1612 1248 uidentur

66 1296 96 1320 1⁵
113 1289 195 1316 esse
226 1278 376 1316 diuersa.
404 1282 469 1316 aut
500 1279 603 1315 uaria
635 1280 818 1325 quantum
849 1278 988 1325 poterit
1019 1278 1218 1316 manifeste
1240 1279 1339 1316 inter
1361 1290 1399 1316 se
1423 1280 1609 1326 congluti-

112 1347 286 1385 nabimus
324 1349 359 1384 et
396 1346 600 1384 utilitatem
632 1357 673 1384 ac
708 1347 939 1384 commodum
978 1347 1214 1394 singulorum
1250 1358 1315 1394 pro
1353 1347 1609 1385 mediocritate

112 1418 242 1453 nostra
265 1415 580 1461 examinabimus,
604 1419 646 1451 ut
668 1415 803 1462 agendi
826 1415 864 1451 in
886 1415 1043 1452 ecclesia
1064 1416 1222 1453 formam
1244 1418 1281 1453 et
1302 1416 1610 1454 consuetudinem

111 1484 398 1522 saluberrimam
419 1486 531 1530 atque
552 1482 746 1530 pacificam
769 1483 953 1522 uniuersis
985 1484 1166 1522 fratribus
1189 1484 1434 1522 insinuemus.

165 1552 287 1599 Igitur
323 1551 630 1599 adgredientibus
654 1553 857 1589 tractatum
888 1552 1064 1589 salutaris
1087 1554 1123 1590 et
1145 1553 1233 1590 noui
1254 1553 1322 1590 hoc
1344 1555 1403 1590 est
1425 1553 1607 1601 spiritalis
1623 1549 1648 1589 '2

61 1635 94 1660 20
108 1621 145 1657 et
167 1620 375 1667 euangelici
397 1620 636 1667 baptismatis
658 1620 697 1656 in
718 1620 852 1668 primis
875 1621 1037 1658 occurrit
1058 1621 1255 1659 notissima
1277 1622 1447 1659 omnibus
1462 1622 1606 1669 praedi-

106 1688 203 1726 catio
226 1689 413 1726 celebra-ta
436 1691 546 1735 atque
569 1691 698 1735 coepta
720 1690 767 1726 ab
783 1689 921 1727 Ioanne
942 1689 1122 1736 baptista,
1146 1690 1210 1737 qui
1232 1690 1466 1737 aliquantum
1488 1691 1607 1728 desci-

106 1768 212 1794 scens
234 1769 255 1794 a
277 1757 358 1804 lege
392 1758 429 1794 id
461 1759 519 1794 est
540 1757 661 1805 Moysi
692 1757 953 1805 antiquissimo
986 1758 1212 1805 baptismate
1234 1760 1270 1796 et
1301 1759 1401 1796 uiam
1431 1770 1548 1797 nouae
1571 1762 1607 1797 et

105 1836 215 1863 uerae
256 1826 401 1873 gratiae
437 1827 701 1872 praesternens
735 1826 793 1874 [et]
827 1826 1054 1873 baptismate
1090 1828 1188 1874 quod
1225 1827 1374 1864 interim
1411 1828 1608 1865 exercebat

106 1905 224 1940 aquae
247 1895 283 1931 et
305 1893 558 1940 paenitentiae
588 1894 726 1932 sensim
756 1905 863 1932 aures
892 1894 1114 1932 Iudaeorum
1143 1896 1410 1942 praeueniebat
1440 1899 1476 1933 et
1498 1908 1605 1933 occu-

57 1976 89 2001 25
104 1962 219 2009 pabat
257 1962 439 2009 spiritalis
475 1962 715 2009 baptismatis
751 1962 869 2000 futuri
904 1964 1200 2011 annuntiat-ione,
1237 1965 1442 2002 adhortans
1479 1976 1540 2002 eos
1570 1973 1607 2001 et

105 2029 254 2067 dicens:
288 2030 367 2076 qui
402 2032 510 2076 post
539 2043 603 2068 me
634 2031 769 2068 uenit
805 2031 981 2069 fortior
1010 2044 1073 2070 me
1104 2034 1188 2078 est,
1227 2032 1363 2070 cuius
1400 2043 1481 2080 ego
1519 2044 1606 2070 non

102 2109 201 2135 sum
247 2098 420 2145 dignus
464 2099 723 2146 corrigiam
767 2099 1081 2138 calcia-menti
1123 2100 1325 2138 soluere.
1380 2100 1483 2147 ipse
1526 2113 1604 2138 uo>⁴

103 2166 381 2213 baptizabit
418 2166 463 2203 in
501 2167 686 2213 spiritu
727 2171 895 2206 sancto
932 2172 979 2205 et
1022 2168 1135 2216 igni.
1177 2171 1328 2216 propter
1364 2171 1461 2216 quod
1496 2169 1603 2207 nobis

108 2246 255 2281 quoque
288 2235 399 2271 huius
430 2235 609 2272 sermonis
639 2247 745 2273 orsus
768 2237 855 2274 hinc
878 2237 1040 2284 incipere
1064 2238 1228 2275 debebit.
1260 2250 1345 2275 nam
1367 2243 1402 2275 et
1425 2238 1604 2275 Dominus

54 2316 89 2340 30
108 2302 204 2340 hanc
246 2303 400 2341 eandem
442 2315 568 2341 uocem
608 2304 758 2342 Ioannis
799 2307 885 2352 post
935 2317 1039 2343 suam
1081 2306 1389 2344 resurrectionem
1432 2307 1469 2343 111
1511 2307 1604 2344 actis

192 2514 234 2548 2ss
261 2515 390 2548 Matth.
417 2516 449 2549 3.
478 2516 528 2549 11.
556 2516 662 2550 Marc.
691 2517 720 2557 1,
749 2518 777 2550 Ῑ.
806 2517 886 2552 Luc.
913 2522 945 2553 3.
974 2519 1026 2552 1⁶3.
1053 2519 1102 2552 Io.
1132 2520 1160 2554 1.
1186 2520 1238 2553 Ξῖ.

192 2696 210 2728 7
233 2695 357 2729 debeat
377 2697 454 2742 Εἰς).
554 2699 594 2731 15
614 2699 763 2742 poterit,·
783 2699 827 2740 cf.
848 2700 980 2734 Front.
1000 2712 1036 2744 p.
1057 2704 1109 2742 Φ,
1128 2703 1173 2735 21
1195 2703 1318 2741 (Mb.)
1416 2704 1455 2736 17
1475 2704 1600 2747 agendi

97 2753 239 2795 scripsi.
267 2754 406 2787 accendi
432 2755 520 2797 cml„
555 2756 693 2791 tacendi
726 2758 815 2790 coni.
849 2758 1045 2802 Rigsalte'us.
1073 2759 1250 2792 accedenti
1277 2761 1367 2794 coni.
1394 2761 1520 2802 Oxou„
1549 2764 1599 2794 at-

102 2809 199 2842 tendi
218 2811 314 2844 coni.
336 2810 516 2846 Bcclzoeiics
610 2814 654 2846 22
679 2824 796 2857 moyse
815 2814 889 2850 cod.
911 2819 943 2848 et
965 2827 991 2855 c,
1020 2815 1150 2859 moysis
1170 2816 1249 2850 Bal.
1263 2830 1274 2858 ¹:
1301 2819 1344 2858 cs.
1366 2819 1465 2861 epist.
1486 2821 1561 2853 591.
1581 2821 1601 2852 6
