2032 3248
366 250 421 293 80
768 247 962 284 Arnobii
991 248 1209 283 aduersus
1245 248 1455 284 nationes

267 369 291 403 f.
306 371 349 403 47
371 363 685 417 adloquerentur
710 359 716 418 Ι
741 362 789 404 111
819 361 1000 413 numina,
1031 362 1186 404 auxilia
1214 363 1428 417 poscerent
1449 374 1654 407 caesorum
1675 363 1862 407 animan-

365 433 473 475 tium
502 444 662 482 cruore,
712 431 874 474 nullam
914 433 978 474 sui
1016 431 1192 474 facerent
1232 432 1504 483 mentionem,
1548 433 1774 487 quinimmo
1814 446 1861 476 ex

365 501 428 543 his
460 501 565 543 aliae
595 501 642 542 ut
680 500 917 543 dubitarent
946 513 988 543 se
1019 512 1105 542 esse
1141 501 1212 543 aut
1248 501 1382 543 ullum
1420 502 1542 543 deum
1581 514 1667 544 esse
1695 502 1860 556 penitus

365 570 646 626 abnegarent?
677 570 827 631 idcirco
858 570 1019 612 animas
1049 570 1178 620 misit,
1210 571 1258 612 ut
1288 583 1390 624 quae
1419 570 1462 612 111
1493 571 1655 614 sedibus
1685 571 1858 625 propriis

364 640 501 682 mente
538 639 701 681 fuerant
740 652 843 690 una,
889 639 1107 681 intellectu
1138 642 1178 681 61
1209 639 1382 681 scientia
1410 639 1599 694 paribus,
1643 641 1860 694 postquam
1893 656 1907 680 5

365 709 517 750 formas
547 708 715 750 induere
745 708 963 758 mortales,
997 707 1234 762 opinionum
1264 708 1569 750 discriminibus
1599 708 1858 755 dissiderent,

365 776 477 819 aliud
508 777 602 819 aliis
633 776 812 827 iustum,
852 776 966 818 aliud
997 776 1101 818 utile
1131 770 1340 819 uideretur
1369 779 1410 818 et
1440 778 1619 828 rectum,
1659 778 1708 819 de
1738 790 1861 832 appe-

366 848 501 889 tendis
531 847 652 888 rebus
683 846 971 902 fugiendisque
1003 846 1221 898 certarent,
1252 846 1455 888 malorum
1476 859 1522 888 ac
1542 846 1737 888 bonorum
1758 846 1859 889 alios

366 915 471 957 aliae
502 915 798 958 constituerent
829 914 950 967 fines,
990 915 1210 958 ueritatem
1251 915 1510 970 cupientibus
1534 927 1696 959 noscere
1725 928 1862 958 rerum

366 987 636 1040 opponeretur
681 985 908 1028 obscuritas
955 986 996 1027 61
1034 985 1149 1027 1161111
1193 987 1402 1027 061110111111
1442 984 1672 1027 luminibus
1712 984 1861 1026 uiduae
1876 996 1908 1021 10

368 1054 474 1096 nihil
519 1055 676 1096 certum
720 1054 909 1096 uiderent
945 1054 987 1095 et
1023 1066 1094 1107 per
1133 1054 1332 1108 ancipites
1378 1054 1544 1095 semitas
1584 1053 1862 1108 suspicionum

301 1126 353 1165 40
366 1124 657 1166 inducerentur
686 1125 846 1165 errore?
890 1122 1041 1165 idcirco
1071 1123 1230 1166 animas
1259 1123 1396 1177 misit,
1437 1124 1484 1164 ut
1515 1136 1608 1165 cum
1639 1122 1864 1165 animantia

368 1193 501 1235 cetera
538 1193 681 1246 sponte
720 1192 830 1234 natis
868 1192 1076 1234 alerentur
1107 1192 1148 1234 61
1184 1192 1298 1234 nulla
1336 1192 1491 1234 satione
1526 1192 1698 1246 prolatis
1735 1203 1864 1245 neque

370 1262 583 1304 domorum
614 1262 686 1304 aut
717 1261 901 1303 uestium
939 1260 1147 1303 tutamina
1177 1261 1257 1302 sibi
1288 1262 1361 1303 aut
1390 1260 1623 1303 uelamenta
1653 1260 1863 1314 conquire-

368 1332 479 1381 rent,
510 1330 760 1373 miserabilis
790 1331 884 1373 istis
914 1330 1135 1372 necessitas
1166 1330 1405 1381 adderetur,
1444 1331 1492 1372 ut
1522 1342 1615 1371 cum
1644 1329 1863 1383 impendiis
1879 1343 1908 1368 1⁵

368 1400 557 1442 maximis
588 1400 874 1454 perpetuisque
906 1399 1122 1442 sudoribus
1146 1399 1284 1441 domos
1312 1399 1391 1441 sibi
1413 1400 1701 1448 construerent,
1733 1411 1862 1440 mem-

368 1470 534 1511 brorum
575 1469 816 1511 conficerent
853 1469 1059 1523 tegmina,
1099 1468 1407 1523 superlectilem
1437 1468 1595 1510 uariam
1627 1468 1864 1509 diurnorum

370 1538 655 1580 contraherent
693 1537 889 1592 egestati,
928 1536 1216 1579 inbecillitatis
1254 1537 1408 1579 auxilia
1445 1537 1692 1579 animalibus
1723 1537 1864 1577 mutu-

369 1610 536 1649 arentur
565 1619 589 1648 a
618 1607 766 1659 mutis,
806 1607 894 1648 uim
932 1606 1110 1649 facerent
1146 1606 1287 1657 terris,
1327 1607 1375 1648 ut
1406 1617 1485 1647 non
1524 1618 1597 1647 sua
1633 1604 1865 1646 sufficerent

372 1676 571 1731 gramina,
604 1677 675 1718 sed
704 1676 927 1730 imperatas
957 1675 1201 1717 extollerent
1231 1676 1391 1731 frugeS,
1425 1676 1466 1717 et
1497 1687 1591 1717 cum
1621 1673 1864 1728 sanguinem
1880 1684 1912 1710 20

371 1746 507 1787 totum
537 1745 581 1786 in
613 1745 841 1800 subigenda
876 1746 1024 1787 tellure
1062 1745 1276 1796 fudissent,
1308 1744 1492 1799 robigine
1521 1743 1716 1799 grandine
1747 1742 1866 1784 sicci-

371 1815 456 1855 tate
487 1826 602 1867 spem
632 1813 785 1856 laboris
816 1813 1057 1856 amitterent
1088 1814 1129 1855 et
1160 1813 1211 1855 ad
1241 1813 1438 1856 ultimum
1470 1813 1513 1854 ui
1534 1812 1654 1854 famis
1674 1811 1866 1853 humanis

373 1882 640 1924 cadaueribus
678 1882 922 1924 incubarent
953 1883 993 1924 et
1022 1882 1071 1924 ab
1103 1882 1319 1924 hominum
1357 1881 1498 1924 formis
1536 1881 1700 1923 tabifica
1737 1881 1866 1922 macie

273 1960 295 1994 f.
310 1959 369 1992 47¹2
383 1951 698 1994 dissociarentur
727 1951 973 1995 abiunctae?
1002 1951 1154 1993 idcirco
1175 1951 1334 1993 animas
1355 1950 1483 2001 misit,
1511 1950 1516 2006 Ι
1542 1951 1590 1992 111
1611 1962 1711 2003 quae
1732 1961 1867 1991 secum

375 2022 672 2062 commorantes
702 2021 967 2074 possessionis
998 2020 1171 2062 alicuius
1209 2021 1372 2062 nullum
1403 2032 1601 2073 umquam
1630 2018 1866 2060 habuissent
1880 2031 1912 2056 25

372 2100 571 2140 amorem,
613 2090 879 2132 auarissimae
910 2089 978 2131 hic
1006 2089 1150 2132 fierent
1180 2090 1220 2132 61
1249 2090 1294 2131 111
1324 2088 1500 2131 habendi
1538 2087 1722 2130 studium
1752 2087 1866 2128 inex-

374 2158 567 2200 aturabili
597 2159 772 2212 pectoris
804 2159 1059 2201 ardescerent
1098 2158 1299 2212 adpetitu,
1332 2158 1552 2200 effoderent
1582 2157 1687 2199 altos
1707 2157 1866 2197 montes

375 2229 415 2270 et
444 2228 600 2270 uiscera
628 2228 768 2283 ignota
798 2228 1002 2270 terrarum
1031 2228 1075 2269 in
1096 2228 1290 2269 materias
1320 2227 1527 2269 uerterent
1549 2225 1671 2268 alieni
1692 2224 1866 2267 nominis

375 2298 495 2350 atque
525 2308 635 2347 usus,
666 2297 928 2350 penetrarent
957 2296 1118 2339 abditas
1140 2296 1378 2338 discrimine
1400 2309 1494 2338 cum
1515 2295 1660 2349 capitis
1681 2294 1865 2335 nationes

377 2366 418 2407 61
447 2365 657 2408 translatis
686 2365 888 2407 mercibus
919 2365 1132 2407 caritatem
1154 2378 1313 2419 semper
1339 2364 1624 2417 uilitatemque
1645 2362 1865 2416 captarent,
1881 2376 1912 2401 30

423 2594 441 2626 1
466 2595 648 2637 poscerent
678 2593 760 2627 Gcl:
786 2594 1009 2636 poscerentur
1034 2593 1070 2627 P
1093 2594 1274 2637 poscerent
1299 2602 1355 2626 eos
1380 2591 1480 2626 Salm
1646 2590 1668 2623 3
1692 2589 1748 2623 his
1775 2589 1866 2624 sab.-

377 2651 408 2684 is
433 2650 468 2683 P
604 2650 707 2684 deum
731 2649 861 2684 addidi
999 2649 1043 2683 10
1067 2651 1108 2683 ut
1124 2649 1313 2683 Meursius
1451 2648 1492 2682 11
1517 2647 1751 2690 suspitionum
1777 2646 1867 2680 Sab:

377 2707 615 2752 suscipionum
632 2708 668 2742 P
777 2707 820 2741 13
836 2708 919 2741 nata
936 2706 1008 2741 Sab
1122 2706 1261 2750 prolata
1275 2706 1348 2740 Sal)
1462 2705 1504 2738 17
1521 2704 1726 2738 diurnorum
1744 2704 1780 2738 P

379 2765 422 2799 18
446 2765 616 2808 aegestati
641 2765 677 2799 P
699 2766 855 2809 egestate
882 2764 954 2799 Sab
1093 2763 1342 2798 inuecillitatis
1359 2763 1395 2797 P
1409 2773 1491 2797 corr
1627 2762 1670 2795 21
1695 2760 1868 2795 fudissent

380 2822 470 2856 Sab:
494 2822 672 2866 fugissent
689 2822 725 2856 P
860 2821 1023 2865 grandini
1041 2821 1077 2855 P
1212 2821 1257 2856 26
1272 2819 1538 2855 inexsaturabili
1555 2830 1573 2854 c
1709 2818 1754 2852 30
1769 2817 1868 2852 utili-

377 2881 556 2923 tatemque
579 2879 770 2914 Meursius
1467 2878 1470 2882 ’
