2032 3248
362 252 447 294 288

1001 250 1241 295 Appendix.

617 356 832 395 Dissimiles
854 357 1003 395 fructus
1025 368 1138 396 sensu
1160 357 1343 395 suadente
1364 357 1513 396 dedere.

619 427 718 463 Nam
739 425 842 474 prior
862 426 1042 464 uberibus
1064 426 1216 464 fuerant
1239 437 1334 474 quae
1355 427 1511 474 prosata
1531 426 1656 475 glebis

618 494 786 541 Optulit:
821 495 881 533 ast
902 494 1002 533 alius
1032 495 1115 532 miti
1137 507 1176 533 se
1198 496 1359 533 deuouet
1378 507 1490 543 agno,

504 563 582 600 145
614 563 713 601 Exta
734 575 870 611 gerens
893 563 1039 602 sincera
1060 575 1175 601 manu
1197 563 1420 612 adipemque
1442 565 1618 603 niualem.

617 632 899 681 Confestimque
920 633 1046 681 placet
1066 633 1226 671 Domino
1247 633 1311 681 pia
1332 634 1421 671 uota
1442 634 1578 671 tuenti.

616 702 722 747 Quod
741 704 898 750 propter
918 701 1046 750 gelida
1067 702 1159 740 Cain
1174 702 1374 740 incanduit
1393 702 1464 740 ira.

617 771 735 816 Quem
754 771 857 808 Deus
879 771 1054 819 adloquio
1077 771 1259 823 dignatus
1280 770 1422 809 talibus
1443 770 1547 809 infit:

613 840 684 878 Dic
705 838 813 887 mihi,
836 840 869 878 si
890 842 1036 878 rectum
1057 840 1166 878 uiuas
1184 842 1222 878 et
1243 840 1356 878 noxia
1378 852 1524 887 cernas,

504 909 584 947 150
614 909 761 957 Degere
781 920 856 947 non
877 909 1003 956 possis
1025 910 1216 948 contracto
1239 922 1261 948 a
1282 909 1439 948 crimine
1461 911 1607 957 purus?

616 978 757 1016 Desine
779 978 946 1017 mordaci
967 979 1126 1017 fratrem
1148 978 1367 1027 disperdere
1391 990 1517 1025 sensu,

617 1047 690 1093 Qui
711 1047 784 1085 tibi
806 1059 872 1086 ceu
893 1047 1052 1086 Domino
1075 1047 1269 1086 subiectus
1291 1048 1391 1086 colla
1412 1047 1624 1096 praebebit.

615 1116 696 1155 Nec
713 1117 842 1154 tamen
862 1116 923 1155 his
940 1116 1085 1155 fractus
1107 1116 1265 1155 fratrem
1287 1117 1439 1155 deducit
1469 1118 1518 1155 ad
1548 1129 1640 1155 arua

617 1185 743 1234 Atque
765 1185 832 1223 ubi
854 1186 1085 1234 deprensum
1106 1186 1257 1224 deserto
1279 1185 1319 1223 in
1336 1185 1506 1234 gramine
1528 1185 1640 1233 uidit,

505 1255 586 1294 155
616 1255 737 1293 Elidit
758 1256 921 1304 geminis
937 1255 1122 1294 fraudans
1143 1255 1207 1303 pia
1228 1256 1386 1304 guttura
1415 1255 1567 1302 palmis.

621 1324 728 1370 Quod
747 1324 892 1363 factum
914 1325 1096 1362 Dominus
1119 1325 1221 1363 caelo
1243 1324 1462 1372 speculatus
1484 1325 1532 1362 ab
1553 1325 1632 1362 alto

614 1393 804 1441 Disquirit
825 1405 988 1441 quonam
1008 1395 1197 1431 terrarum
1218 1394 1333 1441 degat
1349 1393 1522 1433 Abelus?

618 1463 689 1501 Ille
711 1464 827 1511 negat
847 1463 1014 1510 positum
1035 1463 1230 1501 custodem
1252 1474 1291 1500 se
1314 1463 1393 1502 fore
1414 1462 1563 1501 fratris.

617 1531 684 1570 Cui
706 1532 810 1570 Deus
831 1532 987 1570 effatur:
1019 1542 1143 1569 nonne
1167 1543 1239 1570 uox
1261 1531 1459 1579 sanguinis
1482 1531 1562 1569 eius

505 1601 588 1640 160
616 1601 678 1639 Ad
699 1612 757 1639 me
779 1600 897 1638 missa
918 1602 1029 1639 sonat
1045 1601 1260 1649 celsumque
1282 1600 1452 1638 ascendit
1468 1602 1516 1638 ad
1533 1602 1668 1638 axem?

612 1670 736 1709 Nosce
757 1669 878 1717 igitur
898 1681 1077 1708 mansura
1097 1670 1170 1708 tibi
1190 1681 1257 1718 pro
1279 1669 1437 1708 crimine
1459 1670 1590 1707 tanto:

618 1739 719 1777 Nam
740 1740 849 1777 modo
872 1750 967 1787 quae
988 1739 1135 1777 maduit
1156 1739 1326 1787 germani
1348 1739 1532 1787 sanguine
1553 1740 1670 1785 terra,

618 1808 747 1847 Inuiso
770 1807 974 1847 maledicta
993 1808 1068 1847 tibi
1086 1809 1286 1847 commissa
1306 1808 1464 1856 negabit

618 1878 768 1916 Semina
788 1879 827 1916 et
847 1877 1035 1915 absumtis
1057 1878 1222 1916 fructum
1242 1889 1317 1916 non
1337 1877 1505 1925 proferet
1525 1876 1668 1923 herbis,

505 1947 585 1986 165
619 1947 806 1995 Torpidus
828 1947 871 1984 ut
891 1947 1010 1985 multo
1032 1947 1216 1986 collidens
1237 1947 1406 1985 membra
1427 1948 1589 1984 tremore

626 2017 648 2039 *
708 2017 730 2039 >R
790 2019 810 2040 >k
868 2014 891 2040 >k
950 2014 974 2039 >Y-
1033 2016 1053 2039 *
1114 2017 1136 2039 *
1197 2017 1219 2039 ³1<
1280 2017 1301 2039 *
1362 2017 1383 2039 *
1446 2017 1466 2038 ’Κ
1526 2013 1549 2037 ³4³·
1608 2014 1630 2037 ³?

460 2218 528 2253 142
553 2218 672 2253 fructu
697 2219 732 2254 R
891 2218 958 2253 145
982 2229 1092 2253 manu
1118 2218 1253 2252 sincera
1275 2228 1400 2262 gerens
1425 2228 1446 2251 v
1601 2217 1667 2251 152
1691 2216 1877 2261 praebebit

367 2274 413 2315 R,
439 2274 587 2309 daturus
613 2275 796 2310 Morelius
821 2278 855 2310 et
879 2284 900 2309 v
1054 2274 1122 2309 154
1146 2274 1199 2308 ibi
1223 2274 1258 2309 R
1422 2274 1490 2308 155
1515 2272 1683 2307 fraudans
1710 2273 1755 2312 R,
1782 2272 1877 2305 fran-

367 2343 453 2376 gens
478 2333 567 2367 coni.
587 2332 776 2367 Pamelius
915 2332 982 2367 156
1007 2331 1119 2376 caelo]
1147 2331 1239 2366 celso
1259 2332 1457 2366 Fabricius
1596 2330 1663 2364 159
1689 2340 1802 2363 noune
1828 2329 1875 2370 R,

367 2400 535 2424 numnam
560 2389 758 2425 Fabricius
783 2393 815 2424 et
839 2400 861 2425 v
1001 2389 1069 2424 164
1094 2389 1265 2423 assumtis
1290 2401 1321 2425 v.
1348 2410 1390 2414 ——
