2032 3248
372 225 454 267 100
773 224 967 259 Arnobii
998 223 1210 260 aduersus
1242 225 1454 260 nationes

368 340 501 382 mium
522 342 584 382 est
606 339 770 383 diuinae
790 340 1091 383 beniuolentiae
1112 340 1277 395 gratia?
1304 340 1368 381 uis
1389 352 1548 382 sumere
1570 339 1677 394 quod
1697 340 1865 382 offertur

370 408 494 462 atque
523 408 567 450 in
596 409 689 451 tuos
719 421 818 451 usus
849 411 1111 452 conuertere?
1142 409 1395 452 consulueris
1421 411 1468 451 tu
1488 409 1579 451 tibi.
1622 409 1863 463 aspernaris⁷

369 477 595 520 contemnis
626 479 667 521 et
696 479 900 532 despicis?
939 479 986 520 tu
1016 479 1058 520 te
1086 479 1269 521 muneris
1301 479 1592 521 commoditate
1621 477 1863 532 priuaueris.

368 546 473 588 nulli
518 547 616 589 deus
654 546 781 590 infert
819 547 1129 599 necessitatem,
1176 547 1395 601 imperiosa
1439 547 1656 590 formidine
1699 547 1862 588 nullum

368 615 506 657 terret.
538 628 667 670 neque
699 616 808 658 enim
837 616 1064 658 necessaria
1091 617 1232 658 nostra
1253 616 1319 658 illi
1341 617 1453 659 salus
1477 619 1550 667 est,
1580 618 1628 658 ut
1650 615 1864 669 conpendii
1896 633 1912 657 ⁵

369 684 527 738 aliquid
572 685 826 739 dispendiiue
872 685 1073 739 patiatur,
1124 686 1159 728 si
1189 686 1261 727 aut
1301 686 1396 728 deos
1432 699 1505 728 nos
1535 686 1680 728 fecerit
1711 687 1782 727 aut
1812 685 1864 727 ad

302 757 354 798 65
369 753 549 796 nihilum
578 755 709 810 redigi
739 755 1010 808 corruptionis
1042 754 1307 797 dissolutione
1337 754 1582 808 permiserit.
1628 755 1769 805 immo,
1800 755 1865 795 in-

370 822 479 876 quit,
511 825 546 865 si
576 824 675 866 deus
710 824 772 865 est
801 824 945 877 potens
974 823 1204 866 misericors
1236 824 1514 875 conseruator,
1552 824 1764 866 conuertat
1792 835 1865 864 no-

369 892 435 934 bis
464 892 621 934 mentes
653 893 694 934 et
722 892 874 935 inuitos
904 892 1029 935 faciat
1059 892 1143 935 suis
1177 892 1550 945 pollicitationibus
1581 892 1753 934 credere.
1800 891 1866 933 uis

371 974 466 1016 ergo
491 962 552 1003 est
574 961 668 1013 ista,
689 973 770 1003 non
788 962 923 1016 gratia
952 974 1026 1004 nec
1046 961 1112 1004 dei
1132 960 1366 1004 liberalitas
1382 961 1591 1016 principis
1615 962 1686 1003 sed
1706 963 1756 1003 ad
1772 960 1865 1002 uin-
1880 977 1915 1001 10

370 1030 487 1072 cendi
518 1030 702 1072 studium
730 1030 899 1084 puerilis
930 1031 1052 1084 atque
1081 1052 1101 1073 *
1126 1031 1253 1072 31111111
1285 1031 1501 1073 contentio.
1534 1031 1632 1084 quid
1664 1034 1725 1072 est
1757 1029 1867 1071 enim

369 1098 457 1140 tam
486 1099 701 1150 iniustum,
732 1112 855 1153 quam
884 1099 1222 1154 repugnantibus,
1256 1112 1380 1153 quam
1400 1100 1544 1141 inuitis
1566 1103 1801 1152 extorquere
1821 1098 1866 1139 in

369 1168 618 1210 contrarium
649 1169 896 1220 uoluntates,
928 1169 1132 1211 inculcare
1163 1168 1271 1222 quod
1301 1169 1434 1210 nolint
1465 1170 1505 1210 et
1527 1169 1635 1222 quod
1656 1167 1866 1222 refugiant

370 1237 531 1288 animiS‚
562 1238 675 1292 prius
705 1250 848 1280 nocere
878 1251 1002 1292 quam
1022 1237 1153 1292 prosis
1184 1237 1225 1279 et
1253 1238 1387 1291 priore
1416 1239 1598 1280 detracto
1620 1238 1664 1279 in
1685 1237 1866 1279 alienum

368 1306 559 1349 habitum
590 1307 915 1361 sententiamque
944 1307 1186 1349 traducere?
1216 1307 1263 1348 tu
1296 1307 1365 1360 qui
1396 1309 1437 1348 te
1467 1307 1575 1348 uerti
1607 1308 1647 1348 et
1678 1306 1766 1347 uim
1798 1305 1867 1347 de·
1882 1324 1915 1349 15

370 1374 522 1418 sideras
552 1376 722 1430 perpeti,
753 1378 800 1418 ut
830 1376 874 1418 id
905 1377 1011 1430 quod
1041 1375 1147 1418 nolis
1178 1375 1332 1418 efficias
1353 1377 1475 1429 atque
1498 1376 1670 1430 arripias
1692 1375 1867 1426 coactus,

369 1457 440 1487 cur
469 1445 626 1498 respuis
657 1446 868 1487 adsumere
898 1445 1114 1487 uoluntate
1143 1444 1187 1486 id
1218 1446 1326 1498 quod
1356 1457 1499 1487 uersus
1521 1445 1726 1487 desideras
1747 1438 1868 1498 atque

367 1513 616 1556 immutatus
657 1514 844 1556 efficere?
889 1516 1002 1567 nolo,
1039 1515 1196 1568 inquit,
1242 1515 1282 1557 et
1319 1515 1577 1556 uoluntatem
1615 1526 1696 1556 non
1725 1513 1866 1555 habeO.

368 1583 467 1636 quid
496 1594 590 1636 ergo
621 1583 850 1624 criminaris
879 1584 1001 1625 deum
1021 1584 1234 1637 tamquam
1254 1584 1332 1625 tibi
1354 1584 1459 1625 desit
1480 1595 1599 1637 opem
1620 1581 1867 1624 desideranti

367 1650 502 1694 ferre?
535 1651 649 1693 cuius
680 1651 783 1693 dona
814 1654 856 1693 et
886 1665 1058 1694 munera
1088 1665 1168 1694 non
1197 1653 1364 1694 tantum
1395 1652 1622 1706 asperneris
1651 1653 1691 1693 et
1713 1651 1865 1706 fugias,
1881 1667 1916 1694 20

367 1733 513 1762 uerum
549 1719 690 1762 inania
726 1720 850 1762 uerba
887 1722 1147 1776 cognomines
1179 1722 1220 1763 et
1249 1721 1500 1763 iocularibus
1538 1721 1699 1762 facetiis
1729 1731 1868 1774 prose-

271 1797 295 1833 f.
309 1799 352 1832 59
367 1789 518 1843 quaris.
565 1788 821 1832 Christianus
861 1802 955 1845 ergo
987 1791 1030 1832 ni
1060 1790 1194 1842 fuero,
1239 1802 1354 1844 spem
1385 1790 1531 1832 salutis
1561 1789 1711 1831 habere
1746 1787 1752 1844 Ι
1787 1801 1867 1830 11011

365 1860 535 1912 potero?
578 1858 639 1900 ita
670 1859 744 1910 est,
775 1860 823 1900 ut
852 1858 939 1912 ipse
969 1859 1174 1913 proponis.
1215 1860 1352 1912 partes
1383 1859 1497 1901 enim
1527 1859 1676 1901 salutis
1708 1857 1867 1899 dandae

367 1926 677 1980 conferendique
706 1927 856 1969 animis
889 1927 995 1980 quod
1034 1927 1164 1969 tribui
1195 1928 1390 1970 conuenit
1419 1928 1774 1981 necessariumque
1805 1926 1868 1968 est

365 1995 562 2049 adplicari
599 1995 710 2038 solus
749 1996 800 2038 ab
833 1995 906 2038 deo
951 1998 1066 2049 patre
1105 1997 1313 2038 iniunctas
1350 1996 1475 2038 habet
1507 1997 1548 2038 et
1577 1996 1767 2046 traditaS‚
1806 1994 1867 2036 ita
1881 2009 1914 2035 25

367 2076 410 2107 se
439 2064 684 2107 habentibus
724 2065 894 2107 semotis
933 2067 1057 2119 atque
1096 2065 1362 2107 interioribus
1394 2065 1542 2107 causis.
1588 2065 1636 2106 ut
1666 2064 1777 2106 enim
1807 2063 1865 2105 dii

415 2257 434 2291 1
451 2256 597 2292 offertur
614 2256 685 2292 δαὶ)
696 2270 707 2290 .·
730 2256 874 2291 effertur
889 2258 924 2290 P
1058 2258 1080 2292 3
1096 2258 1138 2291 tu
1153 2258 1189 2291 te
1205 2257 1394 2291 Meursius
1410 2260 1591 2301 tamquam
1609 2267 1626 2290 e
1643 2256 1780 2292 codice:
1798 2256 1870 2291 tuti

368 2317 403 2349 P
422 2315 492 2350 tibi
516 2315 589 2350 Sab
613 2317 651 2349 te
681 2314 748 2350 θεῖ
900 2314 1187 2350 commoditatem
1220 2313 1294 2349 Sab
1441 2314 1636 2358 priuaueris
1671 2314 1756 2348 Gel:
1791 2324 1870 2357 pro-

369 2372 509 2407 baueris
535 2374 572 2417 (u
589 2384 635 2408 eoe
650 2372 688 2417 b)
713 2373 750 2407 P
909 2373 930 2407 6
955 2372 1036 2407 deos
1067 2372 1150 2407 Gel:
1176 2362 1216 2406 d}
1242 2373 1278 2406 P
1301 2372 1384 2407 deus
1410 2371 1482 2406 Sab
1641 2371 1659 2405 7
1684 2370 1811 2415 inquid
1836 2370 1872 2405 P

368 2440 451 2465 corr
589 2430 633 2465 10
657 2430 701 2464 ad
725 2429 784 2465 del
799 2430 954 2464 Zinkius
1093 2429 1135 2463 11
1162 2428 1331 2473 studium,
1356 2428 1502 2473 puerilis
1526 2428 1680 2463 Zinkius
1819 2428 1871 2463 la-

369 2497 501 2523 cunam
516 2487 696 2523 indicauit
717 2487 921 2522 Vahlenus:
944 2486 1168 2522 intercidisse
1184 2486 1307 2521 uideri
1330 2486 1453 2531 pusilli
1471 2486 1531 2520 uel
1546 2486 1661 2520 simile
1678 2485 1810 2529 (inanis
1833 2484 1864 2528 ἓ)

368 2545 522 2579 uerbum
659 2544 780 2589 animi]
805 2544 923 2579 inanis
948 2544 1023 2579 Sab
1159 2543 1203 2578 13
1228 2543 1322 2588 quod
1346 2543 1527 2588 refugiant
1553 2542 1648 2577 Sab:
1680 2553 1749 2587 quo
1775 2541 1868 2576 refu-

369 2625 472 2670 giant
495 2625 531 2660 P
669 2626 713 2661 15
737 2602 830 2665 ἶθξξὲ
864 2627 900 2661 Ρ
937 2625 1046 2670 (uerti
1079 2636 1192 2660 manu
1226 2625 1350 2669 prima
1386 2624 1674 2669 superscriptum
1711 2624 1777 2667 est)

370 2683 413 2718 17
438 2693 578 2728 respues
603 2683 639 2718 P
662 2694 744 2718 corr
888 2683 932 2718 18
955 2683 1036 2718 uolo
1069 2683 1139 2718 Urs
1277 2683 1404 2727 inquid
1431 2683 1467 2717 P
1490 2692 1572 2716 corr
1710 2681 1754 2714 19
1777 2680 1868 2714 desi-

370 2739 520 2785 deranti]
546 2740 721 2775 desideras
744 2739 815 2775 tibi
839 2740 912 2776 8αό
1049 2740 1092 2775 21
1117 2740 1241 2774 inania
1272 2740 1359 2775 Urs.-
1392 2740 1429 2774 in
1454 2739 1525 2774 alia
1549 2739 1585 2774 P
1722 2737 1768 2772 24
1792 2737 1867 2773 ani-

369 2797 438 2832 mis
463 2797 540 2840 Gel,
556 2808 594 2832 r:
619 2798 729 2833 animi
746 2798 782 2832 P
883 2798 928 2834 25
945 2809 966 2833 a.
982 2797 1055 2834 Sab
1160 2798 1339 2832 iniunctas
1355 2798 1503 2842 scripsi.-
1519 2797 1725 2832 iniunctum
1743 2796 1779 2831 P

369 2855 525 2890 traditas
549 2855 698 2900 scripsi.-
728 2855 901 2890 traditum
925 2855 961 2890 P
1097 2865 1215 2890 rerum
1238 2855 1292 2890 ita
1317 2865 1354 2889 se
1376 2854 1587 2889 habentium
1618 2854 1638 2889 ἓ
