2032 3248
404 247 487 290 242
808 246 999 281 Arnobii
1035 246 1248 282 aduersus
1281 248 1493 283 nationes

288 374 311 408 f.
328 376 390 407 137
403 359 647 416 proponitis,
691 373 771 403 non
815 361 929 412 deos,
966 360 971 416 Ι
1007 361 1154 415 quibus
1192 374 1242 403 ne
1286 362 1473 404 saeuiant
1503 362 1728 405 concitatae
1759 364 1800 405 et
1830 376 1898 406 ca-

404 443 572 473 uearum
602 429 826 472 discutiant
856 429 1059 481 claustra,
1101 429 1297 472 obiectari
1326 430 1452 472 moris
1484 433 1546 472 est
1576 443 1686 474 escas
1723 432 1767 473 in
1797 444 1897 486 quas

402 499 541 541 rabide
579 499 766 541 saeuiant
805 499 848 541 et
885 498 1120 552 cupidinem
1150 499 1376 541 uexationis
1407 498 1621 541 inclinent.
1668 501 1731 543 sin
1761 501 1898 544 autem

402 568 487 610 iam
532 567 702 611 feruidis
750 568 873 621 atque
917 567 1199 623 indignatione
1242 567 1512 623 flagrantibus
1552 569 1778 612 satisfactio
1816 569 1899 612 ista

403 637 695 680 sacrificiorum
725 637 955 693 oggeritur,
979 648 1073 695 ‘non
1102 638 1286 691 inquiro,
1324 649 1404 680 non
1435 638 1571 693 exigo,
1601 650 1652 680 an
1682 638 1755 680 illa
1784 639 1900 681 lauta
1929 652 1943 677 ⁵

406 708 448 749 et
476 707 667 749 sublimis
697 706 1021 761 magnanimitas
1060 707 1279 749 numinum
1307 707 1649 750 homunculorum
1679 707 1899 750 offensione

408 777 623 819 moueatur
651 775 881 829 habeatque
910 788 983 830 pro
1013 776 1193 828 uulnere,
1227 777 1262 818 si
1292 777 1390 830 quid
1419 776 1573 819 animal
1593 789 1758 820 caecum
1778 779 1900 831 atque

403 844 446 887 in
475 845 651 887 nubibus
682 857 840 899 semper
869 844 1140 900 ignorationis
1170 845 1361 887 incedens
1399 845 1709 901 dissignauerit,
1751 846 1901 889 dixerit

366 918 389 959 7
405 927 483 969 quo
519 914 687 956 illorum
727 914 980 956 minueretur
1018 914 1251 957 auctoritas.
1300 915 1371 957 sed
1408 927 1538 968 neque
1575 915 1681 957 illud
1717 915 1797 958 dici
1828 915 1901 958 aut

404 983 544 1025 audire
583 984 776 1037 deposce,
816 994 915 1036 quas
955 982 1113 1025 irarum
1142 982 1186 1025 in
1215 982 1400 1025 homines
1438 983 1615 1026 habeant
1656 984 1714 1026 dii
1744 995 1898 1036 causas,
1913 999 1946 1024 ιο

404 1052 452 1094 ut
488 1051 697 1094 sacrificiis
736 1050 909 1093 debeant
952 1052 1162 1094 contracta
1200 1051 1420 1094 offensione
1457 1052 1652 1095 mulceri:
1699 1051 1901 1106 numquid

406 1121 564 1175 aliquas
593 1121 706 1176 leges
735 1133 901 1163 sanxere
931 1120 1152 1175 aliquando
1182 1121 1426 1163 mortalibus
1457 1121 1808 1175 constitutumque
1838 1122 1901 1164 est

407 1190 458 1233 ab
487 1189 553 1232 his
583 1201 794 1243 umquam,
826 1190 926 1243 quid
956 1202 1023 1232 eos
1054 1202 1173 1245 agere
1203 1190 1440 1232 conueniret
1469 1191 1537 1233 uel
1557 1190 1656 1244 quid
1675 1203 1770 1242 non,
1801 1190 1900 1244 quid

404 1259 651 1311 consectari,
690 1257 791 1313 quid
829 1258 990 1313 fugere,
1028 1259 1096 1300 uel
1126 1258 1205 1301 coli
1234 1271 1276 1301 se
1306 1260 1457 1302 saltem
1495 1259 1643 1313 quibus
1673 1260 1899 1302 rationibus

405 1329 610 1383 cuperent,
641 1330 689 1370 ut
719 1328 840 1370 aliter
870 1340 994 1382 quam
1024 1328 1328 1383 imperauerant
1358 1329 1476 1383 gesta
1505 1328 1734 1371 ultionibus
1764 1341 1901 1383 perse-
1914 1344 1945 1370 15

405 1399 629 1451 querentur
671 1397 828 1439 irarum
873 1397 1180 1451 contemptique
1218 1410 1260 1440 se
1301 1398 1460 1440 uellent
1500 1398 1550 1440 de
1594 1397 1815 1440 audacibus
1860 1399 1901 1440 et

406 1466 774 1521 transgressoribus
805 1465 1047 1508 uindicare?
1077 1467 1125 1508 ut
1155 1466 1308 1520 opinor,
1339 1466 1390 1509 ab
1421 1466 1486 1509 his
1517 1480 1741 1520 numquam
1771 1479 1900 1520 neque

405 1535 676 1578 constitutum
707 1535 769 1577 est
799 1535 958 1588 aliquid
988 1547 1117 1588 neque
1146 1535 1366 1586 sancitum,
1399 1535 1593 1588 quoniam
1622 1548 1695 1578 nec
1723 1535 1803 1577 uisi
1824 1535 1901 1577 ali-

404 1604 577 1659 quando,
600 1617 729 1658 neque
750 1604 786 1646 si
807 1605 905 1646 sunt
923 1604 1013 1656 ulli,
1037 1604 1295 1658 apertissima
1322 1604 1460 1657 potuit
1481 1604 1710 1659 cognitione
1731 1605 1898 1647 dinosci.

407 1686 608 1727 quaenam
638 1674 700 1716 est
730 1685 824 1728 ergo
854 1673 1028 1724 iustitia,
1062 1672 1110 1714 ut
1140 1673 1198 1715 eis
1229 1672 1280 1715 ob
1313 1672 1471 1727 aliquas
1503 1686 1643 1716 causas
1673 1674 1946 1716 irascanturao

400 1743 463 1784 dii
501 1744 667 1785 caelites
704 1743 851 1796 quibus
888 1755 1018 1796 neque
1049 1755 1091 1785 se
1121 1754 1208 1785 esse
1237 1743 1464 1785 monstrare
1494 1743 1711 1797 aliquando
1741 1742 1902 1797 dignati

405 1812 502 1855 sunt
537 1825 666 1866 neque
704 1812 812 1854 ullas
843 1810 1030 1853 dederint
1060 1812 1133 1854 aut
1163 1812 1433 1866 imposuerint
1463 1812 1575 1867 leges
1606 1824 1705 1865 quas
1741 1811 1819 1854 coli
1849 1811 1900 1853 ab

372 1884 394 1924 8
408 1881 472 1923 his
501 1881 657 1924 uellent
687 1883 727 1922 et
756 1880 989 1923 inuiolabili
1021 1880 1281 1923 obsecutione
1309 1881 1494 1923 seruari?
1525 1881 1595 1922 sed
1630 1881 1705 1922 1106
1735 1880 1783 1921 ut
1818 1880 1902 1921 dixi

405 1953 612 2004 praetereo
653 1951 694 1992 et
732 1950 898 1992 silentio
936 1950 1070 2003 patior
1108 1950 1219 1992 abire
1257 1949 1467 1992 donatum.
1513 1962 1643 1991 unum
1673 1948 1779 1990 illud
1807 1960 1902 2002 prae

405 2019 594 2062 omnibus
632 2030 802 2073 quaero:
847 2030 949 2073 quae
980 2031 1104 2061 causa
1135 2019 1214 2070 est,
1254 2020 1300 2060 ut
1331 2019 1367 2061 si
1401 2030 1474 2074 ego
1512 2030 1679 2072 porcum
1709 2016 1902 2068 occidero,
1915 2031 1946 2057 25

273 2094 394 2129 f.137¹³
409 2089 507 2131 deus
537 2089 672 2130 mutet
708 2090 712 2143 ι
749 2088 955 2131 adfectum
987 2088 1224 2141 animosque
1252 2089 1293 2130 et
1312 2088 1469 2130 rabiem
1489 2089 1632 2141 ponat,
1665 2087 1699 2130 si
1721 2086 1901 2141 gallinu-

408 2157 507 2209 lam,
536 2157 720 2199 uitulum
750 2157 825 2199 sub
856 2157 970 2199 illius
1002 2157 1131 2199 oculis
1162 2158 1284 2210 atque
1306 2157 1508 2199 altaribus
1530 2167 1799 2206 concremaro,
1830 2155 1902 2196 ob-

406 2226 602 2268 liuionem
632 2226 801 2268 inducat
830 2226 1003 2268 iniuriae
1034 2227 1074 2268 et
1104 2226 1156 2268 ab
1180 2238 1302 2268 sensu
1321 2226 1487 2279 penitus
1508 2224 1740 2267 offensionis
1761 2224 1903 2266 absce-

407 2296 506 2337 dat?
551 2295 649 2349 quid
678 2295 731 2337 ad
761 2295 846 2337 eius
878 2295 1056 2337 dolorem
1088 2308 1135 2336 ex
1165 2307 1283 2349 opere
1313 2295 1387 2336 hoc
1419 2294 1591 2349 migrat,
1631 2294 1703 2335 aut
1732 2292 1903 2335 remedii

409 2364 524 2406 cuius
555 2367 617 2406 est
648 2376 782 2414 anser,
815 2377 934 2417 caper
965 2365 1038 2406 aut
1068 2377 1220 2417 pauus,
1259 2365 1307 2406 ut
1337 2377 1383 2406 ex
1414 2363 1501 2405 eius
1532 2375 1670 2405 cruore
1699 2361 1948 2404 medicinam

408 2432 649 2475 adhibeatur
685 2433 821 2475 irato?
867 2445 1013 2488 ergone
1051 2431 1222 2474 iniurias
1260 2444 1354 2474 suas
1392 2432 1450 2473 dii
1492 2431 1674 2473 uendunt
1704 2432 1827 2483 atque
1856 2430 1904 2471 ut

453 2647 473 2681 1
491 2648 686 2682 concitatae
699 2648 782 2690 Sab,
799 2658 839 2682 r.-
856 2647 1023 2683 concitati
1036 2648 1072 2682 P
1162 2647 1184 2682 3
1201 2647 1342 2682 rauidae
1355 2647 1391 2681 P
1404 2646 1523 2681 rabide
1540 2657 1558 2680 6
1575 2646 1717 2680 rabidae
1736 2645 1808 2680 Sab

408 2704 430 2738 5
452 2703 552 2739 lauta
576 2705 664 2740 Urs.-
687 2705 783 2740 laeta
807 2706 843 2740 P
867 2705 960 2740 elata
983 2705 1172 2740 Heraldus
1264 2706 1286 2740 8
1310 2704 1550 2748 designauerit
1575 2703 1648 2738 Sab
1742 2702 1785 2737 10
1801 2701 1900 2747 quasi

407 2772 530 2806 pamm
557 2762 629 2797 Sab
772 2763 931 2798 homines
955 2763 991 2797 P
1129 2762 1172 2796 12
1196 2772 1353 2797 sancxere
1378 2762 1414 2796 P
1557 2760 1599 2795 18
1624 2759 1753 2803 aliquit
1777 2759 1812 2793 P

410 2819 573 2853 sanctum
605 2813 677 2856 Sab
845 2820 887 2854 19
919 2820 998 2864 11111]
1031 2820 1101 2854 uisi
1133 2819 1206 2855 Sab
1370 2819 1413 2853 21
1447 2828 1482 2852 se
1513 2817 1600 2862 esse]
1634 2827 1706 2851 sese
1739 2816 1811 2851 Sab

408 2876 453 2910 23
477 2878 530 2911 et·
550 2877 584 2911 P
719 2877 764 2911 24
788 2877 884 2912 abire
912 2876 997 2912 θεῖ.-
1022 2876 1120 2911 obire
1145 2876 1180 2910 P
1316 2876 1361 2911 28
1384 2874 1549 2920 paenitus
1574 2874 1610 2908 P
