2032 3248
508 219 566 252 De
593 218 934 263 singularitate
960 219 1226 253 clericorum
1253 229 1280 253 c.
1311 219 1454 254 19—21.
1657 221 1736 264 197

226 325 431 363 maioribus
448 327 722 373 protestamur:
741 337 824 363 cum
835 325 968 363 Helias
980 325 1109 373 ipsein
1120 325 1299 373 angustia
1315 326 1545 363 constitutus
1564 325 1734 373 inparem

225 405 265 432 se
286 394 460 442 patribus
492 393 571 432 suis
593 396 680 432 ante
712 394 832 432 Deum
854 394 1040 432 fateatur:
1088 394 1337 441 numquid,
1370 394 1524 442 inquid,
1558 394 1704 433 melio
1719 407 1738 432 r

226 474 324 501 sum
346 462 575 511 patribus
597 463 740 501 meis?
774 463 844 501 hoc
866 463 999 501 Helias
1021 464 1066 501 de
1087 463 1389 501 antecessoribus
1412 463 1490 501 suis
1513 462 1553 501 in
1574 464 1736 501 infirmi-

224 534 305 570 tate
328 544 395 570 sua
419 532 568 584 cogitur
589 532 823 570 exclamare:
862 533 900 569 et
933 544 1001 571 nos
1025 531 1158 570 Heliae
1190 532 1252 570 uel
1274 532 1471 579 prophetis
1492 534 1531 570 et
1552 533 1736 581 apostolis

195 617 208 640 ⁵
224 603 262 639 et
283 601 441 639 Domino
463 601 645 639 uirtutem
667 603 836 639 nostram
857 612 931 639 non
954 601 1172 639 dubitamus
1194 604 1386 649 aequare?
1419 602 1526 640 uideo
1548 601 1659 649 plane
1682 601 1736 640 sic

221 671 323 718 apud
344 682 413 708 nos
435 670 574 709 calcari
596 670 818 717 auaritiam,
851 670 950 709 sicut
971 670 1137 718 apostoli
1158 670 1312 718 propria
1335 672 1470 709 cuncta
1490 670 1731 709 dimiserunt.

221 739 333 777 uideo
356 740 549 787 crapulam
572 742 610 777 et
632 740 856 778 ebrietatem
879 739 933 777 sic
954 740 1096 778 nostris
1119 739 1304 777 conuiuiis
1327 740 1482 788 abesse,
1519 739 1617 777 sicut
1639 751 1732 788 apo-

222 809 311 847 stoli
332 809 429 847 nihil
450 809 634 847 habentes
654 810 872 858 frequenter
893 810 1014 848 coacti
1045 811 1134 847 sunt
1155 809 1311 848 esurire.
1337 820 1519 857 cognosco
1542 809 1672 847 taliter
1693 809 1735 847 in

220 878 332 916 nobis
354 878 494 917 ieiunia
516 879 620 916 sitim
642 879 781 917 famem
802 878 1015 916 nuditatem
1036 881 1191 927 propter
1210 878 1433 916 instantiam
1455 878 1648 917 doctrinae
1671 890 1732 916 so-

176 960 209 984 10
223 947 300 985 lius
322 947 461 994 ubique
483 947 640 994 pollere,
672 948 771 986 sicut
793 948 832 985 in
853 948 1036 996 apostolis
1058 947 1221 995 legimus
1243 947 1511 996 triumphasse.
1535 949 1574 986 et
1595 948 1735 996 adpro-

221 1016 335 1054 batur
371 1017 471 1064 apud
507 1028 575 1055 nos
612 1018 742 1055 eadem
776 1017 955 1056 exercitia
976 1017 1123 1055 feruere
1145 1017 1352 1064 uirtutum,
1385 1017 1521 1064 quibus
1543 1017 1734 1065 apostolos

221 1086 349 1124 omnia
385 1085 481 1124 uitia
503 1088 749 1125 tremuerunt.
792 1087 905 1134 plane
927 1086 1182 1134 quadraginta
1212 1085 1357 1124 dierum
1378 1086 1560 1124 ieiunium
1581 1086 1733 1124 Domini

220 1154 448 1192 meditamur
477 1157 515 1192 et
536 1155 724 1193 orationes
756 1154 1006 1203 excubiasque
1028 1155 1165 1203 quibus
1194 1155 1260 1193 ille
1282 1167 1349 1203 per
1372 1155 1597 1194 solitudines
1620 1156 1734 1194 etiam

220 1223 376 1262 silentia
397 1225 581 1261 nocturna
603 1224 814 1271 rumpebat.
857 1224 1040 1272 numquid
1080 1223 1224 1262 similes
1267 1235 1408 1272 agones
1446 1224 1734 1271 frequentamus

167 1307 205 1330 «ιδ
221 1294 353 1330 contra
373 1292 582 1330 luctamina
618 1293 798 1331 uitiorum
832 1294 870 1331 et
907 1293 961 1331 sic
982 1292 1130 1341 agimus
1166 1293 1290 1341 rigore
1328 1294 1554 1332 auctoritate
1584 1293 1731 1342 uigiliis

219 1361 464 1409 passionibus
485 1361 613 1399 labore
635 1363 860 1400 necessitate
883 1361 1129 1400 afflictatione
1150 1361 1396 1410 abstinentia,
1419 1362 1556 1410 quibus
1577 1364 1732 1411 peccata

220 1431 427 1477 calcantur,
450 1433 493 1467 ut
514 1441 622 1468 nemo
645 1431 689 1468 de
710 1430 820 1468 nobis
841 1431 933 1468 mali
954 1430 1100 1478 aliquid
1117 1430 1360 1478 suspicetur?
1382 1442 1450 1479 per
1472 1442 1568 1479 quae
1589 1432 1732 1469 Paulus

218 1499 416 1547 apostolus
438 1499 709 1538 conscientiam
730 1512 836 1537 suam
858 1500 1069 1538 innotuisse
1092 1500 1264 1538 omnibus
1286 1500 1485 1548 gloriatur.
1509 1500 1556 1538 in
1588 1501 1732 1538 omni-

222 1569 330 1616 bus,
364 1568 508 1616 inquit,
541 1570 932 1607 commendantes
963 1571 1151 1608 nosmet
1190 1570 1328 1617 ipsos
1360 1569 1500 1617 quasi
1531 1570 1615 1608 Dei
1649 1570 1734 1608 mi-

167 1637 432 1684 aonistros,
465 1637 513 1675 in
545 1638 929 1677 sustentatione
961 1639 1134 1685 multa,
1168 1638 1217 1676 in
1247 1639 1521 1686 pressuris,
1567 1639 1613 1677 in
1644 1639 1732 1677 tri-

220 1706 578 1753 bulationibus,
601 1707 647 1744 in
665 1708 1083 1755 necessitatibus,
1107 1708 1154 1745 in
1176 1708 1450 1756 angustiis,
1483 1709 1529 1746 in
1551 1708 1733 1757 plagis,

219 1776 266 1813 in
288 1776 555 1822 custodiis,
602 1776 649 1813 in
682 1777 989 1823 carceribus,
1037 1777 1084 1814 in
1115 1775 1472 1826 seditionibus,
1513 1778 1561 1815 in
1600 1778 1732 1818 inuo-

220 1845 525 1892 cationibus,
572 1845 622 1882 in
662 1845 938 1892 laboribus,
979 1847 1025 1884 in
1058 1846 1278 1894 uigiliis,
1326 1847 1372 1884 in
1410 1846 1639 1895 ieiuniis,
1687 1849 1734 1886 in

219 1915 485 1962 castitate,
519 1915 566 1952 in
598 1915 835 1962 scientia,
884 1915 930 1952 in
959 1915 1364 1963 longanimitate,
1406 1916 1455 1953 in
1486 1917 1731 1964 bonitate,

171 1983 271 2020 *2⁵in
303 1984 490 2031 spiritu
521 1985 713 2031 sancto,
745 1983 792 2021 in
824 1984 1038 2022 caritate
1069 1996 1158 2022 non
1189 1985 1338 2031 ficta,
1372 1985 1419 2022 in
1439 1986 1587 2024 uerbo
1606 1987 1732 2025 ueri-

218 2053 369 2099 tatis,
403 2053 450 2090 in
481 2054 668 2091 uirtute
700 2053 811 2101 Dei,
855 2065 939 2102 per
971 2066 1100 2092 arma
1130 2055 1362 2093 iustitiae
1401 2067 1423 2093 a
1462 2055 1655 2094 dextris
1687 2058 1732 2095 et

219 2123 345 2160 sinis
358 2123 463 2162 tris.
488 2124 535 2161 ad
556 2124 625 2161 has
646 2123 877 2163 imitationes
900 2124 1038 2162 infirmi
1057 2135 1199 2171 sumus,
1222 2125 1287 2162 sed
1304 2125 1352 2162 ad
1368 2125 1546 2163 mulieres
1568 2125 1730 2163 circum-

215 2192 408 2230 ducendas
418 2192 712 2243 possibilitatem
723 2193 832 2231 nobis
843 2193 1102 2241 conparandae
1112 2192 1339 2231 imitationis
1352 2193 1612 2233 adsciscimus.
1630 2196 1731 2242 quod

311 2344 332 2378 2
357 2344 414 2378 III
440 2345 527 2388 Reg.
557 2345 609 2385 19,
634 2345 689 2379 34.
834 2345 876 2379 18
902 2345 937 2379 ΙΙ
963 2345 1040 2379 Cor.
1068 2345 1097 2386 6,
1124 2345 1224 2379 4-7,

310 2499 331 2533 2
357 2499 519 2543 patribus
545 2511 590 2534 ex
614 2500 835 2545 principibus
869 2501 898 2536 C
919 2512 962 2535 m.
990 2502 1015 2535 2
1166 2502 1187 2535 3
1213 2501 1250 2534 in
1276 2511 1343 2535 om.
1377 2501 1405 2535 C
1550 2501 1571 2535 6
1597 2511 1659 2535 nos
1691 2501 1730 2543 C,

217 2568 281 2591 uos
308 2569 328 2592 v
515 2558 534 2591 7
560 2558 693 2592 nostris
725 2558 760 2599 C,
789 2558 917 2592 uestris
942 2569 963 2592 v
1150 2558 1193 2592 10
1218 2558 1435 2602 adprobatur
1460 2568 1506 2592 ea:
1531 2557 1728 2602 adprobato

225 2614 254 2649 C
276 2626 320 2649 m.
347 2617 381 2655 2,
408 2615 649 2659 approbantur
674 2627 694 2651 v
864 2616 906 2649 11
932 2616 1108 2660 apostolos
1135 2626 1180 2650 ea:
1207 2615 1389 2660 apostolus
1421 2615 1457 2656 C,
1486 2615 1638 2659 apostoli
1664 2626 1684 2649 v

220 2672 263 2705 14
288 2673 459 2706 nocturna
485 2672 629 2706 silentia
653 2684 673 2707 v
823 2673 1049 2717 rumpetebat
1080 2673 1124 2708 (1²
1272 2683 1402 2717 agones
1435 2673 1465 2708 G
1485 2683 1511 2707 s.
1539 2673 1560 2707 l.
1587 2683 1631 2706 m.
1657 2674 1683 2706 2

220 2728 262 2762 15
288 2729 495 2763 luctamiam
526 2730 570 2765 0¹
675 2731 889 2765 auctoritate
920 2731 957 2771 Ο,
984 2731 1196 2764 austeritate
1223 2742 1242 2765 υ
1350 2731 1392 2764 16
1418 2730 1655 2764 afflictatione
1687 2729 1725 2770 C,

219 2785 414 2820 afflictione
438 2798 458 2821 v
569 2787 611 2820 17
637 2798 702 2831 que
728 2799 773 2822 ea:
798 2798 903 2832 quem
935 2788 964 2823 C'
1077 2788 1122 2822 20
1146 2788 1182 2821 in
1209 2787 1292 2821 trib.
1321 2787 1358 2820 in
1384 2798 1417 2820 n.
1450 2787 1487 2827 G,
1514 2787 1551 2820 in
1577 2786 1729 2820 tentati-

216 2842 347 2876 onibus
372 2844 409 2877 in
434 2843 731 2878 tribulationibus
758 2856 775 2878 v
870 2845 914 2879 ‘26
940 2847 976 2879 et
1000 2845 1036 2886 C,
1063 2847 1098 2879 et
1123 2856 1143 2878 a
1160 2856 1179 2879 v
1273 2844 1315 2878 27
1334 2843 1395 2878 sed
1412 2845 1551 2888 scripsi,
1572 2845 1608 2878 et
1632 2843 1681 2879 Cv
