2032 3248
371 227 456 269 224
1005 225 1250 269 Appendix.

372 333 495 372 officio
526 333 734 372 attrahitur
764 332 934 372 uicissim
956 344 999 372 ac
1019 333 1192 372 redditur
1212 333 1371 381 halitus,
1408 336 1552 373 certum
1575 336 1677 374 uitae
1698 336 1880 375 indicium

371 405 450 442 est:
482 404 581 442 unde
621 403 800 450 loquendi
837 402 1107 441 consuetudine
1141 402 1286 451 spirare
1317 403 1494 441 dicuntur
1515 405 1579 452 qui
1600 405 1736 442 uiuunt
1757 407 1795 443 et
1817 417 1878 443 ex-

371 473 539 521 spirasse
570 472 634 521 qui
669 472 788 510 uitam
819 471 1010 510 finierunt.
1044 472 1135 520 quin
1156 473 1195 510 et
1221 472 1348 510 anima
1367 473 1516 511 Latinis
1536 473 1650 511 flatus
1672 473 1811 512 dicitur
1832 476 1880 512 ad

371 541 535 580 Graecae
564 541 669 580 uocis
704 541 968 589 imitationem,
1005 541 1071 590 qui
1100 543 1257 580 uentum
1278 534 1431 594 ἄνεμον
1459 544 1608 581 uocant.
1640 553 1753 590 super
1784 544 1879 581 haec

371 612 459 649 sunt
491 611 530 648 in
563 610 645 659 ipso
674 610 824 649 homine
857 610 1101 649 subtilissimi
1124 610 1284 658 spiritus
1307 622 1329 648 a
1351 612 1462 649 corde
1483 611 1549 649 ubi
1571 611 1714 650 fontem
1734 612 1905 650 habent5

369 680 494 729 sparsi
514 691 582 728 per
602 679 822 718 uniuersum
844 691 992 728 corpus,
1027 681 1093 719 sed
1122 679 1322 728 praecipue
1343 691 1412 728 per
1432 680 1592 718 arterias
1614 682 1878 728 commeantes,

366 749 458 788 licet
479 751 517 787 et
538 748 625 787 aliis
660 749 834 796 partibus
867 749 1042 788 omnibus
1072 749 1201 788 mixti:
1235 749 1276 787 hi
1304 749 1337 787 si
1365 748 1491 787 subito
1521 750 1685 797 euolent,
1719 752 1879 788 mortem

365 820 604 868 praesentem
633 819 817 857 afferunt:
851 819 911 856 sin
943 819 1198 866 includantur,
1234 818 1339 857 lenta
1371 818 1631 866 aegrotatione
1653 821 1880 857 consumunt

366 887 570 927 hominem.
603 888 711 926 adest
733 889 771 926 et
791 888 927 926 humor
949 888 1102 936 quidam
1123 887 1326 935 naturalis,
1360 899 1471 936 quem
1493 890 1534 925 ut
1556 887 1721 926 arbitror
1741 887 1877 926 medici

366 956 548 1005 phlegma
582 958 734 1003 uocant,
774 967 929 1004 sparsus
962 958 1000 994 et
1020 957 1103 1004 ipse
1124 968 1192 1004 per
1210 957 1431 995 uniuersum
1453 968 1600 1005 corpus.
1633 957 1747 995 huius
1768 969 1878 995 usum
1892 970 1924 994 lo

366 1037 572 1074 numquam
608 1026 794 1064 sentimus
835 1025 1050 1065 euidentius
1079 1037 1191 1074 quam
1211 1025 1251 1063 in
1273 1036 1387 1064 8611811
1409 1027 1567 1074 gustus:
1600 1026 1674 1064 nisi
1697 1026 1795 1065 enim
1817 1026 1880 1065 1116

367 1094 558 1133 admixtus
589 1094 640 1133 sit
677 1094 777 1132 inter
805 1093 976 1143 linguam
999 1096 1038 1133 et
1058 1095 1243 1143 palatum,
1279 1094 1427 1133 nullum
1449 1095 1522 1133 erit
1540 1095 1660 1143 palati
1681 1095 1876 1133 iudicium.

365 1165 404 1202 et
432 1165 559 1202 tamen
587 1165 681 1202 haec
711 1164 766 1202 sic
801 1163 920 1202 mixta
951 1165 1042 1202 sunt
1062 1164 1102 1201 in
1124 1163 1288 1211 homine,
1325 1165 1368 1202 ut
1388 1175 1463 1203 non
1485 1164 1537 1202 sit
1558 1164 1714 1212 sanguis
1736 1164 1878 1211 absque

368 1233 508 1281 spiritu
537 1234 576 1271 et
604 1233 837 1281 phlegmate,
875 1234 912 1271 et
943 1233 1089 1281 pariter
1110 1233 1159 1272 ad
1178 1233 1357 1272 tuendam
1378 1233 1499 1271 uitam
1521 1233 1719 1272 conferunt
1740 1233 1877 1271 omnia.

365 1301 537 1340 uidemus
574 1302 735 1349 quoduis
773 1301 913 1340 animal
949 1303 1045 1341 mori
1066 1302 1293 1351 simulatque
1314 1303 1472 1351 sanguis
1493 1302 1696 1349 effluxerit,
1727 1304 1765 1340 et
1786 1313 1875 1340 con·
1892 1317 1925 1340 15

366 1373 491 1409 sumto
513 1372 669 1410 humore
692 1383 803 1419 quem
823 1371 959 1410 medici
982 1371 1188 1410 radicalem
1204 1373 1343 1411 uocant
1359 1383 1433 1410 non
1450 1371 1562 1409 aliter
1575 1372 1736 1410 moritur
1751 1372 1877 1419 homo,

366 1451 478 1488 quam
508 1440 766 1488 exstinguitur
793 1441 950 1479 lucerna
984 1442 1178 1479 consumto
1211 1441 1306 1480 oleo.
1339 1442 1404 1479 sed
1424 1441 1583 1480 nimium
1606 1441 1670 1478 diu
1691 1452 1877 1479 moramur

364 1509 404 1547 in
436 1509 753 1557 contemplatione
787 1511 959 1557 naturae,
996 1511 1095 1558 quod
1123 1511 1250 1548 tamen
1279 1522 1354 1549 non
1374 1510 1562 1548 inutiliter
1583 1510 1724 1548 factum
1745 1509 1877 1558 opinor
2031 1557 2032 1560 Ἴ

366 1589 388 1616 a
408 1578 532 1626 nobis,
570 1580 613 1616 ut
643 1578 848 1616 dilucidius
876 1578 945 1617 fiat
979 1579 1130 1617 caritati
1154 1580 1305 1617 uestrae
1326 1578 1560 1627 mysterium,
1598 1578 1638 1615 in
1660 1578 1766 1616 cuius
1787 1589 1875 1615 con·
2029 1574 2032 1626 j

363 1647 611 1696 templatione
647 1647 731 1685 ideo
767 1658 964 1686 uersamur
992 1648 1187 1686 lubentius
1220 1648 1310 1695 quia
1328 1647 1531 1686 salubrius.
1562 1659 1650 1685 nam
1679 1647 1784 1685 iuxta
1805 1658 1876 1684 na·
1891 1659 1925 1684 26
2029 1633 2032 1652 ³

364 1718 472 1755 turae
510 1716 852 1756 considerationem
888 1718 980 1755 tunc
1014 1717 1090 1755 ista
1120 1728 1295 1765 magnam
1326 1717 1402 1755 uim
1435 1717 1589 1764 habent,
1627 1729 1710 1755 cum
1731 1716 1770 1754 in
1790 1716 1878 1755 uiuo

364 1796 519 1834 corpore
551 1797 621 1823 sua
651 1785 781 1823 munia
810 1787 1022 1833 peragunt:
1055 1798 1099 1824 ac
1127 1786 1233 1824 iuxta
1260 1786 1457 1835 mysticam
1487 1785 1766 1834 philosophiam
1788 1787 1878 1824 tunc

366 1854 516 1892 demum
538 1853 745 1902 plurimum
765 1854 896 1892 ualent
918 1865 1002 1892 cum
1025 1866 1160 1904 corpus
1182 1854 1416 1903 relinquunt.
2023 1837 2032 1883 l

327 1931 349 1968 6
422 1922 543 1961 Nemo
578 1923 738 1961 miratus
774 1924 832 1962 est
867 1923 1069 1962 Dominum
1104 1924 1269 1962 humano
1304 1935 1407 1962 more
1443 1924 1650 1972 spirantem
1679 1936 1723 1962 ac
1752 1924 1875 1972 respi-

365 1993 526 2038 rantem,
564 1993 630 2030 sed
651 2004 735 2031 cum
755 1992 795 2030 in
817 2003 925 2031 cruce
946 1993 1110 2032 clamore
1145 1993 1272 2032 ualido
1308 1993 1498 2031 emisisset
1535 1993 1723 2045 spiritum,
1763 1993 1921 2031 simul25

364 2060 602 2099 intellectum
639 2063 711 2108 est,
748 2061 857 2099 illum
893 2062 931 2100 et
967 2072 1098 2100 uerum
1135 2058 1253 2100 fuisse
1288 2062 1477 2100 hominem
1506 2063 1543 2100 et
1570 2072 1702 2099 uerum
1732 2061 1871 2099 Deum:

363 2130 553 2168 hominem
574 2131 674 2179 quod
694 2131 800 2169 iuxta
821 2132 979 2169 naturae
1001 2130 1171 2169 ordinem
1192 2133 1231 2169 et
1251 2131 1316 2169 ubi
1336 2131 1495 2169 uitalem
1516 2131 1648 2169 flatum
1670 2130 1872 2177 emisisset,

363 2198 478 2237 desiit
513 2198 662 2238 uiuere:
695 2199 829 2246 Deum,
866 2201 966 2248 quod
996 2200 1110 2238 simul
1140 2212 1225 2238 cum
1258 2201 1404 2248 ingenti
1427 2200 1588 2239 clamore
1609 2202 1779 2238 mortuus
1800 2201 1872 2242 681,

364 2267 562 2306 declarans
584 2280 624 2307 se
645 2269 835 2307 uolentem
856 2281 900 2307 ac
922 2270 1171 2317 spontaneum
1192 2270 1378 2317 deponere
1399 2269 1533 2316 uitam,
1570 2270 1669 2317 quod
1689 2270 1873 2307 humana-

363 2350 447 2376 rum
467 2338 606 2376 uirium
625 2349 735 2376 nemo
756 2338 879 2377 nescit
899 2350 974 2376 non
995 2349 1089 2377 esse.
1123 2339 1242 2377 sensit
1271 2339 1405 2378 efficax
1435 2338 1693 2377 testimonium
1715 2338 1871 2386 spiritus
1887 2351 1921 2377 30

363 2405 509 2444 uicinus
546 2406 735 2445 centurio:
768 2406 962 2447 8166111111
997 2410 1128 2445 narrat
1149 2408 1284 2446 beatus
1305 2408 1475 2446 Marcus:
1507 2408 1681 2446 uidens
1714 2409 1874 2446 autem

365 2475 591 2514 centurio
624 2475 789 2523 quiex
835 2476 1040 2514 aduerso
1082 2477 1264 2524 stabat,
1311 2477 1423 2525 quia
1453 2476 1522 2514 sic
1553 2476 1871 2524 exspirasset,
2017 2446 2022 2486 Ι

363 2543 454 2581 ait:
494 2555 606 2582 uere
643 2544 723 2583 hic
763 2546 897 2584 homo
936 2544 1080 2582 filius
1112 2544 1197 2584 Dei
1239 2547 1357 2584 erat.
1417 2545 1508 2593 quid
1543 2548 1663 2583 morte
1714 2545 1871 2583 abiecti-

362 2624 406 2650 us
448 2613 554 2651 iuxta
594 2616 772 2652 carnem?
824 2614 889 2652 sed
943 2614 1040 2652 nihil
1087 2616 1206 2652 morte
1260 2614 1454 2663 potentius
1517 2614 1622 2652 iuxta
1680 2614 1870 2666 spiritum.

362 2682 445 2719 erat
483 2682 521 2719 61
561 2681 656 2720 illud
698 2684 850 2731 praeter
900 2685 1057 2722 naturae
1098 2695 1249 2723 cursum
1297 2680 1398 2732 quod
1438 2693 1458 2721 e
1497 2683 1616 2722 latere
1666 2682 1871 2721 exanimati
1884 2698 1916 2722 35
2010 2705 2017 2940 Ι

2010 2941 2013 2956 ,

2004 3038 2011 3248 Ι

455 2850 497 2884 31
524 2850 631 2885 Marc.
658 2851 712 2892 15,
739 2851 795 2887 39.
