<?xml version="1.0" encoding="UTF-8"?>
<!DOCTYPE html PUBLIC "-//W3C//DTD XHTML 1.0 Transitional//EN"
    "http://www.w3.org/TR/xhtml1/DTD/xhtml1-transitional.dtd">
<html xmlns="http://www.w3.org/1999/xhtml" xml:lang="en" lang="en">
 <head>
  <title>
</title>
<meta http-equiv="Content-Type" content="text/html;charset=utf-8" />
  <meta name='ocr-system' content='tesseract 3.04.00' />
  <meta name='ocr-capabilities' content='ocr_page ocr_carea ocr_par ocr_line ocrx_word'/>
</head>
<body>
  <div class='ocr_page' id='page_1' title='image "./corpusscriptorum03cypruoft/corpusscriptorum03cypruoft_0763.png"; bbox 0 0 2032 3248; ppageno 0'>
   <div class='ocr_carea' id='block_1_1' title="bbox 811 204 1657 246">
    <p class='ocr_par' dir='ltr' id='par_1_1' title="bbox 811 204 1657 246">
     <span class='ocr_line' id='line_1_1' title="bbox 811 204 1657 246; baseline 0.009 -8"><span class='ocrx_word' id='word_1_1' title='bbox 811 204 940 239; x_wconf 87' lang='lat' dir='ltr'>Liber</span> <span class='ocrx_word' id='word_1_2' title='bbox 974 205 1013 239; x_wconf 91' lang='lat' dir='ltr'>V.</span> <span class='ocrx_word' id='word_1_3' title='bbox 1579 204 1657 246; x_wconf 83' lang='lat'>183</span> 
     </span>
    </p>
   </div>
   <div class='ocr_carea' id='block_1_2' title="bbox 139 317 1658 715">
    <p class='ocr_par' dir='ltr' id='par_1_2' title="bbox 139 317 1658 715">
     <span class='ocr_line' id='line_1_2' title="bbox 165 317 1658 373; baseline -0.002 -12"><span class='ocrx_word' id='word_1_4' title='bbox 165 319 376 373; x_wconf 74' lang='lat' dir='ltr'>petitionis</span> <span class='ocrx_word' id='word_1_5' title='bbox 407 330 503 360; x_wconf 88' lang='lat' dir='ltr'>suae</span> <span class='ocrx_word' id='word_1_6' title='bbox 534 319 801 360; x_wconf 90' lang='lat' dir='ltr'>inritamenta</span> <span class='ocrx_word' id='word_1_7' title='bbox 833 319 1047 371; x_wconf 90' lang='lat' dir='ltr'>complere.</span> <span class='ocrx_word' id='word_1_8' title='bbox 1096 319 1136 359; x_wconf 90' lang='lat' dir='ltr'>et</span> <span class='ocrx_word' id='word_1_9' title='bbox 1167 330 1261 360; x_wconf 88' lang='lat' dir='ltr'>sane</span> <span class='ocrx_word' id='word_1_10' title='bbox 1293 317 1368 359; x_wconf 89' lang='lat' dir='ltr'>hoc</span> <span class='ocrx_word' id='word_1_11' title='bbox 1400 317 1485 359; x_wconf 91' lang='lat' dir='ltr'>loco</span> <span class='ocrx_word' id='word_1_12' title='bbox 1518 317 1658 371; x_wconf 88' lang='lat' dir='ltr'>fruga-</span> 
     </span>
     <span class='ocr_line' id='line_1_3' title="bbox 168 386 1657 442; baseline -0.001 -14"><span class='ocrx_word' id='word_1_13' title='bbox 168 388 299 430; x_wconf 75' lang='lat' dir='ltr'>litatis</span> <span class='ocrx_word' id='word_1_14' title='bbox 330 400 503 442; x_wconf 89' lang='lat' dir='ltr'>magnae</span> <span class='ocrx_word' id='word_1_15' title='bbox 534 387 612 428; x_wconf 90' lang='lat' dir='ltr'>uiri</span> <span class='ocrx_word' id='word_1_16' title='bbox 645 390 685 428; x_wconf 90' lang='lat' dir='ltr'>et</span> <span class='ocrx_word' id='word_1_17' title='bbox 707 387 813 429; x_wconf 87' lang='lat' dir='ltr'>circa</span> <span class='ocrx_word' id='word_1_18' title='bbox 834 399 896 428; x_wconf 89' lang='lat' dir='ltr'>res</span> <span class='ocrx_word' id='word_1_19' title='bbox 919 387 1042 428; x_wconf 88' lang='lat' dir='ltr'>etiam</span> <span class='ocrx_word' id='word_1_20' title='bbox 1066 386 1259 440; x_wconf 87' lang='lat' dir='ltr'>flagitiosi</span> <span class='ocrx_word' id='word_1_21' title='bbox 1291 386 1421 439; x_wconf 91' lang='lat' dir='ltr'>operis</span> <span class='ocrx_word' id='word_1_22' title='bbox 1444 386 1657 440; x_wconf 77' lang='lat' dir='ltr'>parciores,</span> 
     </span>
     <span class='ocr_line' id='line_1_4' title="bbox 167 455 1657 507; baseline -0.002 -9"><span class='ocrx_word' id='word_1_23' title='bbox 167 469 216 498; x_wconf 91' lang='lat' dir='ltr'>ne</span> <span class='ocrx_word' id='word_1_24' title='bbox 254 460 393 499; x_wconf 90' lang='lat' dir='ltr'>sancta</span> <span class='ocrx_word' id='word_1_25' title='bbox 430 457 503 498; x_wconf 89' lang='lat' dir='ltr'>illa</span> <span class='ocrx_word' id='word_1_26' title='bbox 535 457 690 497; x_wconf 88' lang='lat' dir='ltr'>semina</span> <span class='ocrx_word' id='word_1_27' title='bbox 721 456 874 497; x_wconf 88' lang='lat' dir='ltr'>frustra</span> <span class='ocrx_word' id='word_1_28' title='bbox 905 456 1120 496; x_wconf 88' lang='lat' dir='ltr'>uideantur</span> <span class='ocrx_word' id='word_1_29' title='bbox 1151 455 1288 505; x_wconf 85' lang='lat' dir='ltr'>effusa,</span> <span class='ocrx_word' id='word_1_30' title='bbox 1326 455 1440 504; x_wconf 83' lang='lat' dir='ltr'>silex,</span> <span class='ocrx_word' id='word_1_31' title='bbox 1472 455 1657 507; x_wconf 82' lang='lat' dir='ltr'>inquitis.</span> 
     </span>
     <span class='ocr_line' id='line_1_5' title="bbox 168 524 1657 577; baseline -0.001 -11"><span class='ocrx_word' id='word_1_32' title='bbox 168 525 295 566; x_wconf 90' lang='lat' dir='ltr'>ebibit</span> <span class='ocrx_word' id='word_1_33' title='bbox 327 525 495 567; x_wconf 89' lang='lat' dir='ltr'>Iouialis</span> <span class='ocrx_word' id='word_1_34' title='bbox 526 524 844 566; x_wconf 77' lang='lat' dir='ltr'>incontinentiae</span> <span class='ocrx_word' id='word_1_35' title='bbox 876 525 1126 566; x_wconf 88' lang='lat' dir='ltr'>foeditatem.</span> <span class='ocrx_word' id='word_1_36' title='bbox 1174 524 1271 577; x_wconf 92' lang='lat' dir='ltr'>quid</span> <span class='ocrx_word' id='word_1_37' title='bbox 1311 524 1465 573; x_wconf 78' lang='lat' dir='ltr'>deinde,</span> <span class='ocrx_word' id='word_1_38' title='bbox 1499 535 1657 577; x_wconf 85' lang='lat' dir='ltr'>quaes0,</span> 
     </span>
     <span class='ocr_line' id='line_1_6' title="bbox 139 592 1658 645; baseline 0.001 -12"><span class='ocrx_word' id='word_1_39' title='bbox 139 595 427 635; x_wconf 67' lang='lat' dir='ltr'>sconsecutum</span> <span class='ocrx_word' id='word_1_40' title='bbox 470 594 561 635; x_wconf 79' lang='lat' dir='ltr'>est?</span> <span class='ocrx_word' id='word_1_41' title='bbox 606 594 743 635; x_wconf 89' lang='lat' dir='ltr'>dicite.</span> <span class='ocrx_word' id='word_1_42' title='bbox 790 594 832 634; x_wconf 93' lang='lat' dir='ltr'>in</span> <span class='ocrx_word' id='word_1_43' title='bbox 873 594 963 634; x_wconf 90' lang='lat' dir='ltr'>sinu</span> <span class='ocrx_word' id='word_1_44' title='bbox 1001 593 1134 634; x_wconf 89' lang='lat' dir='ltr'>medio</span> <span class='ocrx_word' id='word_1_45' title='bbox 1174 593 1323 645; x_wconf 89' lang='lat' dir='ltr'>lapidis</span> <span class='ocrx_word' id='word_1_46' title='bbox 1361 594 1482 645; x_wconf 91' lang='lat' dir='ltr'>atque</span> <span class='ocrx_word' id='word_1_47' title='bbox 1514 592 1555 633; x_wconf 92' lang='lat' dir='ltr'>in</span> <span class='ocrx_word' id='word_1_48' title='bbox 1587 593 1658 634; x_wconf 89' lang='lat' dir='ltr'>illa</span> 
     </span>
     <span class='ocr_line' id='line_1_7' title="bbox 168 661 1657 715; baseline -0.001 -12"><span class='ocrx_word' id='word_1_49' title='bbox 168 662 268 704; x_wconf 91' lang='lat' dir='ltr'>cotis</span> <span class='ocrx_word' id='word_1_50' title='bbox 299 662 449 703; x_wconf 77' lang='lat' dir='ltr'>duritie</span> <span class='ocrx_word' id='word_1_51' title='bbox 481 661 725 704; x_wconf 86' lang='lat' dir='ltr'>informatus</span> <span class='ocrx_word' id='word_1_52' title='bbox 748 664 870 715; x_wconf 90' lang='lat' dir='ltr'>atque</span> <span class='ocrx_word' id='word_1_53' title='bbox 894 662 1098 703; x_wconf 87' lang='lat' dir='ltr'>animatus</span> <span class='ocrx_word' id='word_1_54' title='bbox 1121 664 1182 703; x_wconf 91' lang='lat' dir='ltr'>est</span> <span class='ocrx_word' id='word_1_55' title='bbox 1205 662 1353 711; x_wconf 86' lang='lat' dir='ltr'>infans,</span> <span class='ocrx_word' id='word_1_56' title='bbox 1387 662 1497 703; x_wconf 92' lang='lat' dir='ltr'>Iouis</span> <span class='ocrx_word' id='word_1_57' title='bbox 1520 663 1657 715; x_wconf 86' lang='lat' dir='ltr'>magni</span> 
     </span>
    </p>
   </div>
   <div class='ocr_carea' id='block_1_3' title="bbox 168 729 1793 785">
    <p class='ocr_par' dir='ltr' id='par_1_3' title="bbox 168 729 1793 785">
     <span class='ocr_line' id='line_1_8' title="bbox 168 729 1793 785; baseline -0.001 -14"><span class='ocrx_word' id='word_1_58' title='bbox 168 730 306 772; x_wconf 86' lang='lat' dir='ltr'>futura</span> <span class='ocrx_word' id='word_1_59' title='bbox 336 732 562 785; x_wconf 90' lang='lat' dir='ltr'>progenies.</span> <span class='ocrx_word' id='word_1_60' title='bbox 611 743 690 772; x_wconf 92' lang='lat' dir='ltr'>non</span> <span class='ocrx_word' id='word_1_61' title='bbox 721 735 783 772; x_wconf 89' lang='lat' dir='ltr'>est</span> <span class='ocrx_word' id='word_1_62' title='bbox 814 731 933 772; x_wconf 86' lang='lat' dir='ltr'>facile</span> <span class='ocrx_word' id='word_1_63' title='bbox 965 731 1240 772; x_wconf 85' lang='lat' dir='ltr'>contradicere</span> <span class='ocrx_word' id='word_1_64' title='bbox 1273 731 1358 771; x_wconf 88' lang='lat' dir='ltr'>tam</span> <span class='ocrx_word' id='word_1_65' title='bbox 1384 729 1389 783; x_wconf 66' lang='lat' dir='ltr'>l</span> <span class='ocrx_word' id='word_1_66' title='bbox 1416 730 1657 784; x_wconf 86' lang='lat' dir='ltr'>prodigiosis</span> <span class='ocrx_word' id='word_1_67' title='bbox 1675 734 1694 765; x_wconf 86' lang='lat' dir='ltr'>f.</span> <span class='ocrx_word' id='word_1_68' title='bbox 1713 734 1793 766; x_wconf 68' lang='lat'>103⁹</span> 
     </span>
    </p>
   </div>
   <div class='ocr_carea' id='block_1_4' title="bbox 125 799 1728 2287">
    <p class='ocr_par' dir='ltr' id='par_1_4' title="bbox 125 799 1728 2287">
     <span class='ocr_line' id='line_1_9' title="bbox 169 799 1659 853; baseline -0.001 -13"><span class='ocrx_word' id='word_1_69' title='bbox 169 799 496 852; x_wconf 80' lang='lat' dir='ltr'>conceptionibus</span> <span class='ocrx_word' id='word_1_70' title='bbox 535 802 698 852; x_wconf 89' lang='lat' dir='ltr'>tamque</span> <span class='ocrx_word' id='word_1_71' title='bbox 737 800 864 840; x_wconf 88' lang='lat' dir='ltr'>miris.</span> <span class='ocrx_word' id='word_1_72' title='bbox 912 813 1005 841; x_wconf 92' lang='lat' dir='ltr'>cum</span> <span class='ocrx_word' id='word_1_73' title='bbox 1044 800 1155 841; x_wconf 84' lang='lat' dir='ltr'>enim</span> <span class='ocrx_word' id='word_1_74' title='bbox 1195 811 1320 853; x_wconf 90' lang='lat' dir='ltr'>genus</span> <span class='ocrx_word' id='word_1_75' title='bbox 1359 799 1582 840; x_wconf 91' lang='lat' dir='ltr'>humanum</span> <span class='ocrx_word' id='word_1_76' title='bbox 1615 812 1659 840; x_wconf 83' lang='lat' dir='ltr'>ex</span> 
     </span>
     <span class='ocr_line' id='line_1_10' title="bbox 168 867 1659 922; baseline 0 -14"><span class='ocrx_word' id='word_1_77' title='bbox 168 867 372 920; x_wconf 87' lang='lat' dir='ltr'>lapidibus</span> <span class='ocrx_word' id='word_1_78' title='bbox 411 870 516 922; x_wconf 88' lang='lat' dir='ltr'>apud</span> <span class='ocrx_word' id='word_1_79' title='bbox 555 880 625 908; x_wconf 91' lang='lat' dir='ltr'>uos</span> <span class='ocrx_word' id='word_1_80' title='bbox 657 871 792 909; x_wconf 90' lang='lat' dir='ltr'>ortum</span> <span class='ocrx_word' id='word_1_81' title='bbox 826 871 1158 920; x_wconf 80' lang='lat' dir='ltr'>procreatumque</span> <span class='ocrx_word' id='word_1_82' title='bbox 1190 867 1369 917; x_wconf 82' lang='lat' dir='ltr'>dicatur,</span> <span class='ocrx_word' id='word_1_83' title='bbox 1410 879 1567 909; x_wconf 90' lang='lat' dir='ltr'>necesse</span> <span class='ocrx_word' id='word_1_84' title='bbox 1599 870 1659 908; x_wconf 88' lang='lat' dir='ltr'>est</span> 
     </span>
     <span class='ocr_line' id='line_1_11' title="bbox 125 935 1657 990; baseline 0.001 -14"><span class='ocrx_word' id='word_1_85' title='bbox 125 952 155 977; x_wconf 74' lang='grc' dir='ltr'>ιο</span> <span class='ocrx_word' id='word_1_86' title='bbox 169 935 326 976; x_wconf 90' lang='lat' dir='ltr'>credere</span> <span class='ocrx_word' id='word_1_87' title='bbox 357 937 397 977; x_wconf 90' lang='lat' dir='ltr'>et</span> <span class='ocrx_word' id='word_1_88' title='bbox 428 937 684 989; x_wconf 87' lang='lat' dir='ltr'>receptacula</span> <span class='ocrx_word' id='word_1_89' title='bbox 722 937 877 989; x_wconf 83' lang='lat' dir='ltr'>lapides</span> <span class='ocrx_word' id='word_1_90' title='bbox 909 937 1097 978; x_wconf 87' lang='lat' dir='ltr'>habuisse</span> <span class='ocrx_word' id='word_1_91' title='bbox 1142 936 1340 990; x_wconf 81' lang='lat' dir='ltr'>genitalia</span> <span class='ocrx_word' id='word_1_92' title='bbox 1371 938 1410 977; x_wconf 91' lang='lat' dir='ltr'>et</span> <span class='ocrx_word' id='word_1_93' title='bbox 1441 936 1657 977; x_wconf 85' lang='lat' dir='ltr'>iaculatam</span> 
     </span>
     <span class='ocr_line' id='line_1_12' title="bbox 170 1004 1661 1058; baseline 0 -13"><span class='ocrx_word' id='word_1_94' title='bbox 170 1004 398 1046; x_wconf 88' lang='lat' dir='ltr'>conbibisse</span> <span class='ocrx_word' id='word_1_95' title='bbox 429 1006 652 1046; x_wconf 84' lang='lat' dir='ltr'>sementem</span> <span class='ocrx_word' id='word_1_96' title='bbox 684 1009 725 1046; x_wconf 84' lang='lat' dir='ltr'>et</span> <span class='ocrx_word' id='word_1_97' title='bbox 756 1005 973 1058; x_wconf 87' lang='lat' dir='ltr'>completis</span> <span class='ocrx_word' id='word_1_98' title='bbox 1006 1004 1258 1057; x_wconf 89' lang='lat' dir='ltr'>temporibus</span> <span class='ocrx_word' id='word_1_99' title='bbox 1281 1005 1527 1045; x_wconf 89' lang='lat' dir='ltr'>sustinuisse</span> <span class='ocrx_word' id='word_1_100' title='bbox 1548 1005 1661 1045; x_wconf 82' lang='lat' dir='ltr'>aluos</span> 
     </span>
     <span class='ocr_line' id='line_1_13' title="bbox 169 1072 1662 1126; baseline 0.001 -14"><span class='ocrx_word' id='word_1_101' title='bbox 169 1084 313 1125; x_wconf 88' lang='lat' dir='ltr'>graues</span> <span class='ocrx_word' id='word_1_102' title='bbox 344 1074 384 1114; x_wconf 93' lang='lat' dir='ltr'>et</span> <span class='ocrx_word' id='word_1_103' title='bbox 420 1072 470 1113; x_wconf 91' lang='lat' dir='ltr'>ad</span> <span class='ocrx_word' id='word_1_104' title='bbox 508 1075 760 1126; x_wconf 89' lang='lat' dir='ltr'>postremum</span> <span class='ocrx_word' id='word_1_105' title='bbox 799 1073 1003 1126; x_wconf 88' lang='lat' dir='ltr'>peperisse</span> <span class='ocrx_word' id='word_1_106' title='bbox 1046 1073 1211 1114; x_wconf 85' lang='lat' dir='ltr'>feminei</span> <span class='ocrx_word' id='word_1_107' title='bbox 1255 1073 1378 1114; x_wconf 88' lang='lat' dir='ltr'>moris</span> <span class='ocrx_word' id='word_1_108' title='bbox 1419 1072 1662 1114; x_wconf 86' lang='lat' dir='ltr'>difficultate</span> 
     </span>
     <span class='ocr_line' id='line_1_14' title="bbox 170 1140 1661 1194; baseline -0.001 -12"><span class='ocrx_word' id='word_1_109' title='bbox 170 1141 343 1182; x_wconf 83' lang='lat' dir='ltr'>conixos.</span> <span class='ocrx_word' id='word_1_110' title='bbox 377 1140 480 1182; x_wconf 89' lang='lat' dir='ltr'>illud</span> <span class='ocrx_word' id='word_1_111' title='bbox 502 1143 683 1183; x_wconf 89' lang='lat' dir='ltr'>nostram</span> <span class='ocrx_word' id='word_1_112' title='bbox 714 1142 868 1194; x_wconf 82' lang='lat' dir='ltr'>subigit</span> <span class='ocrx_word' id='word_1_113' title='bbox 897 1141 1178 1183; x_wconf 82' lang='lat' dir='ltr'>curiositatem</span> <span class='ocrx_word' id='word_1_114' title='bbox 1202 1141 1426 1193; x_wconf 82' lang='lat' dir='ltr'>requirere:</span> <span class='ocrx_word' id='word_1_115' title='bbox 1461 1154 1551 1182; x_wconf 90' lang='lat' dir='ltr'>cum</span> <span class='ocrx_word' id='word_1_116' title='bbox 1573 1144 1661 1193; x_wconf 81' lang='lat' dir='ltr'>post</span> 
     </span>
     <span class='ocr_line' id='line_1_15' title="bbox 170 1209 1662 1262; baseline 0 -12"><span class='ocrx_word' id='word_1_117' title='bbox 170 1209 308 1250; x_wconf 88' lang='lat' dir='ltr'>decem</span> <span class='ocrx_word' id='word_1_118' title='bbox 339 1222 497 1251; x_wconf 92' lang='lat' dir='ltr'>menses</span> <span class='ocrx_word' id='word_1_119' title='bbox 530 1210 733 1250; x_wconf 87' lang='lat' dir='ltr'>redditum</span> <span class='ocrx_word' id='word_1_120' title='bbox 767 1222 851 1250; x_wconf 79' lang='lat' dir='ltr'>esse</span> <span class='ocrx_word' id='word_1_121' title='bbox 883 1209 1033 1250; x_wconf 88' lang='lat' dir='ltr'>dicatis</span> <span class='ocrx_word' id='word_1_122' title='bbox 1065 1212 1240 1262; x_wconf 85' lang='lat' dir='ltr'>partum,</span> <span class='ocrx_word' id='word_1_123' title='bbox 1275 1209 1345 1250; x_wconf 92' lang='lat' dir='ltr'>illo</span> <span class='ocrx_word' id='word_1_124' title='bbox 1377 1214 1555 1262; x_wconf 84' lang='lat' dir='ltr'>tempore</span> <span class='ocrx_word' id='word_1_125' title='bbox 1586 1222 1662 1261; x_wconf 88' lang='lat' dir='ltr'>quo</span> 
     </span>
     <span class='ocr_line' id='line_1_16' title="bbox 126 1277 1658 1332; baseline -0.001 -12"><span class='ocrx_word' id='word_1_126' title='bbox 126 1277 211 1321; x_wconf 69' lang='lat' dir='ltr'>isin</span> <span class='ocrx_word' id='word_1_127' title='bbox 252 1279 365 1319; x_wconf 86' lang='lat' dir='ltr'>utero</span> <span class='ocrx_word' id='word_1_128' title='bbox 404 1278 552 1332; x_wconf 87' lang='lat' dir='ltr'>lapidis</span> <span class='ocrx_word' id='word_1_129' title='bbox 591 1278 670 1318; x_wconf 89' lang='lat' dir='ltr'>fuit</span> <span class='ocrx_word' id='word_1_130' title='bbox 709 1278 870 1319; x_wconf 87' lang='lat' dir='ltr'>clausus</span> <span class='ocrx_word' id='word_1_131' title='bbox 911 1277 1059 1330; x_wconf 83' lang='lat' dir='ltr'>quibus</span> <span class='ocrx_word' id='word_1_132' title='bbox 1100 1277 1306 1318; x_wconf 83' lang='lat' dir='ltr'>alimoniis</span> <span class='ocrx_word' id='word_1_133' title='bbox 1347 1278 1547 1331; x_wconf 84' lang='lat' dir='ltr'>inrigatus</span> <span class='ocrx_word' id='word_1_134' title='bbox 1587 1277 1658 1328; x_wconf 88' lang='lat' dir='ltr'>est,</span> 
     </span>
     <span class='ocr_line' id='line_1_17' title="bbox 171 1346 1662 1400; baseline 0 -13"><span class='ocrx_word' id='word_1_135' title='bbox 171 1346 317 1399; x_wconf 90' lang='lat' dir='ltr'>quibus</span> <span class='ocrx_word' id='word_1_136' title='bbox 349 1347 468 1396; x_wconf 83' lang='lat' dir='ltr'>sucis,</span> <span class='ocrx_word' id='word_1_137' title='bbox 503 1347 568 1388; x_wconf 92' lang='lat' dir='ltr'>uel</span> <span class='ocrx_word' id='word_1_138' title='bbox 600 1359 644 1387; x_wconf 83' lang='lat' dir='ltr'>ex</span> <span class='ocrx_word' id='word_1_139' title='bbox 677 1347 807 1400; x_wconf 90' lang='lat' dir='ltr'>rigore</span> <span class='ocrx_word' id='word_1_140' title='bbox 839 1359 940 1399; x_wconf 88' lang='lat' dir='ltr'>quae</span> <span class='ocrx_word' id='word_1_141' title='bbox 972 1357 1086 1386; x_wconf 80' lang='lat' dir='ltr'>saxeo</span> <span class='ocrx_word' id='word_1_142' title='bbox 1118 1346 1294 1387; x_wconf 86' lang='lat' dir='ltr'>nutricia</span> <span class='ocrx_word' id='word_1_143' title='bbox 1334 1347 1466 1399; x_wconf 90' lang='lat' dir='ltr'>potuit</span> <span class='ocrx_word' id='word_1_144' title='bbox 1506 1346 1662 1388; x_wconf 85' lang='lat' dir='ltr'>ducere.</span> 
     </span>
     <span class='ocr_line' id='line_1_18' title="bbox 171 1414 1661 1468; baseline 0 -14"><span class='ocrx_word' id='word_1_145' title='bbox 171 1414 218 1454; x_wconf 94' lang='lat' dir='ltr'>ut</span> <span class='ocrx_word' id='word_1_146' title='bbox 238 1415 300 1456; x_wconf 88' lang='lat' dir='ltr'>est</span> <span class='ocrx_word' id='word_1_147' title='bbox 322 1415 474 1456; x_wconf 82' lang='lat' dir='ltr'>fetibus</span> <span class='ocrx_word' id='word_1_148' title='bbox 504 1415 699 1455; x_wconf 91' lang='lat' dir='ltr'>sollemne</span> <span class='ocrx_word' id='word_1_149' title='bbox 721 1414 769 1455; x_wconf 90' lang='lat' dir='ltr'>de</span> <span class='ocrx_word' id='word_1_150' title='bbox 790 1414 989 1455; x_wconf 87' lang='lat' dir='ltr'>matribus</span> <span class='ocrx_word' id='word_1_151' title='bbox 1004 1417 1023 1455; x_wconf 59' lang='grc' dir='ltr'>ἱ)</span> <span class='ocrx_word' id='word_1_152' title='bbox 1044 1416 1235 1464; x_wconf 85' lang='lat' dir='ltr'>nondum,</span> <span class='ocrx_word' id='word_1_153' title='bbox 1261 1414 1405 1467; x_wconf 85' lang='lat' dir='ltr'>inquit,</span> <span class='ocrx_word' id='word_1_154' title='bbox 1437 1415 1661 1468; x_wconf 69' lang='lat' dir='ltr'>contigerat</span> 
     </span>
     <span class='ocr_line' id='line_1_19' title="bbox 172 1481 1663 1537; baseline 0 -14"><span class='ocrx_word' id='word_1_155' title='bbox 172 1481 304 1524; x_wconf 89' lang='lat' dir='ltr'>lucem</span> <span class='ocrx_word' id='word_1_156' title='bbox 345 1484 385 1524; x_wconf 92' lang='lat' dir='ltr'>et</span> <span class='ocrx_word' id='word_1_157' title='bbox 423 1483 600 1525; x_wconf 89' lang='lat' dir='ltr'>tonitrus</span> <span class='ocrx_word' id='word_1_158' title='bbox 646 1483 799 1536; x_wconf 89' lang='lat' dir='ltr'>patrios</span> <span class='ocrx_word' id='word_1_159' title='bbox 845 1483 926 1523; x_wconf 88' lang='lat' dir='ltr'>iam</span> <span class='ocrx_word' id='word_1_160' title='bbox 975 1483 1160 1537; x_wconf 84' lang='lat' dir='ltr'>mugiens</span> <span class='ocrx_word' id='word_1_161' title='bbox 1207 1483 1394 1524; x_wconf 87' lang='lat' dir='ltr'>imitatus</span> <span class='ocrx_word' id='word_1_162' title='bbox 1441 1482 1663 1524; x_wconf 87' lang='lat' dir='ltr'>referebat:</span> 
     </span>
     <span class='ocr_line' id='line_1_20' title="bbox 173 1551 1664 1605; baseline 0 -13"><span class='ocrx_word' id='word_1_163' title='bbox 173 1552 213 1592; x_wconf 91' lang='lat' dir='ltr'>et</span> <span class='ocrx_word' id='word_1_164' title='bbox 242 1552 459 1605; x_wconf 83' lang='lat' dir='ltr'>postquam</span> <span class='ocrx_word' id='word_1_165' title='bbox 492 1552 556 1592; x_wconf 92' lang='lat' dir='ltr'>illi</span> <span class='ocrx_word' id='word_1_166' title='bbox 588 1553 730 1593; x_wconf 88' lang='lat' dir='ltr'>datum</span> <span class='ocrx_word' id='word_1_167' title='bbox 760 1553 821 1593; x_wconf 89' lang='lat' dir='ltr'>est</span> <span class='ocrx_word' id='word_1_168' title='bbox 852 1551 1011 1593; x_wconf 89' lang='lat' dir='ltr'>caelum</span> <span class='ocrx_word' id='word_1_169' title='bbox 1045 1552 1231 1604; x_wconf 88' lang='lat' dir='ltr'>diemque</span> <span class='ocrx_word' id='word_1_170' title='bbox 1264 1552 1512 1605; x_wconf 78' lang='lat' dir='ltr'>conspicere,</span> <span class='ocrx_word' id='word_1_171' title='bbox 1545 1553 1664 1593; x_wconf 76' lang='lat' dir='ltr'>obuia</span> 
     </span>
     <span class='ocr_line' id='line_1_21' title="bbox 127 1620 1663 1673; baseline -0.002 -11"><span class='ocrx_word' id='word_1_172' title='bbox 127 1631 355 1673; x_wconf 64' lang='lat' dir='ltr'>soquaeque</span> <span class='ocrx_word' id='word_1_173' title='bbox 401 1621 592 1662; x_wconf 89' lang='lat' dir='ltr'>uastabat</span> <span class='ocrx_word' id='word_1_174' title='bbox 638 1621 847 1661; x_wconf 89' lang='lat' dir='ltr'>incursans</span> <span class='ocrx_word' id='word_1_175' title='bbox 888 1622 1009 1673; x_wconf 86' lang='lat' dir='ltr'>atque</span> <span class='ocrx_word' id='word_1_176' title='bbox 1049 1621 1156 1672; x_wconf 89' lang='lat' dir='ltr'>ipsos</span> <span class='ocrx_word' id='word_1_177' title='bbox 1197 1620 1275 1661; x_wconf 87' lang='lat' dir='ltr'>sibi</span> <span class='ocrx_word' id='word_1_178' title='bbox 1316 1620 1540 1672; x_wconf 86' lang='lat' dir='ltr'>spondebat</span> <span class='ocrx_word' id='word_1_179' title='bbox 1571 1620 1663 1662; x_wconf 61' lang='lat' dir='ltr'>deo&gt;</span> 
     </span>
     <span class='ocr_line' id='line_1_22' title="bbox 173 1689 1663 1742; baseline -0.001 -13"><span class='ocrx_word' id='word_1_180' title='bbox 173 1689 273 1729; x_wconf 88' lang='lat' dir='ltr'>caeli</span> <span class='ocrx_word' id='word_1_181' title='bbox 320 1700 435 1741; x_wconf 90' lang='lat' dir='ltr'>posse</span> <span class='ocrx_word' id='word_1_182' title='bbox 472 1691 522 1730; x_wconf 89' lang='lat' dir='ltr'>ab</span> <span class='ocrx_word' id='word_1_183' title='bbox 560 1689 722 1742; x_wconf 86' lang='lat' dir='ltr'>regione</span> <span class='ocrx_word' id='word_1_184' title='bbox 768 1690 994 1730; x_wconf 89' lang='lat' dir='ltr'>detrudere.</span> <span class='ocrx_word' id='word_1_185' title='bbox 1043 1702 1064 1730; x_wconf 90' lang='lat' dir='ltr'>o</span> <span class='ocrx_word' id='word_1_186' title='bbox 1104 1690 1221 1729; x_wconf 82' lang='lat' dir='ltr'>cauta</span> <span class='ocrx_word' id='word_1_187' title='bbox 1260 1692 1299 1729; x_wconf 84' lang='lat' dir='ltr'>et</span> <span class='ocrx_word' id='word_1_188' title='bbox 1339 1689 1509 1741; x_wconf 90' lang='lat' dir='ltr'>prouida</span> <span class='ocrx_word' id='word_1_189' title='bbox 1547 1689 1663 1730; x_wconf 85' lang='lat' dir='ltr'>deum</span> 
     </span>
     <span class='ocr_line' id='line_1_23' title="bbox 172 1757 1665 1810; baseline -0.001 -12"><span class='ocrx_word' id='word_1_190' title='bbox 172 1758 322 1807; x_wconf 88' lang='lat' dir='ltr'>mater,</span> <span class='ocrx_word' id='word_1_191' title='bbox 362 1769 463 1810; x_wconf 87' lang='lat' dir='ltr'>quae</span> <span class='ocrx_word' id='word_1_192' title='bbox 495 1771 542 1798; x_wconf 93' lang='lat' dir='ltr'>ne</span> <span class='ocrx_word' id='word_1_193' title='bbox 575 1758 661 1798; x_wconf 86' lang='lat' dir='ltr'>nati</span> <span class='ocrx_word' id='word_1_194' title='bbox 693 1757 892 1798; x_wconf 87' lang='lat' dir='ltr'>inuidiam</span> <span class='ocrx_word' id='word_1_195' title='bbox 925 1758 1009 1798; x_wconf 85' lang='lat' dir='ltr'>tam</span> <span class='ocrx_word' id='word_1_196' title='bbox 1042 1757 1258 1798; x_wconf 87' lang='lat' dir='ltr'>insolentis</span> <span class='ocrx_word' id='word_1_197' title='bbox 1290 1757 1444 1798; x_wconf 88' lang='lat' dir='ltr'>subiret</span> <span class='ocrx_word' id='word_1_198' title='bbox 1475 1759 1546 1798; x_wconf 89' lang='lat' dir='ltr'>aut</span> <span class='ocrx_word' id='word_1_199' title='bbox 1578 1771 1665 1797; x_wconf 92' lang='lat' dir='ltr'>mu-</span> 
     </span>
     <span class='ocr_line' id='line_1_24' title="bbox 174 1825 1665 1879; baseline 0.001 -14"><span class='ocrx_word' id='word_1_200' title='bbox 174 1825 287 1879; x_wconf 91' lang='lat' dir='ltr'>giens</span> <span class='ocrx_word' id='word_1_201' title='bbox 321 1825 428 1866; x_wconf 84' lang='lat' dir='ltr'>fetus</span> <span class='ocrx_word' id='word_1_202' title='bbox 460 1825 612 1866; x_wconf 89' lang='lat' dir='ltr'>somnis</span> <span class='ocrx_word' id='word_1_203' title='bbox 644 1826 727 1866; x_wconf 91' lang='lat' dir='ltr'>suis</span> <span class='ocrx_word' id='word_1_204' title='bbox 750 1825 928 1867; x_wconf 86' lang='lat' dir='ltr'>officeret</span> <span class='ocrx_word' id='word_1_205' title='bbox 950 1828 1021 1866; x_wconf 90' lang='lat' dir='ltr'>aut</span> <span class='ocrx_word' id='word_1_206' title='bbox 1043 1825 1327 1878; x_wconf 86' lang='lat' dir='ltr'>interpellaret</span> <span class='ocrx_word' id='word_1_207' title='bbox 1349 1827 1541 1878; x_wconf 87' lang='lat' dir='ltr'>quietem,</span> <span class='ocrx_word' id='word_1_208' title='bbox 1574 1828 1665 1867; x_wconf 79' lang='lat' dir='ltr'>sub-</span> 
     </span>
     <span class='ocr_line' id='line_1_25' title="bbox 175 1893 1664 1946; baseline 0 -12"><span class='ocrx_word' id='word_1_209' title='bbox 175 1893 302 1934; x_wconf 84' lang='lat' dir='ltr'>traxit</span> <span class='ocrx_word' id='word_1_210' title='bbox 333 1905 375 1934; x_wconf 89' lang='lat' dir='ltr'>se</span> <span class='ocrx_word' id='word_1_211' title='bbox 406 1894 538 1946; x_wconf 79' lang='lat' dir='ltr'>ipsam</span> <span class='ocrx_word' id='word_1_212' title='bbox 561 1895 600 1935; x_wconf 89' lang='lat' dir='ltr'>et</span> <span class='ocrx_word' id='word_1_213' title='bbox 622 1894 787 1934; x_wconf 87' lang='lat' dir='ltr'>seminis</span> <span class='ocrx_word' id='word_1_214' title='bbox 810 1894 915 1934; x_wconf 91' lang='lat' dir='ltr'>illud</span> <span class='ocrx_word' id='word_1_215' title='bbox 938 1894 1276 1934; x_wconf 85' lang='lat' dir='ltr'>nocentissimum</span> <span class='ocrx_word' id='word_1_216' title='bbox 1301 1894 1413 1935; x_wconf 90' lang='lat' dir='ltr'>uirus</span> <span class='ocrx_word' id='word_1_217' title='bbox 1437 1894 1664 1935; x_wconf 78' lang='lat' dir='ltr'>transmisit</span> 
     </span>
     <span class='ocr_line' id='line_1_26' title="bbox 129 1961 1728 2015; baseline -0.001 -14"><span class='ocrx_word' id='word_1_218' title='bbox 129 1976 159 2001; x_wconf 78' lang='lat'>2⁵</span> <span class='ocrx_word' id='word_1_219' title='bbox 175 1961 225 2002; x_wconf 86' lang='lat' dir='ltr'>ab</span> <span class='ocrx_word' id='word_1_220' title='bbox 267 1974 307 2003; x_wconf 91' lang='lat' dir='ltr'>se</span> <span class='ocrx_word' id='word_1_221' title='bbox 346 1962 465 2015; x_wconf 92' lang='lat' dir='ltr'>longe</span> <span class='ocrx_word' id='word_1_222' title='bbox 496 1963 537 2003; x_wconf 88' lang='lat' dir='ltr'>et</span> <span class='ocrx_word' id='word_1_223' title='bbox 575 1974 765 2003; x_wconf 82' lang='lat' dir='ltr'>saxorum</span> <span class='ocrx_word' id='word_1_224' title='bbox 805 1962 1094 2014; x_wconf 83' lang='lat' dir='ltr'>asperitatibus</span> <span class='ocrx_word' id='word_1_225' title='bbox 1135 1962 1382 2014; x_wconf 89' lang='lat' dir='ltr'>propinauit.</span> <span class='ocrx_word' id='word_1_226' title='bbox 1431 1964 1660 2004; x_wconf 72' lang='lat' dir='ltr'>aestuatum</span> <span class='ocrx_word' id='word_1_227' title='bbox 1687 1963 1728 2001; x_wconf 91' lang='lat' dir='ltr'>ll</span> 
     </span>
     <span class='ocr_line' id='line_1_27' title="bbox 175 2029 1663 2082; baseline -0.001 -12"><span class='ocrx_word' id='word_1_228' title='bbox 175 2033 236 2070; x_wconf 88' lang='lat' dir='ltr'>est</span> <span class='ocrx_word' id='word_1_229' title='bbox 267 2030 308 2070; x_wconf 90' lang='lat' dir='ltr'>in</span> <span class='ocrx_word' id='word_1_230' title='bbox 340 2030 520 2070; x_wconf 88' lang='lat' dir='ltr'>conciliis</span> <span class='ocrx_word' id='word_1_231' title='bbox 552 2029 737 2079; x_wconf 82' lang='lat' dir='ltr'>deorum,</span> <span class='ocrx_word' id='word_1_232' title='bbox 779 2030 1022 2082; x_wconf 86' lang='lat' dir='ltr'>quibusnam</span> <span class='ocrx_word' id='word_1_233' title='bbox 1061 2030 1192 2070; x_wconf 87' lang='lat' dir='ltr'>modis</span> <span class='ocrx_word' id='word_1_234' title='bbox 1224 2032 1357 2081; x_wconf 87' lang='lat' dir='ltr'>posset</span> <span class='ocrx_word' id='word_1_235' title='bbox 1389 2030 1663 2072; x_wconf 65' lang='lat' dir='ltr'>intractabilis</span> 
     </span>
     <span class='ocr_line' id='line_1_28' title="bbox 176 2097 1665 2152; baseline 0.001 -14"><span class='ocrx_word' id='word_1_236' title='bbox 176 2097 247 2138; x_wconf 89' lang='lat' dir='ltr'>illa</span> <span class='ocrx_word' id='word_1_237' title='bbox 292 2098 433 2139; x_wconf 86' lang='lat' dir='ltr'>feritas</span> <span class='ocrx_word' id='word_1_238' title='bbox 479 2098 671 2149; x_wconf 87' lang='lat' dir='ltr'>edomari,</span> <span class='ocrx_word' id='word_1_239' title='bbox 705 2100 867 2138; x_wconf 90' lang='lat' dir='ltr'>etcum</span> <span class='ocrx_word' id='word_1_240' title='bbox 901 2098 967 2138; x_wconf 88' lang='lat' dir='ltr'>uia</span> <span class='ocrx_word' id='word_1_241' title='bbox 1013 2098 1126 2138; x_wconf 83' lang='lat' dir='ltr'>nulla</span> <span class='ocrx_word' id='word_1_242' title='bbox 1172 2100 1421 2150; x_wconf 71' lang='lat' dir='ltr'>superesset,</span> <span class='ocrx_word' id='word_1_243' title='bbox 1470 2099 1519 2139; x_wconf 88' lang='lat' dir='ltr'>ad</span> <span class='ocrx_word' id='word_1_244' title='bbox 1551 2111 1665 2152; x_wconf 74' lang='lat' dir='ltr'>openi</span> 
     </span>
     <span class='ocr_line' id='line_1_29' title="bbox 176 2166 1666 2216; baseline 0.001 -9"><span class='ocrx_word' id='word_1_245' title='bbox 176 2178 414 2207; x_wconf 86' lang='lat' dir='ltr'>concursum</span> <span class='ocrx_word' id='word_1_246' title='bbox 447 2168 508 2207; x_wconf 84' lang='lat' dir='ltr'>est</span> <span class='ocrx_word' id='word_1_247' title='bbox 539 2166 716 2216; x_wconf 68' lang='lat' dir='ltr'>unicam,</span> <span class='ocrx_word' id='word_1_248' title='bbox 750 2167 795 2207; x_wconf 87' lang='lat' dir='ltr'>ut</span> <span class='ocrx_word' id='word_1_249' title='bbox 827 2178 935 2207; x_wconf 87' lang='lat' dir='ltr'>mero</span> <span class='ocrx_word' id='word_1_250' title='bbox 958 2166 1233 2208; x_wconf 83' lang='lat' dir='ltr'>madidaretur</span> <span class='ocrx_word' id='word_1_251' title='bbox 1263 2167 1394 2208; x_wconf 88' lang='lat' dir='ltr'>multo</span> <span class='ocrx_word' id='word_1_252' title='bbox 1417 2169 1456 2208; x_wconf 88' lang='lat' dir='ltr'>et</span> <span class='ocrx_word' id='word_1_253' title='bbox 1478 2167 1666 2209; x_wconf 65' lang='lat' dir='ltr'>uirium&lt;</span> 
     </span>
     <span class='ocr_line' id='line_1_30' title="bbox 176 2234 1668 2287; baseline -0.001 -12"><span class='ocrx_word' id='word_1_254' title='bbox 176 2234 421 2287; x_wconf 86' lang='lat' dir='ltr'>spoliaretur</span> <span class='ocrx_word' id='word_1_255' title='bbox 451 2235 631 2276; x_wconf 85' lang='lat' dir='ltr'>abscisis.</span> <span class='ocrx_word' id='word_1_256' title='bbox 680 2235 796 2287; x_wconf 90' lang='lat' dir='ltr'>quasi</span> <span class='ocrx_word' id='word_1_257' title='bbox 830 2247 922 2275; x_wconf 91' lang='lat' dir='ltr'>uero</span> <span class='ocrx_word' id='word_1_258' title='bbox 955 2234 1101 2275; x_wconf 85' lang='lat' dir='ltr'>adfecti</span> <span class='ocrx_word' id='word_1_259' title='bbox 1126 2235 1403 2287; x_wconf 85' lang='lat' dir='ltr'>corporalibus</span> <span class='ocrx_word' id='word_1_260' title='bbox 1425 2235 1487 2275; x_wconf 81' lang='lat' dir='ltr'>liis</span> <span class='ocrx_word' id='word_1_261' title='bbox 1511 2236 1668 2277; x_wconf 60' lang='lat' dir='ltr'>damnis</span> 
     </span>
    </p>
   </div>
   <div class='ocr_carea' id='block_1_5' title="bbox 175 2358 1670 2848">
    <p class='ocr_par' dir='ltr' id='par_1_5' title="bbox 175 2358 1670 2848">
     <span class='ocr_line' id='line_1_31' title="bbox 220 2358 1581 2401; baseline 0.001 -10"><span class='ocrx_word' id='word_1_262' title='bbox 220 2358 241 2391; x_wconf 82' lang='lat'><strong>3</strong></span> <span class='ocrx_word' id='word_1_263' title='bbox 266 2358 416 2392; x_wconf 55' lang='lat' dir='ltr'>semin-*a</span> <span class='ocrx_word' id='word_1_264' title='bbox 444 2359 478 2391; x_wconf 83' lang='lat' dir='ltr'><strong><em>P</em></strong></span> <span class='ocrx_word' id='word_1_265' title='bbox 614 2358 764 2401; x_wconf 76' lang='lat' dir='ltr'>inquitis</span> <span class='ocrx_word' id='word_1_266' title='bbox 791 2358 995 2401; x_wconf 71' lang='lat' dir='ltr'>Rz&#39;qaltc‘as:</span> <span class='ocrx_word' id='word_1_267' title='bbox 1022 2358 1138 2400; x_wconf 86' lang='lat' dir='ltr'>inquit</span> <span class='ocrx_word' id='word_1_268' title='bbox 1167 2358 1199 2390; x_wconf 87' lang='lat' dir='ltr'>l’</span> <span class='ocrx_word' id='word_1_269' title='bbox 1334 2358 1354 2391; x_wconf 83' lang='lat'>4</span> <span class='ocrx_word' id='word_1_270' title='bbox 1381 2359 1520 2392; x_wconf 74' lang='lat' dir='ltr'>iouialis</span> <span class='ocrx_word' id='word_1_271' title='bbox 1547 2360 1581 2392; x_wconf 87' lang='lat' dir='ltr'><em>P</em></span> 
     </span>
     <span class='ocr_line' id='line_1_32' title="bbox 175 2415 1580 2459; baseline -0.002 -10"><span class='ocrx_word' id='word_1_272' title='bbox 175 2415 195 2449; x_wconf 82' lang='lat'>6</span> <span class='ocrx_word' id='word_1_273' title='bbox 213 2415 366 2449; x_wconf 82' lang='lat' dir='ltr'>duritiae</span> <span class='ocrx_word' id='word_1_274' title='bbox 386 2417 419 2449; x_wconf 90' lang='lat' dir='ltr'><em>P</em></span> <span class='ocrx_word' id='word_1_275' title='bbox 548 2417 586 2449; x_wconf 88' lang='lat'>11</span> <span class='ocrx_word' id='word_1_276' title='bbox 607 2415 817 2449; x_wconf 81' lang='lat' dir='ltr'>sustinuisse</span> <span class='ocrx_word' id='word_1_277' title='bbox 834 2416 981 2459; x_wconf 70' lang='lat' dir='ltr'>scripsi:</span> <span class='ocrx_word' id='word_1_278' title='bbox 999 2415 1181 2448; x_wconf 79' lang='lat' dir='ltr'>sustulisse</span> <span class='ocrx_word' id='word_1_279' title='bbox 1202 2416 1235 2448; x_wconf 87' lang='lat' dir='ltr'><em>P</em></span> <span class='ocrx_word' id='word_1_280' title='bbox 1251 2415 1373 2448; x_wconf 87' lang='lat' dir='ltr'>tulisse</span> <span class='ocrx_word' id='word_1_281' title='bbox 1394 2416 1580 2449; x_wconf 57' lang='lat' dir='ltr'>Meursius</span> 
     </span>
     <span class='ocr_line' id='line_1_33' title="bbox 176 2472 1669 2516; baseline 0 -11"><span class='ocrx_word' id='word_1_282' title='bbox 176 2472 216 2505; x_wconf 81' lang='lat'>17</span> <span class='ocrx_word' id='word_1_283' title='bbox 243 2472 392 2506; x_wconf 82' lang='lat' dir='ltr'>festibus</span> <span class='ocrx_word' id='word_1_284' title='bbox 420 2473 454 2506; x_wconf 88' lang='lat' dir='ltr'><em>P</em></span> <span class='ocrx_word' id='word_1_285' title='bbox 477 2483 559 2506; x_wconf 79' lang='lat' dir='ltr'>corr</span> <span class='ocrx_word' id='word_1_286' title='bbox 730 2473 880 2506; x_wconf 79' lang='lat' dir='ltr'>solemne</span> <span class='ocrx_word' id='word_1_287' title='bbox 907 2473 941 2505; x_wconf 66' lang='grc' dir='ltr'>Ι)</span> <span class='ocrx_word' id='word_1_288' title='bbox 965 2483 1045 2505; x_wconf 80' lang='lat' dir='ltr'>corr</span> <span class='ocrx_word' id='word_1_289' title='bbox 1071 2476 1098 2505; x_wconf 71' lang='lat' dir='ltr'>c*</span> <span class='ocrx_word' id='word_1_290' title='bbox 1271 2473 1311 2505; x_wconf 79' lang='lat'>18</span> <span class='ocrx_word' id='word_1_291' title='bbox 1337 2473 1499 2506; x_wconf 79' lang='lat' dir='ltr'>imitatus</span> <span class='ocrx_word' id='word_1_292' title='bbox 1524 2474 1669 2516; x_wconf 54' lang='lat' dir='ltr'>scripsi.-</span> 
     </span>
     <span class='ocr_line' id='line_1_34' title="bbox 177 2529 1670 2573; baseline 0 -12"><span class='ocrx_word' id='word_1_293' title='bbox 177 2529 406 2573; x_wconf 69' lang='lat' dir='ltr'>imitatusque</span> <span class='ocrx_word' id='word_1_294' title='bbox 434 2530 468 2563; x_wconf 83' lang='lat' dir='ltr'><em>P</em></span> <span class='ocrx_word' id='word_1_295' title='bbox 491 2530 701 2563; x_wconf 75' lang='lat' dir='ltr'>imitabatur</span> <span class='ocrx_word' id='word_1_296' title='bbox 726 2533 831 2572; x_wconf 81' lang='lat' dir='ltr'>atque</span> <span class='ocrx_word' id='word_1_297' title='bbox 857 2529 927 2563; x_wconf 79' lang='lat' dir='ltr'>Urs</span> <span class='ocrx_word' id='word_1_298' title='bbox 954 2529 1076 2561; x_wconf 86' lang='lat' dir='ltr'>imitus</span> <span class='ocrx_word' id='word_1_299' title='bbox 1101 2529 1266 2571; x_wconf 78' lang='lat' dir='ltr'>intusque</span> <span class='ocrx_word' id='word_1_300' title='bbox 1292 2529 1392 2562; x_wconf 77' lang='lat' dir='ltr'>Salm</span> <span class='ocrx_word' id='word_1_301' title='bbox 1417 2529 1670 2573; x_wconf 75' lang='lat' dir='ltr'>niinitatusque</span> 
     </span>
     <span class='ocr_line' id='line_1_35' title="bbox 176 2585 1669 2629; baseline -0.001 -9"><span class='ocrx_word' id='word_1_302' title='bbox 176 2585 364 2629; x_wconf 69' lang='lat' dir='ltr'>Riyaltius</span> <span class='ocrx_word' id='word_1_303' title='bbox 513 2587 554 2619; x_wconf 85' lang='grc'>21</span> <span class='ocrx_word' id='word_1_304' title='bbox 580 2598 599 2619; x_wconf 85' lang='lat' dir='ltr'>a</span> <span class='ocrx_word' id='word_1_305' title='bbox 625 2586 697 2620; x_wconf 71' lang='lat' dir='ltr'>Sao</span> <span class='ocrx_word' id='word_1_306' title='bbox 850 2586 992 2627; x_wconf 77' lang='lat' dir='ltr'>regione</span> <span class='ocrx_word' id='word_1_307' title='bbox 1019 2586 1109 2618; x_wconf 62' lang='lat' dir='ltr'>Sub.-</span> <span class='ocrx_word' id='word_1_308' title='bbox 1148 2586 1319 2628; x_wconf 80' lang='lat' dir='ltr'>religione</span> <span class='ocrx_word' id='word_1_309' title='bbox 1344 2587 1376 2617; x_wconf 98' lang='lat' dir='ltr'><em>P</em></span> <span class='ocrx_word' id='word_1_310' title='bbox 1523 2587 1566 2619; x_wconf 92' lang='grc'>22</span> <span class='ocrx_word' id='word_1_311' title='bbox 1590 2586 1669 2619; x_wconf 66' lang='lat' dir='ltr'>sub-</span> 
     </span>
     <span class='ocr_line' id='line_1_36' title="bbox 175 2642 1669 2685; baseline 0 -11"><span class='ocrx_word' id='word_1_312' title='bbox 175 2642 259 2676; x_wconf 54' lang='lat' dir='ltr'>isrct</span> <span class='ocrx_word' id='word_1_313' title='bbox 279 2644 309 2674; x_wconf 88' lang='lat' dir='ltr'><em>P</em></span> <span class='ocrx_word' id='word_1_314' title='bbox 455 2644 499 2676; x_wconf 80' lang='grc'>23</span> <span class='ocrx_word' id='word_1_315' title='bbox 525 2643 683 2677; x_wconf 78' lang='lat' dir='ltr'>officeret</span> <span class='ocrx_word' id='word_1_316' title='bbox 702 2644 792 2677; x_wconf 71' lang='lat' dir='ltr'>Sub:</span> <span class='ocrx_word' id='word_1_317' title='bbox 819 2643 993 2676; x_wconf 79' lang='lat' dir='ltr'>sufficeret</span> <span class='ocrx_word' id='word_1_318' title='bbox 1012 2643 1044 2674; x_wconf 87' lang='lat' dir='ltr'><em>P</em></span> <span class='ocrx_word' id='word_1_319' title='bbox 1193 2642 1430 2685; x_wconf 73' lang='lat' dir='ltr'>interpellaret</span> <span class='ocrx_word' id='word_1_320' title='bbox 1447 2642 1538 2676; x_wconf 73' lang='lat' dir='ltr'>Sub:</span> <span class='ocrx_word' id='word_1_321' title='bbox 1565 2642 1669 2675; x_wconf 66' lang='lat' dir='ltr'>inter-</span> 
     </span>
     <span class='ocr_line' id='line_1_37' title="bbox 176 2699 1582 2742; baseline 0.001 -11"><span class='ocrx_word' id='word_1_322' title='bbox 176 2699 304 2741; x_wconf 85' lang='lat' dir='ltr'>pellare</span> <span class='ocrx_word' id='word_1_323' title='bbox 330 2701 362 2732; x_wconf 90' lang='lat' dir='ltr'><em>P</em></span> <span class='ocrx_word' id='word_1_324' title='bbox 521 2701 566 2735; x_wconf 81' lang='grc'>26</span> <span class='ocrx_word' id='word_1_325' title='bbox 593 2702 709 2742; x_wconf 73' lang='lat' dir='ltr'>posset</span> <span class='ocrx_word' id='word_1_326' title='bbox 736 2700 807 2734; x_wconf 78' lang='lat' dir='ltr'>Sub</span> <span class='ocrx_word' id='word_1_327' title='bbox 837 2701 874 2733; x_wconf 79' lang='lat' dir='ltr'>in</span> <span class='ocrx_word' id='word_1_328' title='bbox 900 2711 978 2732; x_wconf 82' lang='lat' dir='ltr'>err.-</span> <span class='ocrx_word' id='word_1_329' title='bbox 1005 2702 1094 2732; x_wconf 67' lang='lat' dir='ltr'>(esset</span> <span class='ocrx_word' id='word_1_330' title='bbox 1121 2700 1152 2730; x_wconf 92' lang='lat' dir='ltr'><em>P</em></span> <span class='ocrx_word' id='word_1_331' title='bbox 1311 2700 1351 2732; x_wconf 74' lang='lat'>27</span> <span class='ocrx_word' id='word_1_332' title='bbox 1379 2699 1521 2733; x_wconf 76' lang='lat' dir='ltr'>faeritas</span> <span class='ocrx_word' id='word_1_333' title='bbox 1548 2700 1582 2733; x_wconf 92' lang='lat' dir='ltr'><em>P</em></span> 
     </span>
     <span class='ocr_line' id='line_1_38' title="bbox 177 2754 1581 2791; baseline 0.001 -3"><span class='ocrx_word' id='word_1_334' title='bbox 177 2754 328 2789; x_wconf 83' lang='lat' dir='ltr'>edomari</span> <span class='ocrx_word' id='word_1_335' title='bbox 345 2756 435 2791; x_wconf 75' lang='lat' dir='ltr'>Sab:</span> <span class='ocrx_word' id='word_1_336' title='bbox 454 2757 491 2790; x_wconf 87' lang='lat' dir='ltr'>ed</span> <span class='ocrx_word' id='word_1_337' title='bbox 499 2756 649 2790; x_wconf 79' lang='lat' dir='ltr'>ominari</span> <span class='ocrx_word' id='word_1_338' title='bbox 665 2757 700 2790; x_wconf 91' lang='lat' dir='ltr'><em>P</em></span> <span class='ocrx_word' id='word_1_339' title='bbox 791 2757 835 2790; x_wconf 58' lang='lat'>*25</span> <span class='ocrx_word' id='word_1_340' title='bbox 853 2756 1053 2789; x_wconf 78' lang='lat' dir='ltr'>adidarctur</span> <span class='ocrx_word' id='word_1_341' title='bbox 1069 2757 1100 2787; x_wconf 90' lang='lat' dir='ltr'><em>P</em></span> <span class='ocrx_word' id='word_1_342' title='bbox 1111 2766 1192 2789; x_wconf 81' lang='lat' dir='ltr'>corr</span> <span class='ocrx_word' id='word_1_343' title='bbox 1205 2765 1222 2788; x_wconf 84' lang='lat' dir='ltr'>e</span> <span class='ocrx_word' id='word_1_344' title='bbox 1315 2756 1425 2789; x_wconf 75' lang='lat' dir='ltr'>multo</span> <span class='ocrx_word' id='word_1_345' title='bbox 1440 2767 1494 2790; x_wconf 85' lang='lat' dir='ltr'>om</span> <span class='ocrx_word' id='word_1_346' title='bbox 1510 2757 1581 2790; x_wconf 81' lang='lat' dir='ltr'>Sab</span> 
     </span>
     <span class='ocr_line' id='line_1_39' title="bbox 176 2811 511 2848; baseline 0.006 -3"><span class='ocrx_word' id='word_1_347' title='bbox 176 2811 221 2845; x_wconf 79' lang='lat'>29</span> <span class='ocrx_word' id='word_1_348' title='bbox 247 2812 412 2846; x_wconf 85' lang='lat' dir='ltr'>abscissis</span> <span class='ocrx_word' id='word_1_349' title='bbox 439 2814 511 2848; x_wconf 72' lang='lat' dir='ltr'>Sub</span> 
     </span>
    </p>
   </div>
  </div>
 </body>
</html>
