<?xml version="1.0" encoding="UTF-8"?>
<!DOCTYPE html PUBLIC "-//W3C//DTD XHTML 1.0 Transitional//EN"
    "http://www.w3.org/TR/xhtml1/DTD/xhtml1-transitional.dtd">
<html xmlns="http://www.w3.org/1999/xhtml" xml:lang="en" lang="en">
 <head>
  <title>
</title>
<meta http-equiv="Content-Type" content="text/html;charset=utf-8" />
  <meta name='ocr-system' content='tesseract 3.04.00' />
  <meta name='ocr-capabilities' content='ocr_page ocr_carea ocr_par ocr_line ocrx_word'/>
</head>
<body>
  <div class='ocr_page' id='page_1' title='image "./corpusscriptorum03cypruoft/corpusscriptorum03cypruoft_0746.png"; bbox 0 0 2032 3248; ppageno 0'>
   <div class='ocr_carea' id='block_1_1' title="bbox 393 221 1470 265">
    <p class='ocr_par' dir='ltr' id='par_1_1' title="bbox 393 221 1470 265">
     <span class='ocr_line' id='line_1_1' title="bbox 393 221 1470 265; baseline 0.002 -11"><span class='ocrx_word' id='word_1_1' title='bbox 393 223 472 265; x_wconf 79' lang='lat'>166</span> <span class='ocrx_word' id='word_1_2' title='bbox 803 221 991 255; x_wconf 87' lang='lat' dir='ltr'>Arnobii</span> <span class='ocrx_word' id='word_1_3' title='bbox 1022 221 1233 255; x_wconf 84' lang='lat' dir='ltr'>aduersus</span> <span class='ocrx_word' id='word_1_4' title='bbox 1263 222 1470 256; x_wconf 87' lang='lat' dir='ltr'>nationes</span> 
     </span>
    </p>
   </div>
   <div class='ocr_carea' id='block_1_2' title="bbox 275 336 1928 2046">
    <p class='ocr_par' dir='ltr' id='par_1_2' title="bbox 356 336 1927 942">
     <span class='ocr_line' id='line_1_2' title="bbox 388 336 1882 391; baseline 0.001 -14"><span class='ocrx_word' id='word_1_5' title='bbox 388 338 435 378; x_wconf 90' lang='lat' dir='ltr'>ut</span> <span class='ocrx_word' id='word_1_6' title='bbox 464 337 651 391; x_wconf 72' lang='lat' dir='ltr'>intellegi</span> <span class='ocrx_word' id='word_1_7' title='bbox 692 336 836 378; x_wconf 85' lang='lat' dir='ltr'>debeat</span> <span class='ocrx_word' id='word_1_8' title='bbox 867 349 938 378; x_wconf 90' lang='lat' dir='ltr'>uos</span> <span class='ocrx_word' id='word_1_9' title='bbox 970 337 1127 390; x_wconf 88' lang='lat' dir='ltr'>superis</span> <span class='ocrx_word' id='word_1_10' title='bbox 1167 336 1358 379; x_wconf 89' lang='lat' dir='ltr'>stimulos</span> <span class='ocrx_word' id='word_1_11' title='bbox 1389 337 1722 391; x_wconf 74' lang='lat' dir='ltr'>indignationum</span> <span class='ocrx_word' id='word_1_12' title='bbox 1752 338 1882 380; x_wconf 85' lang='lat' dir='ltr'>furia-</span> 
     </span>
     <span class='ocr_line' id='line_1_3' title="bbox 387 404 1882 458; baseline 0.003 -13"><span class='ocrx_word' id='word_1_13' title='bbox 387 404 491 446; x_wconf 88' lang='lat' dir='ltr'>lium</span> <span class='ocrx_word' id='word_1_14' title='bbox 524 417 796 456; x_wconf 89' lang='lat' dir='ltr'>commouere,</span> <span class='ocrx_word' id='word_1_15' title='bbox 836 406 905 458; x_wconf 90' lang='lat' dir='ltr'>qui</span> <span class='ocrx_word' id='word_1_16' title='bbox 935 406 1023 447; x_wconf 89' lang='lat' dir='ltr'>tam</span> <span class='ocrx_word' id='word_1_17' title='bbox 1053 406 1189 448; x_wconf 88' lang='lat' dir='ltr'>foedas</span> <span class='ocrx_word' id='word_1_18' title='bbox 1221 407 1270 448; x_wconf 90' lang='lat' dir='ltr'>de</span> <span class='ocrx_word' id='word_1_19' title='bbox 1301 406 1386 448; x_wconf 89' lang='lat' dir='ltr'>illis</span> <span class='ocrx_word' id='word_1_20' title='bbox 1418 407 1485 448; x_wconf 94' lang='lat' dir='ltr'>uel</span> <span class='ocrx_word' id='word_1_21' title='bbox 1516 407 1669 449; x_wconf 87' lang='lat' dir='ltr'>auditis</span> <span class='ocrx_word' id='word_1_22' title='bbox 1699 407 1765 449; x_wconf 89' lang='lat' dir='ltr'>uel</span> <span class='ocrx_word' id='word_1_23' title='bbox 1796 421 1882 449; x_wconf 90' lang='lat' dir='ltr'>cre-</span> 
     </span>
     <span class='ocr_line' id='line_1_4' title="bbox 387 474 1882 530; baseline 0.002 -15"><span class='ocrx_word' id='word_1_24' title='bbox 387 474 486 515; x_wconf 91' lang='lat' dir='ltr'>ditis</span> <span class='ocrx_word' id='word_1_25' title='bbox 516 475 583 515; x_wconf 90' lang='lat' dir='ltr'>uel</span> <span class='ocrx_word' id='word_1_26' title='bbox 613 474 910 528; x_wconf 88' lang='lat' dir='ltr'>ignominiosas</span> <span class='ocrx_word' id='word_1_27' title='bbox 940 475 1019 528; x_wconf 91' lang='lat' dir='ltr'>ipsi</span> <span class='ocrx_word' id='word_1_28' title='bbox 1051 475 1315 530; x_wconf 76' lang='lat' dir='ltr'>compingitis</span> <span class='ocrx_word' id='word_1_29' title='bbox 1346 476 1518 518; x_wconf 86' lang='lat' dir='ltr'>fabulas.</span> <span class='ocrx_word' id='word_1_30' title='bbox 1565 487 1644 517; x_wconf 94' lang='lat' dir='ltr'>non</span> <span class='ocrx_word' id='word_1_31' title='bbox 1674 476 1781 518; x_wconf 91' lang='lat' dir='ltr'>enim</span> <span class='ocrx_word' id='word_1_32' title='bbox 1812 477 1882 529; x_wconf 93' lang='lat' dir='ltr'>qui</span> 
     </span>
     <span class='ocr_line' id='line_1_5' title="bbox 386 542 1880 597; baseline 0.002 -14"><span class='ocrx_word' id='word_1_33' title='bbox 386 542 560 584; x_wconf 89' lang='lat' dir='ltr'>sollicite</span> <span class='ocrx_word' id='word_1_34' title='bbox 590 543 738 597; x_wconf 87' lang='lat' dir='ltr'>relegit</span> <span class='ocrx_word' id='word_1_35' title='bbox 770 544 810 585; x_wconf 91' lang='lat' dir='ltr'>et</span> <span class='ocrx_word' id='word_1_36' title='bbox 840 543 1113 586; x_wconf 91' lang='lat' dir='ltr'>inmaculatas</span> <span class='ocrx_word' id='word_1_37' title='bbox 1144 544 1300 586; x_wconf 90' lang='lat' dir='ltr'>hostias</span> <span class='ocrx_word' id='word_1_38' title='bbox 1322 545 1468 595; x_wconf 87' lang='lat' dir='ltr'>caedit,</span> <span class='ocrx_word' id='word_1_39' title='bbox 1501 545 1570 597; x_wconf 90' lang='lat' dir='ltr'>qui</span> <span class='ocrx_word' id='word_1_40' title='bbox 1592 556 1755 586; x_wconf 91' lang='lat' dir='ltr'>aceruos</span> <span class='ocrx_word' id='word_1_41' title='bbox 1775 546 1880 587; x_wconf 90' lang='lat' dir='ltr'>turis</span> 
     </span>
     <span class='ocr_line' id='line_1_6' title="bbox 385 611 1927 667; baseline -0.001 -14"><span class='ocrx_word' id='word_1_42' title='bbox 385 613 456 654; x_wconf 88' lang='lat' dir='ltr'>dat</span> <span class='ocrx_word' id='word_1_43' title='bbox 487 611 800 654; x_wconf 77' lang='lat' dir='ltr'>concremandos</span> <span class='ocrx_word' id='word_1_44' title='bbox 840 612 948 667; x_wconf 83' lang='lat' dir='ltr'>igni,</span> <span class='ocrx_word' id='word_1_45' title='bbox 991 613 1161 654; x_wconf 90' lang='lat' dir='ltr'>numina</span> <span class='ocrx_word' id='word_1_46' title='bbox 1204 613 1517 655; x_wconf 86' lang='lat' dir='ltr'>consentiendus</span> <span class='ocrx_word' id='word_1_47' title='bbox 1558 614 1621 655; x_wconf 90' lang='lat' dir='ltr'>est</span> <span class='ocrx_word' id='word_1_48' title='bbox 1652 613 1780 655; x_wconf 91' lang='lat' dir='ltr'>colere</span> <span class='ocrx_word' id='word_1_49' title='bbox 1810 614 1882 655; x_wconf 87' lang='lat' dir='ltr'>aut</span> <span class='ocrx_word' id='word_1_50' title='bbox 1913 628 1927 652; x_wconf 89' lang='lat'>5</span> 
     </span>
     <span class='ocr_line' id='line_1_7' title="bbox 384 680 1881 736; baseline 0.002 -15"><span class='ocrx_word' id='word_1_51' title='bbox 384 680 517 722; x_wconf 87' lang='lat' dir='ltr'>officia</span> <span class='ocrx_word' id='word_1_52' title='bbox 548 681 659 723; x_wconf 91' lang='lat' dir='ltr'>solus</span> <span class='ocrx_word' id='word_1_53' title='bbox 690 681 902 736; x_wconf 88' lang='lat' dir='ltr'>religionis</span> <span class='ocrx_word' id='word_1_54' title='bbox 922 681 1091 734; x_wconf 90' lang='lat' dir='ltr'>inplere.</span> <span class='ocrx_word' id='word_1_55' title='bbox 1129 682 1264 724; x_wconf 91' lang='lat' dir='ltr'>cultus</span> <span class='ocrx_word' id='word_1_56' title='bbox 1285 695 1407 724; x_wconf 86' lang='lat' dir='ltr'>uerus</span> <span class='ocrx_word' id='word_1_57' title='bbox 1429 682 1472 723; x_wconf 93' lang='lat' dir='ltr'>in</span> <span class='ocrx_word' id='word_1_58' title='bbox 1492 684 1654 735; x_wconf 78' lang='lat' dir='ltr'>pectore</span> <span class='ocrx_word' id='word_1_59' title='bbox 1676 685 1737 724; x_wconf 90' lang='lat' dir='ltr'>est</span> <span class='ocrx_word' id='word_1_60' title='bbox 1760 683 1881 735; x_wconf 87' lang='lat' dir='ltr'>atque</span> 
     </span>
     <span class='ocr_line' id='line_1_8' title="bbox 356 750 1879 806; baseline 0.001 -15"><span class='ocrx_word' id='word_1_61' title='bbox 356 750 566 805; x_wconf 84' lang='lat' dir='ltr'>-opinatio</span> <span class='ocrx_word' id='word_1_62' title='bbox 597 751 646 792; x_wconf 91' lang='lat' dir='ltr'>de</span> <span class='ocrx_word' id='word_1_63' title='bbox 677 750 741 792; x_wconf 90' lang='lat' dir='ltr'>dis</span> <span class='ocrx_word' id='word_1_64' title='bbox 773 751 908 806; x_wconf 88' lang='lat' dir='ltr'>digna,</span> <span class='ocrx_word' id='word_1_65' title='bbox 940 764 1014 793; x_wconf 92' lang='lat' dir='ltr'>nec</span> <span class='ocrx_word' id='word_1_66' title='bbox 1045 752 1263 805; x_wconf 89' lang='lat' dir='ltr'>quicquam</span> <span class='ocrx_word' id='word_1_67' title='bbox 1294 751 1459 805; x_wconf 89' lang='lat' dir='ltr'>prodest</span> <span class='ocrx_word' id='word_1_68' title='bbox 1490 752 1636 793; x_wconf 90' lang='lat' dir='ltr'>inlatio</span> <span class='ocrx_word' id='word_1_69' title='bbox 1668 751 1879 806; x_wconf 82' lang='lat' dir='ltr'>sanguinis</span> 
     </span>
     <span class='ocr_line' id='line_1_9' title="bbox 383 819 1878 875; baseline 0.001 -15"><span class='ocrx_word' id='word_1_70' title='bbox 383 822 424 861; x_wconf 87' lang='lat' dir='ltr'>et</span> <span class='ocrx_word' id='word_1_71' title='bbox 455 819 627 870; x_wconf 82' lang='lat' dir='ltr'>cruoriS,</span> <span class='ocrx_word' id='word_1_72' title='bbox 666 819 701 861; x_wconf 90' lang='lat' dir='ltr'>si</span> <span class='ocrx_word' id='word_1_73' title='bbox 733 819 871 862; x_wconf 91' lang='lat' dir='ltr'>credas</span> <span class='ocrx_word' id='word_1_74' title='bbox 902 822 950 862; x_wconf 93' lang='lat' dir='ltr'>de</span> <span class='ocrx_word' id='word_1_75' title='bbox 980 820 1045 861; x_wconf 89' lang='lat' dir='ltr'>his</span> <span class='ocrx_word' id='word_1_76' title='bbox 1077 832 1124 862; x_wconf 88' lang='lat' dir='ltr'>ea</span> <span class='ocrx_word' id='word_1_77' title='bbox 1161 833 1262 873; x_wconf 91' lang='lat' dir='ltr'>quae</span> <span class='ocrx_word' id='word_1_78' title='bbox 1293 832 1371 861; x_wconf 93' lang='lat' dir='ltr'>non</span> <span class='ocrx_word' id='word_1_79' title='bbox 1413 820 1532 861; x_wconf 91' lang='lat' dir='ltr'>modo</span> <span class='ocrx_word' id='word_1_80' title='bbox 1564 819 1648 861; x_wconf 88' lang='lat' dir='ltr'>sint</span> <span class='ocrx_word' id='word_1_81' title='bbox 1677 821 1797 875; x_wconf 90' lang='lat' dir='ltr'>longe</span> <span class='ocrx_word' id='word_1_82' title='bbox 1828 821 1878 862; x_wconf 89' lang='lat' dir='ltr'>ab</span> 
     </span>
     <span class='ocr_line' id='line_1_10' title="bbox 382 889 1876 942; baseline 0.001 -13"><span class='ocrx_word' id='word_1_83' title='bbox 382 900 521 930; x_wconf 89' lang='lat' dir='ltr'>eorum</span> <span class='ocrx_word' id='word_1_84' title='bbox 552 889 699 931; x_wconf 86' lang='lat' dir='ltr'>dissita</span> <span class='ocrx_word' id='word_1_85' title='bbox 730 889 1011 942; x_wconf 83' lang='lat' dir='ltr'>distantiaque</span> <span class='ocrx_word' id='word_1_86' title='bbox 1042 890 1200 939; x_wconf 88' lang='lat' dir='ltr'>natura,</span> <span class='ocrx_word' id='word_1_87' title='bbox 1232 902 1377 931; x_wconf 90' lang='lat' dir='ltr'>uerum</span> <span class='ocrx_word' id='word_1_88' title='bbox 1408 889 1535 931; x_wconf 88' lang='lat' dir='ltr'>etiam</span> <span class='ocrx_word' id='word_1_89' title='bbox 1556 889 1660 930; x_wconf 88' lang='lat' dir='ltr'>labis</span> <span class='ocrx_word' id='word_1_90' title='bbox 1682 889 1722 931; x_wconf 88' lang='lat' dir='ltr'>et</span> <span class='ocrx_word' id='word_1_91' title='bbox 1743 890 1876 942; x_wconf 91' lang='lat' dir='ltr'>turpi-</span> 
     </span>
    </p>

    <p class='ocr_par' dir='ltr' id='par_1_3' title="bbox 312 958 1928 1771">
     <span class='ocr_line' id='line_1_11' title="bbox 312 958 1923 1011; baseline 0.001 -13"><span class='ocrx_word' id='word_1_92' title='bbox 312 958 359 998; x_wconf 77' lang='lat'>³1</span> <span class='ocrx_word' id='word_1_93' title='bbox 380 958 538 999; x_wconf 89' lang='lat' dir='ltr'>tudinis</span> <span class='ocrx_word' id='word_1_94' title='bbox 569 958 725 1011; x_wconf 90' lang='lat' dir='ltr'>aliquid</span> <span class='ocrx_word' id='word_1_95' title='bbox 756 959 797 1000; x_wconf 92' lang='lat' dir='ltr'>et</span> <span class='ocrx_word' id='word_1_96' title='bbox 826 958 1036 1000; x_wconf 88' lang='lat' dir='ltr'>maiestati</span> <span class='ocrx_word' id='word_1_97' title='bbox 1066 970 1205 1000; x_wconf 90' lang='lat' dir='ltr'>eorum</span> <span class='ocrx_word' id='word_1_98' title='bbox 1236 959 1454 1001; x_wconf 86' lang='lat' dir='ltr'>concilient</span> <span class='ocrx_word' id='word_1_99' title='bbox 1484 960 1525 1001; x_wconf 88' lang='lat' dir='ltr'>et</span> <span class='ocrx_word' id='word_1_100' title='bbox 1555 959 1700 1001; x_wconf 88' lang='lat' dir='ltr'>decori.</span> <span class='ocrx_word' id='word_1_101' title='bbox 1746 958 1875 1000; x_wconf 88' lang='lat' dir='ltr'>inter-</span> <span class='ocrx_word' id='word_1_102' title='bbox 1892 976 1923 1001; x_wconf 87' lang='lat'>10</span> 
     </span>
     <span class='ocr_line' id='line_1_12' title="bbox 378 1027 1874 1082; baseline 0.001 -14"><span class='ocrx_word' id='word_1_103' title='bbox 378 1038 519 1081; x_wconf 91' lang='lat' dir='ltr'>rogare</span> <span class='ocrx_word' id='word_1_104' title='bbox 550 1027 659 1069; x_wconf 91' lang='lat' dir='ltr'>enim</span> <span class='ocrx_word' id='word_1_105' title='bbox 690 1039 761 1069; x_wconf 89' lang='lat' dir='ltr'>uos</span> <span class='ocrx_word' id='word_1_106' title='bbox 793 1027 897 1069; x_wconf 89' lang='lat' dir='ltr'>libet</span> <span class='ocrx_word' id='word_1_107' title='bbox 928 1029 968 1069; x_wconf 92' lang='lat' dir='ltr'>et</span> <span class='ocrx_word' id='word_1_108' title='bbox 999 1029 1051 1069; x_wconf 91' lang='lat' dir='ltr'>ad</span> <span class='ocrx_word' id='word_1_109' title='bbox 1082 1028 1280 1070; x_wconf 89' lang='lat' dir='ltr'>sermonis</span> <span class='ocrx_word' id='word_1_110' title='bbox 1312 1027 1447 1082; x_wconf 85' lang='lat' dir='ltr'>exigui</span> <span class='ocrx_word' id='word_1_111' title='bbox 1468 1028 1771 1081; x_wconf 85' lang='lat' dir='ltr'>responsionem</span> <span class='ocrx_word' id='word_1_112' title='bbox 1802 1040 1874 1069; x_wconf 94' lang='lat' dir='ltr'>uo-</span> 
     </span>
     <span class='ocr_line' id='line_1_13' title="bbox 378 1096 1873 1150; baseline 0 -13"><span class='ocrx_word' id='word_1_113' title='bbox 378 1107 485 1147; x_wconf 88' lang='lat' dir='ltr'>care,</span> <span class='ocrx_word' id='word_1_114' title='bbox 524 1096 717 1137; x_wconf 90' lang='lat' dir='ltr'>utrumne</span> <span class='ocrx_word' id='word_1_115' title='bbox 755 1097 922 1150; x_wconf 88' lang='lat' dir='ltr'>grauius</span> <span class='ocrx_word' id='word_1_116' title='bbox 960 1097 1204 1139; x_wconf 80' lang='lat' dir='ltr'>existimetis</span> <span class='ocrx_word' id='word_1_117' title='bbox 1240 1098 1376 1138; x_wconf 86' lang='lat' dir='ltr'>nullas</span> <span class='ocrx_word' id='word_1_118' title='bbox 1415 1097 1579 1138; x_wconf 86' lang='lat' dir='ltr'>caedere</span> <span class='ocrx_word' id='word_1_119' title='bbox 1609 1096 1673 1138; x_wconf 89' lang='lat' dir='ltr'>his</span> <span class='ocrx_word' id='word_1_120' title='bbox 1704 1096 1873 1148; x_wconf 85' lang='lat' dir='ltr'>hostias,</span> 
     </span>
     <span class='ocr_line' id='line_1_14' title="bbox 377 1165 1872 1219; baseline 0.001 -13"><span class='ocrx_word' id='word_1_121' title='bbox 377 1165 473 1218; x_wconf 90' lang='lat' dir='ltr'>quia</span> <span class='ocrx_word' id='word_1_122' title='bbox 503 1165 621 1219; x_wconf 90' lang='lat' dir='ltr'>putes</span> <span class='ocrx_word' id='word_1_123' title='bbox 651 1167 842 1206; x_wconf 88' lang='lat' dir='ltr'>naturam</span> <span class='ocrx_word' id='word_1_124' title='bbox 881 1166 1042 1207; x_wconf 88' lang='lat' dir='ltr'>tantam</span> <span class='ocrx_word' id='word_1_125' title='bbox 1081 1178 1210 1219; x_wconf 91' lang='lat' dir='ltr'>neque</span> <span class='ocrx_word' id='word_1_126' title='bbox 1240 1166 1348 1207; x_wconf 90' lang='lat' dir='ltr'>uelle</span> <span class='ocrx_word' id='word_1_127' title='bbox 1378 1177 1507 1218; x_wconf 89' lang='lat' dir='ltr'>neque</span> <span class='ocrx_word' id='word_1_128' title='bbox 1538 1167 1728 1219; x_wconf 87' lang='lat' dir='ltr'>appetere</span> <span class='ocrx_word' id='word_1_129' title='bbox 1758 1166 1872 1217; x_wconf 82' lang='lat' dir='ltr'>istaS,</span> 
     </span>
     <span class='ocr_line' id='line_1_15' title="bbox 376 1233 1873 1288; baseline 0 -12"><span class='ocrx_word' id='word_1_130' title='bbox 376 1246 428 1276; x_wconf 92' lang='lat' dir='ltr'>an</span> <span class='ocrx_word' id='word_1_131' title='bbox 472 1233 576 1276; x_wconf 89' lang='lat' dir='ltr'>talia</span> <span class='ocrx_word' id='word_1_132' title='bbox 616 1234 664 1276; x_wconf 89' lang='lat' dir='ltr'>de</span> <span class='ocrx_word' id='word_1_133' title='bbox 703 1234 767 1276; x_wconf 90' lang='lat' dir='ltr'>his</span> <span class='ocrx_word' id='word_1_134' title='bbox 808 1234 956 1287; x_wconf 88' lang='lat' dir='ltr'>probra</span> <span class='ocrx_word' id='word_1_135' title='bbox 1001 1234 1240 1287; x_wconf 88' lang='lat' dir='ltr'>opinionum</span> <span class='ocrx_word' id='word_1_136' title='bbox 1280 1233 1477 1276; x_wconf 85' lang='lat' dir='ltr'>foeditate</span> <span class='ocrx_word' id='word_1_137' title='bbox 1517 1235 1725 1288; x_wconf 88' lang='lat' dir='ltr'>concipere</span> <span class='ocrx_word' id='word_1_138' title='bbox 1771 1247 1873 1287; x_wconf 89' lang='lat' dir='ltr'>quae</span> 
     </span>
     <span class='ocr_line' id='line_1_16' title="bbox 375 1303 1928 1356; baseline -0.001 -11"><span class='ocrx_word' id='word_1_139' title='bbox 375 1303 558 1346; x_wconf 90' lang='lat' dir='ltr'>cuiusuis</span> <span class='ocrx_word' id='word_1_140' title='bbox 588 1305 772 1346; x_wconf 90' lang='lat' dir='ltr'>animum</span> <span class='ocrx_word' id='word_1_141' title='bbox 802 1303 847 1344; x_wconf 91' lang='lat' dir='ltr'>in</span> <span class='ocrx_word' id='word_1_142' title='bbox 867 1303 1039 1345; x_wconf 89' lang='lat' dir='ltr'>ultionis</span> <span class='ocrx_word' id='word_1_143' title='bbox 1059 1304 1218 1356; x_wconf 88' lang='lat' dir='ltr'>possint</span> <span class='ocrx_word' id='word_1_144' title='bbox 1239 1303 1395 1345; x_wconf 86' lang='lat' dir='ltr'>rabiem</span> <span class='ocrx_word' id='word_1_145' title='bbox 1417 1303 1648 1345; x_wconf 77' lang='lat' dir='ltr'>concitare?</span> <span class='ocrx_word' id='word_1_146' title='bbox 1679 1303 1714 1344; x_wconf 90' lang='lat' dir='ltr'>si</span> <span class='ocrx_word' id='word_1_147' title='bbox 1736 1315 1872 1345; x_wconf 90' lang='lat' dir='ltr'>rerum</span> <span class='ocrx_word' id='word_1_148' title='bbox 1886 1318 1928 1350; x_wconf 63' lang='grc' dir='ltr'>ιε»,</span> 
     </span>
     <span class='ocr_line' id='line_1_17' title="bbox 375 1371 1870 1427; baseline 0 -14"><span class='ocrx_word' id='word_1_149' title='bbox 375 1373 584 1414; x_wconf 86' lang='lat' dir='ltr'>momenta</span> <span class='ocrx_word' id='word_1_150' title='bbox 613 1373 855 1427; x_wconf 83' lang='lat' dir='ltr'>pendantur,</span> <span class='ocrx_word' id='word_1_151' title='bbox 887 1373 1048 1414; x_wconf 87' lang='lat' dir='ltr'>nullum</span> <span class='ocrx_word' id='word_1_152' title='bbox 1081 1372 1257 1426; x_wconf 87' lang='lat' dir='ltr'>reperias</span> <span class='ocrx_word' id='word_1_153' title='bbox 1288 1373 1374 1413; x_wconf 91' lang='lat' dir='ltr'>tam</span> <span class='ocrx_word' id='word_1_154' title='bbox 1405 1373 1432 1424; x_wconf 56' lang='grc' dir='ltr'>ἦ·</span> <span class='ocrx_word' id='word_1_155' title='bbox 1464 1371 1651 1414; x_wconf 90' lang='lat' dir='ltr'>inuidum</span> <span class='ocrx_word' id='word_1_156' title='bbox 1680 1372 1870 1425; x_wconf 84' lang='lat' dir='ltr'>iudicem,</span> 
     </span>
     <span class='ocr_line' id='line_1_18' title="bbox 374 1440 1871 1495; baseline 0.001 -14"><span class='ocrx_word' id='word_1_157' title='bbox 374 1440 445 1494; x_wconf 90' lang='lat' dir='ltr'>qui</span> <span class='ocrx_word' id='word_1_158' title='bbox 475 1453 555 1483; x_wconf 92' lang='lat' dir='ltr'>non</span> <span class='ocrx_word' id='word_1_159' title='bbox 585 1441 843 1483; x_wconf 86' lang='lat' dir='ltr'>criminosius</span> <span class='ocrx_word' id='word_1_160' title='bbox 883 1441 1074 1483; x_wconf 87' lang='lat' dir='ltr'>aestimet</span> <span class='ocrx_word' id='word_1_161' title='bbox 1110 1441 1341 1483; x_wconf 87' lang='lat' dir='ltr'>maledictis</span> <span class='ocrx_word' id='word_1_162' title='bbox 1382 1441 1611 1495; x_wconf 89' lang='lat' dir='ltr'>insignibus</span> <span class='ocrx_word' id='word_1_163' title='bbox 1641 1441 1871 1495; x_wconf 91' lang='lat' dir='ltr'>cuiuspiam</span> 
     </span>
     <span class='ocr_line' id='line_1_19' title="bbox 373 1509 1871 1564; baseline 0.001 -14"><span class='ocrx_word' id='word_1_164' title='bbox 373 1509 526 1552; x_wconf 86' lang='lat' dir='ltr'>famam</span> <span class='ocrx_word' id='word_1_165' title='bbox 564 1511 673 1564; x_wconf 91' lang='lat' dir='ltr'>carpi</span> <span class='ocrx_word' id='word_1_166' title='bbox 713 1523 835 1564; x_wconf 90' lang='lat' dir='ltr'>quam</span> <span class='ocrx_word' id='word_1_167' title='bbox 874 1522 898 1551; x_wconf 90' lang='lat' dir='ltr'>a</span> <span class='ocrx_word' id='word_1_168' title='bbox 936 1522 1140 1563; x_wconf 89' lang='lat' dir='ltr'>quoquam</span> <span class='ocrx_word' id='word_1_169' title='bbox 1180 1510 1344 1551; x_wconf 90' lang='lat' dir='ltr'>silentio</span> <span class='ocrx_word' id='word_1_170' title='bbox 1382 1510 1609 1562; x_wconf 87' lang='lat' dir='ltr'>praeteriri.</span> <span class='ocrx_word' id='word_1_171' title='bbox 1657 1511 1730 1552; x_wconf 90' lang='lat' dir='ltr'>hoc</span> <span class='ocrx_word' id='word_1_172' title='bbox 1762 1510 1871 1552; x_wconf 89' lang='lat' dir='ltr'>enim</span> 
     </span>
     <span class='ocr_line' id='line_1_20' title="bbox 372 1578 1870 1633; baseline 0 -13"><span class='ocrx_word' id='word_1_173' title='bbox 372 1578 544 1621; x_wconf 86' lang='lat' dir='ltr'>forsitan</span> <span class='ocrx_word' id='word_1_174' title='bbox 564 1580 736 1621; x_wconf 90' lang='lat' dir='ltr'>rationis</span> <span class='ocrx_word' id='word_1_175' title='bbox 758 1579 985 1622; x_wconf 86' lang='lat' dir='ltr'>existimari</span> <span class='ocrx_word' id='word_1_176' title='bbox 1006 1580 1134 1633; x_wconf 88' lang='lat' dir='ltr'>possit</span> <span class='ocrx_word' id='word_1_177' title='bbox 1155 1580 1195 1620; x_wconf 90' lang='lat' dir='ltr'>et</span> <span class='ocrx_word' id='word_1_178' title='bbox 1215 1579 1337 1629; x_wconf 90' lang='lat' dir='ltr'>credi,</span> <span class='ocrx_word' id='word_1_179' title='bbox 1360 1579 1466 1621; x_wconf 87' lang='lat' dir='ltr'>illud</span> <span class='ocrx_word' id='word_1_180' title='bbox 1484 1579 1702 1633; x_wconf 87' lang='lat' dir='ltr'>sacrilegae</span> <span class='ocrx_word' id='word_1_181' title='bbox 1719 1579 1870 1621; x_wconf 92' lang='lat' dir='ltr'>mentis</span> 
     </span>
     <span class='ocr_line' id='line_1_21' title="bbox 371 1647 1917 1702; baseline 0.001 -14"><span class='ocrx_word' id='word_1_182' title='bbox 371 1648 434 1689; x_wconf 89' lang='lat' dir='ltr'>est</span> <span class='ocrx_word' id='word_1_183' title='bbox 471 1649 512 1690; x_wconf 91' lang='lat' dir='ltr'>et</span> <span class='ocrx_word' id='word_1_184' title='bbox 550 1648 788 1702; x_wconf 88' lang='lat' dir='ltr'>desperatae</span> <span class='ocrx_word' id='word_1_185' title='bbox 826 1649 871 1690; x_wconf 92' lang='lat' dir='ltr'>in</span> <span class='ocrx_word' id='word_1_186' title='bbox 911 1648 1147 1690; x_wconf 90' lang='lat' dir='ltr'>fictionibus</span> <span class='ocrx_word' id='word_1_187' title='bbox 1188 1647 1410 1690; x_wconf 90' lang='lat' dir='ltr'>caecitatis.</span> <span class='ocrx_word' id='word_1_188' title='bbox 1458 1648 1493 1689; x_wconf 91' lang='lat' dir='ltr'>si</span> <span class='ocrx_word' id='word_1_189' title='bbox 1531 1648 1573 1689; x_wconf 90' lang='lat' dir='ltr'>in</span> <span class='ocrx_word' id='word_1_190' title='bbox 1611 1647 1869 1690; x_wconf 89' lang='lat' dir='ltr'>caerimoniis</span> <span class='ocrx_word' id='word_1_191' title='bbox 1885 1663 1917 1689; x_wconf 82' lang='lat'>20</span> 
     </span>
     <span class='ocr_line' id='line_1_22' title="bbox 371 1716 1869 1771; baseline 0 -13"><span class='ocrx_word' id='word_1_192' title='bbox 371 1717 523 1758; x_wconf 90' lang='lat' dir='ltr'>uestris</span> <span class='ocrx_word' id='word_1_193' title='bbox 553 1717 755 1771; x_wconf 91' lang='lat' dir='ltr'>rebusque</span> <span class='ocrx_word' id='word_1_194' title='bbox 776 1717 929 1759; x_wconf 89' lang='lat' dir='ltr'>diuinis</span> <span class='ocrx_word' id='word_1_195' title='bbox 949 1717 1239 1770; x_wconf 89' lang='lat' dir='ltr'>postilionibus</span> <span class='ocrx_word' id='word_1_196' title='bbox 1261 1717 1372 1759; x_wconf 92' lang='lat' dir='ltr'>locus</span> <span class='ocrx_word' id='word_1_197' title='bbox 1394 1719 1457 1759; x_wconf 91' lang='lat' dir='ltr'>est</span> <span class='ocrx_word' id='word_1_198' title='bbox 1478 1718 1519 1759; x_wconf 89' lang='lat' dir='ltr'>et</span> <span class='ocrx_word' id='word_1_199' title='bbox 1539 1717 1692 1771; x_wconf 89' lang='lat' dir='ltr'>piaculi</span> <span class='ocrx_word' id='word_1_200' title='bbox 1715 1716 1869 1758; x_wconf 89' lang='lat' dir='ltr'>dicitur</span> 
     </span>
    </p>

    <p class='ocr_par' dir='ltr' id='par_1_4' title="bbox 275 1782 1913 2046">
     <span class='ocr_line' id='line_1_23' title="bbox 275 1782 1867 1840; baseline 0 -15"><span class='ocrx_word' id='word_1_201' title='bbox 275 1792 297 1826; x_wconf 88' lang='lat' dir='ltr'>f.</span> <span class='ocrx_word' id='word_1_202' title='bbox 314 1795 357 1826; x_wconf 87' lang='lat'>94</span> <span class='ocrx_word' id='word_1_203' title='bbox 370 1786 579 1828; x_wconf 87' lang='lat' dir='ltr'>contracta</span> <span class='ocrx_word' id='word_1_204' title='bbox 619 1797 704 1827; x_wconf 90' lang='lat' dir='ltr'>esse</span> <span class='ocrx_word' id='word_1_205' title='bbox 739 1782 744 1840; x_wconf 90' lang='grc' dir='ltr'>Ι</span> <span class='ocrx_word' id='word_1_206' title='bbox 781 1784 1033 1835; x_wconf 85' lang='lat' dir='ltr'>commissio,</span> <span class='ocrx_word' id='word_1_207' title='bbox 1081 1784 1116 1825; x_wconf 89' lang='lat' dir='ltr'>si</span> <span class='ocrx_word' id='word_1_208' title='bbox 1147 1796 1219 1837; x_wconf 91' lang='lat' dir='ltr'>per</span> <span class='ocrx_word' id='word_1_209' title='bbox 1249 1783 1552 1837; x_wconf 89' lang='lat' dir='ltr'>imprudentiae</span> <span class='ocrx_word' id='word_1_210' title='bbox 1592 1784 1756 1837; x_wconf 90' lang='lat' dir='ltr'>lapsum</span> <span class='ocrx_word' id='word_1_211' title='bbox 1796 1786 1867 1826; x_wconf 90' lang='lat' dir='ltr'>aut</span> 
     </span>
     <span class='ocr_line' id='line_1_24' title="bbox 370 1852 1867 1908; baseline -0.002 -12"><span class='ocrx_word' id='word_1_212' title='bbox 370 1854 414 1896; x_wconf 91' lang='lat' dir='ltr'>in</span> <span class='ocrx_word' id='word_1_213' title='bbox 451 1855 574 1896; x_wconf 90' lang='lat' dir='ltr'>uerbo</span> <span class='ocrx_word' id='word_1_214' title='bbox 615 1854 818 1908; x_wconf 90' lang='lat' dir='ltr'>quispiam</span> <span class='ocrx_word' id='word_1_215' title='bbox 858 1854 928 1895; x_wconf 87' lang='lat' dir='ltr'>aut</span> <span class='ocrx_word' id='word_1_216' title='bbox 965 1853 1173 1907; x_wconf 89' lang='lat' dir='ltr'>simpuuio</span> <span class='ocrx_word' id='word_1_217' title='bbox 1215 1853 1436 1903; x_wconf 87' lang='lat' dir='ltr'>deerrarit,</span> <span class='ocrx_word' id='word_1_218' title='bbox 1484 1854 1556 1895; x_wconf 90' lang='lat' dir='ltr'>aut</span> <span class='ocrx_word' id='word_1_219' title='bbox 1587 1853 1622 1894; x_wconf 92' lang='lat' dir='ltr'>si</span> <span class='ocrx_word' id='word_1_220' title='bbox 1652 1865 1794 1894; x_wconf 91' lang='lat' dir='ltr'>rursus</span> <span class='ocrx_word' id='word_1_221' title='bbox 1824 1852 1867 1893; x_wconf 89' lang='lat' dir='ltr'>in</span> 
     </span>
     <span class='ocr_line' id='line_1_25' title="bbox 369 1921 1867 1975; baseline -0.002 -10"><span class='ocrx_word' id='word_1_222' title='bbox 369 1923 636 1966; x_wconf 91' lang='lat' dir='ltr'>sollemnibus</span> <span class='ocrx_word' id='word_1_223' title='bbox 657 1922 766 1964; x_wconf 89' lang='lat' dir='ltr'>ludis</span> <span class='ocrx_word' id='word_1_224' title='bbox 787 1921 1082 1975; x_wconf 88' lang='lat' dir='ltr'>curriculisque</span> <span class='ocrx_word' id='word_1_225' title='bbox 1099 1921 1251 1963; x_wconf 90' lang='lat' dir='ltr'>diuinis</span> <span class='ocrx_word' id='word_1_226' title='bbox 1274 1922 1539 1963; x_wconf 89' lang='lat' dir='ltr'>commissum</span> <span class='ocrx_word' id='word_1_227' title='bbox 1562 1934 1700 1964; x_wconf 93' lang='lat' dir='ltr'>omnes</span> <span class='ocrx_word' id='word_1_228' title='bbox 1723 1922 1867 1963; x_wconf 87' lang='lat' dir='ltr'>statim</span> 
     </span>
     <span class='ocr_line' id='line_1_26' title="bbox 367 1989 1913 2046; baseline -0.002 -12"><span class='ocrx_word' id='word_1_229' title='bbox 367 1992 411 2034; x_wconf 89' lang='lat' dir='ltr'>in</span> <span class='ocrx_word' id='word_1_230' title='bbox 442 1992 662 2046; x_wconf 86' lang='lat' dir='ltr'>religiones</span> <span class='ocrx_word' id='word_1_231' title='bbox 693 1991 883 2034; x_wconf 88' lang='lat' dir='ltr'>clamatis</span> <span class='ocrx_word' id='word_1_232' title='bbox 914 2002 1066 2042; x_wconf 90' lang='lat' dir='ltr'>sacras,</span> <span class='ocrx_word' id='word_1_233' title='bbox 1107 1990 1142 2032; x_wconf 89' lang='lat' dir='ltr'>si</span> <span class='ocrx_word' id='word_1_234' title='bbox 1173 1990 1311 2032; x_wconf 89' lang='lat' dir='ltr'>ludius</span> <span class='ocrx_word' id='word_1_235' title='bbox 1342 1990 1573 2032; x_wconf 89' lang='lat' dir='ltr'>constiterit</span> <span class='ocrx_word' id='word_1_236' title='bbox 1612 1991 1683 2031; x_wconf 88' lang='lat' dir='ltr'>aut</span> <span class='ocrx_word' id='word_1_237' title='bbox 1713 1989 1866 2032; x_wconf 89' lang='lat' dir='ltr'>tibicen</span> <span class='ocrx_word' id='word_1_238' title='bbox 1881 2006 1913 2031; x_wconf 77' lang='lat'>25</span> 
     </span>
    </p>
   </div>
   <div class='ocr_carea' id='block_1_3' title="bbox 503 2103 1094 2149">
    <p class='ocr_par' dir='ltr' id='par_1_5' title="bbox 503 2103 1094 2149">
     <span class='ocr_line' id='line_1_27' title="bbox 503 2103 1094 2149; baseline -0.003 -10"><span class='ocrx_word' id='word_1_239' title='bbox 503 2105 548 2140; x_wconf 79' lang='lat'>20</span> <span class='ocrx_word' id='word_1_240' title='bbox 572 2115 645 2149; x_wconf 88' lang='lat' dir='ltr'>sqq.</span> <span class='ocrx_word' id='word_1_241' title='bbox 673 2104 740 2140; x_wconf 91' lang='lat' dir='ltr'>Cic.</span> <span class='ocrx_word' id='word_1_242' title='bbox 769 2105 810 2139; x_wconf 92' lang='lat' dir='ltr'>de</span> <span class='ocrx_word' id='word_1_243' title='bbox 834 2104 908 2139; x_wconf 87' lang='lat' dir='ltr'>har.</span> <span class='ocrx_word' id='word_1_244' title='bbox 935 2114 1024 2148; x_wconf 88' lang='lat' dir='ltr'>resp.</span> <span class='ocrx_word' id='word_1_245' title='bbox 1050 2103 1094 2138; x_wconf 80' lang='lat'>23</span> 
     </span>
    </p>
   </div>
   <div class='ocr_carea' id='block_1_4' title="bbox 359 2218 1863 2953">
    <p class='ocr_par' dir='ltr' id='par_1_6' title="bbox 359 2218 1863 2953">
     <span class='ocr_line' id='line_1_28' title="bbox 412 2218 1774 2267; baseline -0.001 -13"><span class='ocrx_word' id='word_1_246' title='bbox 412 2221 431 2254; x_wconf 91' lang='lat'>1</span> <span class='ocrx_word' id='word_1_247' title='bbox 457 2220 625 2254; x_wconf 81' lang='lat' dir='ltr'>fui-alium</span> <span class='ocrx_word' id='word_1_248' title='bbox 652 2220 688 2255; x_wconf 92' lang='lat' dir='ltr'><strong><em>P</em></strong></span> <span class='ocrx_word' id='word_1_249' title='bbox 711 2229 793 2254; x_wconf 79' lang='lat' dir='ltr'>corr</span> <span class='ocrx_word' id='word_1_250' title='bbox 950 2219 973 2254; x_wconf 89' lang='lat'>3</span> <span class='ocrx_word' id='word_1_251' title='bbox 997 2219 1065 2263; x_wconf 89' lang='lat' dir='ltr'>uel]</span> <span class='ocrx_word' id='word_1_252' title='bbox 1092 2221 1127 2253; x_wconf 88' lang='lat' dir='ltr'>et</span> <span class='ocrx_word' id='word_1_253' title='bbox 1153 2219 1225 2254; x_wconf 82' lang='lat' dir='ltr'>Sab</span> <span class='ocrx_word' id='word_1_254' title='bbox 1387 2219 1411 2253; x_wconf 85' lang='lat'>4</span> <span class='ocrx_word' id='word_1_255' title='bbox 1435 2218 1610 2267; x_wconf 45' lang='lat' dir='ltr'>sollicitae</span> <span class='ocrx_word' id='word_1_256' title='bbox 1635 2218 1670 2253; x_wconf 92' lang='lat' dir='ltr'><em>P</em></span> <span class='ocrx_word' id='word_1_257' title='bbox 1694 2229 1774 2254; x_wconf 74' lang='lat' dir='ltr'>corr</span> 
     </span>
     <span class='ocr_line' id='line_1_29' title="bbox 366 2275 1862 2321; baseline -0.001 -10"><span class='ocrx_word' id='word_1_258' title='bbox 366 2277 459 2311; x_wconf 84' lang='lat' dir='ltr'>cedit</span> <span class='ocrx_word' id='word_1_259' title='bbox 483 2277 519 2311; x_wconf 93' lang='lat' dir='ltr'><em>P</em></span> <span class='ocrx_word' id='word_1_260' title='bbox 655 2278 677 2311; x_wconf 84' lang='lat'>5</span> <span class='ocrx_word' id='word_1_261' title='bbox 701 2275 892 2311; x_wconf 87' lang='lat' dir='ltr'>censendus</span> <span class='ocrx_word' id='word_1_262' title='bbox 919 2275 985 2310; x_wconf 62' lang='grc' dir='ltr'>ΘΕΖ</span> <span class='ocrx_word' id='word_1_263' title='bbox 1123 2276 1142 2310; x_wconf 84' lang='grc'>7</span> <span class='ocrx_word' id='word_1_264' title='bbox 1167 2275 1221 2310; x_wconf 89' lang='lat' dir='ltr'>dis</span> <span class='ocrx_word' id='word_1_265' title='bbox 1245 2276 1287 2309; x_wconf 75' lang='lat' dir='ltr'>in</span> <span class='ocrx_word' id='word_1_266' title='bbox 1311 2275 1380 2309; x_wconf 87' lang='lat' dir='ltr'>diis</span> <span class='ocrx_word' id='word_1_267' title='bbox 1404 2286 1485 2310; x_wconf 80' lang='lat' dir='ltr'>corr</span> <span class='ocrx_word' id='word_1_268' title='bbox 1509 2276 1543 2309; x_wconf 91' lang='lat' dir='ltr'><em>P</em></span> <span class='ocrx_word' id='word_1_269' title='bbox 1677 2276 1862 2321; x_wconf 81' lang='lat' dir='ltr'>quicquam</span> 
     </span>
     <span class='ocr_line' id='line_1_30' title="bbox 367 2332 1862 2378; baseline 0 -10"><span class='ocrx_word' id='word_1_270' title='bbox 367 2334 459 2369; x_wconf 79' lang='lat' dir='ltr'>Sab:</span> <span class='ocrx_word' id='word_1_271' title='bbox 477 2334 644 2378; x_wconf 87' lang='lat' dir='ltr'>quiquam</span> <span class='ocrx_word' id='word_1_272' title='bbox 661 2334 698 2368; x_wconf 91' lang='lat' dir='ltr'><em>P</em></span> <span class='ocrx_word' id='word_1_273' title='bbox 825 2334 847 2368; x_wconf 89' lang='lat'>8</span> <span class='ocrx_word' id='word_1_274' title='bbox 872 2332 983 2367; x_wconf 83' lang='lat' dir='ltr'>credis</span> <span class='ocrx_word' id='word_1_275' title='bbox 1009 2332 1080 2367; x_wconf 81' lang='lat' dir='ltr'>Sab</span> <span class='ocrx_word' id='word_1_276' title='bbox 1219 2332 1393 2366; x_wconf 79' lang='lat' dir='ltr'>9⁸¹dissita</span> <span class='ocrx_word' id='word_1_277' title='bbox 1418 2332 1659 2377; x_wconf 85' lang='lat' dir='ltr'>distantiaque</span> <span class='ocrx_word' id='word_1_278' title='bbox 1684 2345 1714 2374; x_wconf 79' lang='lat' dir='ltr'>r,</span> <span class='ocrx_word' id='word_1_279' title='bbox 1741 2333 1862 2368; x_wconf 78' lang='lat' dir='ltr'>Salm:</span> 
     </span>
     <span class='ocr_line' id='line_1_31' title="bbox 363 2389 1771 2434; baseline 0 -9"><span class='ocrx_word' id='word_1_280' title='bbox 363 2391 433 2425; x_wconf 87' lang='lat' dir='ltr'>diis</span> <span class='ocrx_word' id='word_1_281' title='bbox 458 2392 506 2425; x_wconf 92' lang='lat' dir='ltr'>sit</span> <span class='ocrx_word' id='word_1_282' title='bbox 531 2391 804 2434; x_wconf 85' lang='lat' dir='ltr'>adstantiaquae</span> <span class='ocrx_word' id='word_1_283' title='bbox 827 2391 863 2424; x_wconf 87' lang='lat' dir='ltr'><strong><em>P</em></strong></span> <span class='ocrx_word' id='word_1_284' title='bbox 882 2390 1004 2424; x_wconf 82' lang='lat' dir='ltr'>diuina</span> <span class='ocrx_word' id='word_1_285' title='bbox 1029 2389 1293 2434; x_wconf 85' lang='lat' dir='ltr'>praestantique</span> <span class='ocrx_word' id='word_1_286' title='bbox 1320 2390 1391 2425; x_wconf 82' lang='lat' dir='ltr'>Sab</span> <span class='ocrx_word' id='word_1_287' title='bbox 1528 2391 1569 2425; x_wconf 87' lang='lat' dir='ltr'>ed</span> <span class='ocrx_word' id='word_1_288' title='bbox 1594 2391 1631 2425; x_wconf 88' lang='lat' dir='ltr'><em>P</em></span> <span class='ocrx_word' id='word_1_289' title='bbox 1653 2402 1735 2426; x_wconf 80' lang='lat' dir='ltr'>corr</span> <span class='ocrx_word' id='word_1_290' title='bbox 1752 2403 1771 2425; x_wconf 84' lang='lat' dir='ltr'>r</span> 
     </span>
     <span class='ocr_line' id='line_1_32' title="bbox 364 2446 1863 2492; baseline 0.001 -10"><span class='ocrx_word' id='word_1_291' title='bbox 364 2450 408 2483; x_wconf 90' lang='lat'>10</span> <span class='ocrx_word' id='word_1_292' title='bbox 432 2451 467 2483; x_wconf 88' lang='lat' dir='ltr'>et</span> <span class='ocrx_word' id='word_1_293' title='bbox 492 2448 685 2492; x_wconf 79' lang='lat' dir='ltr'>maiestati]</span> <span class='ocrx_word' id='word_1_294' title='bbox 711 2448 754 2482; x_wconf 85' lang='lat' dir='ltr'>ab</span> <span class='ocrx_word' id='word_1_295' title='bbox 778 2448 832 2482; x_wconf 69' lang='lat' dir='ltr'>his</span> <span class='ocrx_word' id='word_1_296' title='bbox 856 2447 976 2483; x_wconf 70' lang='lat' dir='ltr'>uerbis</span> <span class='ocrx_word' id='word_1_297' title='bbox 1005 2447 1137 2490; x_wconf 81' lang='lat' dir='ltr'>folium</span> <span class='ocrx_word' id='word_1_298' title='bbox 1162 2448 1226 2482; x_wconf 75' lang='lat'>93¹³</span> <span class='ocrx_word' id='word_1_299' title='bbox 1252 2446 1293 2481; x_wconf 73' lang='lat' dir='ltr'>in</span> <span class='ocrx_word' id='word_1_300' title='bbox 1316 2459 1449 2483; x_wconf 73' lang='lat' dir='ltr'>‘rasura</span> <span class='ocrx_word' id='word_1_301' title='bbox 1479 2450 1696 2492; x_wconf 76' lang='lat' dir='ltr'>scripturam</span> <span class='ocrx_word' id='word_1_302' title='bbox 1725 2449 1863 2483; x_wconf 75' lang='lat' dir='ltr'>exhibet</span> 
     </span>
     <span class='ocr_line' id='line_1_33' title="bbox 362 2505 1862 2551; baseline -0.001 -10"><span class='ocrx_word' id='word_1_303' title='bbox 362 2507 514 2541; x_wconf 75' lang='lat' dir='ltr'>similem</span> <span class='ocrx_word' id='word_1_304' title='bbox 530 2507 658 2541; x_wconf 71' lang='lat' dir='ltr'>manui</span> <span class='ocrx_word' id='word_1_305' title='bbox 675 2509 723 2541; x_wconf 83' lang='lat' dir='ltr'>c‘:</span> <span class='ocrx_word' id='word_1_306' title='bbox 749 2505 873 2540; x_wconf 84' lang='lat' dir='ltr'>eadem</span> <span class='ocrx_word' id='word_1_307' title='bbox 896 2516 1027 2539; x_wconf 75' lang='lat' dir='ltr'>manus</span> <span class='ocrx_word' id='word_1_308' title='bbox 1049 2505 1181 2548; x_wconf 81' lang='lat' dir='ltr'>folium</span> <span class='ocrx_word' id='word_1_309' title='bbox 1198 2509 1260 2540; x_wconf 76' lang='lat'>94.</span> <span class='ocrx_word' id='word_1_310' title='bbox 1271 2508 1336 2540; x_wconf 68' lang='lat'>94¹³</span> <span class='ocrx_word' id='word_1_311' title='bbox 1353 2507 1585 2551; x_wconf 73' lang='lat' dir='ltr'>quaternioni</span> <span class='ocrx_word' id='word_1_312' title='bbox 1603 2510 1731 2550; x_wconf 76' lang='lat' dir='ltr'>postea</span> <span class='ocrx_word' id='word_1_313' title='bbox 1747 2507 1862 2541; x_wconf 75' lang='lat' dir='ltr'>inser-</span> 
     </span>
     <span class='ocr_line' id='line_1_34' title="bbox 362 2562 1861 2608; baseline 0 -10"><span class='ocrx_word' id='word_1_314' title='bbox 362 2568 439 2598; x_wconf 74' lang='lat' dir='ltr'>tum</span> <span class='ocrx_word' id='word_1_315' title='bbox 464 2564 644 2599; x_wconf 77' lang='lat' dir='ltr'>eoea‘rauit.</span> <span class='ocrx_word' id='word_1_316' title='bbox 670 2563 791 2597; x_wconf 77' lang='lat' dir='ltr'>ultimi</span> <span class='ocrx_word' id='word_1_317' title='bbox 825 2573 954 2597; x_wconf 79' lang='lat' dir='ltr'>uersus</span> <span class='ocrx_word' id='word_1_318' title='bbox 987 2562 1072 2604; x_wconf 79' lang='lat' dir='ltr'>folii</span> <span class='ocrx_word' id='word_1_319' title='bbox 1107 2564 1170 2597; x_wconf 67' lang='lat'>94¹&gt;</span> <span class='ocrx_word' id='word_1_320' title='bbox 1206 2566 1248 2598; x_wconf 77' lang='lat' dir='ltr'>ut</span> <span class='ocrx_word' id='word_1_321' title='bbox 1277 2564 1438 2607; x_wconf 74' lang='lat' dir='ltr'>spatium</span> <span class='ocrx_word' id='word_1_322' title='bbox 1469 2564 1674 2608; x_wconf 75' lang='lat' dir='ltr'>expleretur</span> <span class='ocrx_word' id='word_1_323' title='bbox 1704 2563 1861 2598; x_wconf 75' lang='lat' dir='ltr'>diductis</span> 
     </span>
     <span class='ocr_line' id='line_1_35' title="bbox 362 2619 1770 2664; baseline -0.001 -9"><span class='ocrx_word' id='word_1_324' title='bbox 362 2621 492 2656; x_wconf 78' lang='lat' dir='ltr'>litteris</span> <span class='ocrx_word' id='word_1_325' title='bbox 515 2621 644 2664; x_wconf 78' lang='lat' dir='ltr'>scripti</span> <span class='ocrx_word' id='word_1_326' title='bbox 667 2624 753 2655; x_wconf 75' lang='lat' dir='ltr'>sunt</span> <span class='ocrx_word' id='word_1_327' title='bbox 903 2619 1090 2654; x_wconf 85' lang='lat' dir='ltr'>concilient</span> <span class='ocrx_word' id='word_1_328' title='bbox 1120 2619 1206 2655; x_wconf 71' lang='grc' dir='ltr'>θεῖε</span> <span class='ocrx_word' id='word_1_329' title='bbox 1238 2620 1401 2655; x_wconf 87' lang='lat' dir='ltr'>conciliet</span> <span class='ocrx_word' id='word_1_330' title='bbox 1425 2621 1461 2655; x_wconf 92' lang='lat' dir='ltr'><em>P</em></span> <span class='ocrx_word' id='word_1_331' title='bbox 1605 2620 1726 2654; x_wconf 89' lang='lat' dir='ltr'>decoro</span> <span class='ocrx_word' id='word_1_332' title='bbox 1749 2631 1770 2654; x_wconf 81' lang='lat' dir='ltr'>r</span> 
     </span>
     <span class='ocr_line' id='line_1_36' title="bbox 362 2677 1861 2723; baseline -0.001 -10"><span class='ocrx_word' id='word_1_333' title='bbox 362 2679 405 2713; x_wconf 86' lang='lat'>14</span> <span class='ocrx_word' id='word_1_334' title='bbox 428 2679 538 2723; x_wconf 87' lang='lat' dir='ltr'>proba</span> <span class='ocrx_word' id='word_1_335' title='bbox 563 2680 598 2713; x_wconf 92' lang='lat' dir='ltr'><em>P</em></span> <span class='ocrx_word' id='word_1_336' title='bbox 614 2690 695 2714; x_wconf 75' lang='lat' dir='ltr'>corr</span> <span class='ocrx_word' id='word_1_337' title='bbox 836 2678 881 2713; x_wconf 89' lang='grc'>16</span> <span class='ocrx_word' id='word_1_338' title='bbox 905 2678 1068 2722; x_wconf 89' lang='lat' dir='ltr'>iniquum</span> <span class='ocrx_word' id='word_1_339' title='bbox 1086 2677 1282 2713; x_wconf 71' lang='lat' dir='ltr'>Liuineius</span> <span class='ocrx_word' id='word_1_340' title='bbox 1299 2678 1491 2723; x_wconf 89' lang='lat' dir='ltr'>insipidum</span> <span class='ocrx_word' id='word_1_341' title='bbox 1516 2679 1534 2713; x_wconf 76' lang='lat'>‚2</span> <span class='ocrx_word' id='word_1_342' title='bbox 1672 2679 1714 2712; x_wconf 84' lang='lat'>17</span> <span class='ocrx_word' id='word_1_343' title='bbox 1740 2678 1861 2712; x_wconf 80' lang='lat' dir='ltr'>existi-</span> 
     </span>
     <span class='ocr_line' id='line_1_37' title="bbox 360 2735 1859 2780; baseline -0.001 -10"><span class='ocrx_word' id='word_1_344' title='bbox 360 2737 434 2770; x_wconf 88' lang='lat' dir='ltr'>met</span> <span class='ocrx_word' id='word_1_345' title='bbox 459 2735 530 2770; x_wconf 82' lang='lat' dir='ltr'>Sab</span> <span class='ocrx_word' id='word_1_346' title='bbox 683 2736 728 2770; x_wconf 79' lang='lat'>20</span> <span class='ocrx_word' id='word_1_347' title='bbox 753 2736 783 2769; x_wconf 94' lang='lat' dir='ltr'>si</span> <span class='ocrx_word' id='word_1_348' title='bbox 808 2746 864 2770; x_wconf 88' lang='lat' dir='ltr'>om</span> <span class='ocrx_word' id='word_1_349' title='bbox 893 2735 958 2769; x_wconf 69' lang='lat' dir='ltr'>Get</span> <span class='ocrx_word' id='word_1_350' title='bbox 1108 2735 1151 2769; x_wconf 84' lang='lat'>21</span> <span class='ocrx_word' id='word_1_351' title='bbox 1177 2736 1477 2779; x_wconf 86' lang='lat' dir='ltr'>postulationibus</span> <span class='ocrx_word' id='word_1_352' title='bbox 1504 2735 1577 2771; x_wconf 79' lang='lat' dir='ltr'>Sab</span> <span class='ocrx_word' id='word_1_353' title='bbox 1726 2735 1859 2780; x_wconf 85' lang='lat' dir='ltr'>piaculi</span> 
     </span>
     <span class='ocr_line' id='line_1_38' title="bbox 366 2792 1858 2838; baseline 0 -11"><span class='ocrx_word' id='word_1_354' title='bbox 366 2792 451 2828; x_wconf 81' lang='lat' dir='ltr'>Urs.-</span> <span class='ocrx_word' id='word_1_355' title='bbox 489 2792 636 2836; x_wconf 87' lang='lat' dir='ltr'>piaculis</span> <span class='ocrx_word' id='word_1_356' title='bbox 661 2793 696 2827; x_wconf 92' lang='lat' dir='ltr'><em>P</em></span> <span class='ocrx_word' id='word_1_357' title='bbox 727 2792 916 2836; x_wconf 88' lang='lat' dir='ltr'>piacularis</span> <span class='ocrx_word' id='word_1_358' title='bbox 941 2792 1159 2826; x_wconf 77' lang='lat' dir='ltr'>Stewechius</span> <span class='ocrx_word' id='word_1_359' title='bbox 1297 2793 1341 2827; x_wconf 82' lang='lat'>23</span> <span class='ocrx_word' id='word_1_360' title='bbox 1365 2793 1592 2837; x_wconf 81' lang='lat' dir='ltr'>sinympuuio</span> <span class='ocrx_word' id='word_1_361' title='bbox 1618 2794 1653 2827; x_wconf 94' lang='lat' dir='ltr'><em>P</em></span> <span class='ocrx_word' id='word_1_362' title='bbox 1684 2793 1858 2838; x_wconf 87' lang='lat' dir='ltr'>sympinio</span> 
     </span>
     <span class='ocr_line' id='line_1_39' title="bbox 360 2860 1858 2906; baseline -0.002 -9"><span class='ocrx_word' id='word_1_363' title='bbox 360 2862 431 2897; x_wconf 82' lang='lat' dir='ltr'>Sab</span> <span class='ocrx_word' id='word_1_364' title='bbox 568 2861 699 2905; x_wconf 86' lang='lat' dir='ltr'>rursus]</span> <span class='ocrx_word' id='word_1_365' title='bbox 727 2872 828 2895; x_wconf 90' lang='lat' dir='ltr'>cursu</span> <span class='ocrx_word' id='word_1_366' title='bbox 861 2860 925 2895; x_wconf 80' lang='lat' dir='ltr'>Gel</span> <span class='ocrx_word' id='word_1_367' title='bbox 1071 2860 1115 2895; x_wconf 79' lang='lat'>25</span> <span class='ocrx_word' id='word_1_368' title='bbox 1138 2860 1257 2896; x_wconf 85' lang='lat' dir='ltr'>ludius</span> <span class='ocrx_word' id='word_1_369' title='bbox 1284 2861 1374 2896; x_wconf 85' lang='lat' dir='ltr'>Sab:</span> <span class='ocrx_word' id='word_1_370' title='bbox 1407 2862 1524 2906; x_wconf 82' lang='lat' dir='ltr'>lydius</span> <span class='ocrx_word' id='word_1_371' title='bbox 1550 2862 1586 2896; x_wconf 92' lang='lat' dir='ltr'><em>P</em></span> <span class='ocrx_word' id='word_1_372' title='bbox 1730 2861 1858 2896; x_wconf 85' lang='lat' dir='ltr'>consti-</span> 
     </span>
     <span class='ocr_line' id='line_1_40' title="bbox 359 2916 1038 2953; baseline -0.003 -1"><span class='ocrx_word' id='word_1_373' title='bbox 359 2919 444 2953; x_wconf 89' lang='lat' dir='ltr'>terit</span> <span class='ocrx_word' id='word_1_374' title='bbox 467 2918 778 2953; x_wconf 69' lang='lat' dir='ltr'>Hildebrandius:</span> <span class='ocrx_word' id='word_1_375' title='bbox 815 2916 978 2951; x_wconf 86' lang='lat' dir='ltr'>constitit</span> <span class='ocrx_word' id='word_1_376' title='bbox 1002 2917 1038 2951; x_wconf 92' lang='lat' dir='ltr'><em>P</em></span> 
     </span>
    </p>
   </div>
  </div>
 </body>
</html>
