2032 3248
371 213 448 256 176
990 207 1235 252 AppendiX.

364 328 464 354 mam
485 316 639 364 decipit,
675 315 739 362 qui
760 327 834 353 non
856 316 1022 353 cauendo
1044 314 1233 352 contraria
1254 314 1375 352 noxiis
1395 314 1509 352 rebus
1531 316 1650 353 semet
1666 314 1747 362 ipse
1768 326 1874 353 com·

364 385 523 424 miserit.
556 385 621 422 ille
643 386 769 422 autem
790 383 911 421 tutius
942 383 1016 421 sibi
1037 383 1221 429 consulit,
1258 383 1324 431 qui
1355 385 1455 421 circa
1476 383 1595 422 malos
1617 395 1763 431 semper
1783 383 1870 422 infi-

366 454 435 492 dus
458 453 603 501 species
625 463 879 500 quascumque
900 451 1030 490 noxias
1059 452 1286 489 extimescit.
1333 463 1492 499 quorum
1522 452 1743 491 distantiam
1764 452 1871 490 Salo-

364 534 452 560 mon
474 521 654 560 disseruit
675 521 823 559 dicens:
872 520 1074 568 sapiens
1104 521 1315 558 timendo
1347 520 1629 559 declinabit
1659 521 1716 559 ab
1747 521 1872 559 omni

364 591 504 629 malo:
550 589 805 638 insipiens
836 591 993 628 autem
1023 589 1283 628 confidens
1321 590 1395 627 sui
1424 590 1660 628 miscetur
1689 589 1899 638 iniquo.5

364 671 544 708 magnum
572 660 780 707 sapientiae
810 658 960 697 diuinae
981 658 1180 696 consilium
1200 658 1398 696 inuentum
1419 660 1499 705 est,
1530 658 1596 696 ubi
1624 658 1774 697 timoris
1803 670 1872 696 au-

364 728 454 767 xilio
475 729 689 767 liberemur.
719 739 858 776 magna
878 727 1087 774 conpendia
1107 727 1388 775 prouidentiae,
1420 728 1462 765 ut
1482 727 1685 775 aliquando
1707 727 1775 765 fiat
1795 727 1871 765 uir-

365 799 428 836 tus
450 800 488 836 et
509 797 672 836 uictoria
691 808 759 845 per
779 797 968 835 timorem.
999 807 1139 844 magna
1158 796 1326 834 remedia
1345 796 1529 834 Dominus
1551 797 1711 835 contulit
1741 797 1789 834 ad
1810 807 1871 834 sa-

366 867 505 913 lutem,
542 868 584 904 ut
605 866 745 904 habeat
767 866 805 903 et
825 865 984 902 timidus
1006 865 1176 912 laudem,
1209 864 1308 903 sicut
1348 864 1524 903 Salomon
1551 865 1689 914 repetit
1721 865 1871 904 dicens:

363 935 535 973 beatus
569 935 643 973 uir
672 935 753 982 qui
783 935 980 972 ueretur
1025 933 1181 972 omnia
1223 945 1306 982 per
1348 934 1534 972 metum.
1581 933 1872 972 inaestimabilis
1886 945 1924 970 10

364 1004 515 1043 Domini
537 1003 793 1042 misericordia
813 1014 909 1051 quae
938 1002 1104 1050 undique
1125 1002 1269 1040 homini
1299 1014 1366 1041 suo
1387 1003 1549 1041 contulit
1570 1003 1731 1051 gloriam
1752 1005 1791 1042 et
1810 1004 1873 1041 in-

364 1072 717 1120 comprehensibilis
753 1072 878 1119 pietas
907 1083 1002 1119 quae
1034 1071 1239 1109 secundum
1267 1082 1415 1119 pugnas
1446 1071 1550 1110 dedit
1571 1073 1609 1110 et
1629 1072 1797 1120 palmas,
1830 1074 1873 1110 ut

364 1141 582 1179 confidendo
618 1140 871 1179 masculorum
907 1140 1108 1178 saeuitiam
1144 1151 1363 1188 superemus
1401 1142 1438 1178 et
1458 1140 1624 1179 timendo
1645 1141 1873 1179 feminarum

364 1209 625 1248 blandimenta
645 1209 854 1255 uincamus,
879 1210 1077 1247 dummodo
1099 1210 1137 1247 et
1160 1209 1205 1247 de
1225 1209 1369 1247 uirtute
1392 1210 1429 1247 et
1450 1210 1496 1247 de
1517 1209 1738 1248 infirmitate
1760 1221 1873 1258 super

364 1290 432 1317 nos
453 1279 594 1327 glorias
614 1278 796 1316 Dominus
818 1279 1005 1326 operetur,
1027 1279 1069 1316 ut
1089 1278 1129 1315 in
1150 1278 1322 1316 omnibus
1345 1280 1383 1316 et
1403 1289 1470 1326 per
1491 1279 1615 1317 omnia
1636 1279 1871 1327 omnipoten-
1886 1291 1921 1316 15

365 1349 444 1385 tem
481 1349 599 1385 semet
620 1347 700 1395 ipse
737 1348 900 1385 testetur
921 1346 1096 1385 diuidens
1133 1347 1366 1385 differentias
1401 1347 1700 1395 triumphorum,
1732 1349 1774 1385 ut
1794 1349 1873 1386 tam

364 1415 534 1454 consiliis
557 1427 670 1463 quam
690 1416 835 1453 uiribus
856 1427 878 1453 a
898 1416 1007 1454 nobis
1031 1416 1131 1454 bella
1146 1416 1348 1454 uincantur
1367 1427 1436 1454 nec
1457 1416 1491 1456 si
1504 1415 1738 1455 uinceremus
1755 1416 1873 1455 solius

368 1485 456 1523 fidei
491 1484 715 1523 fortitudine
751 1486 882 1522 contra
918 1484 1153 1523 Salomonem
1185 1496 1301 1523 uacua
1336 1487 1463 1523 essent
1498 1496 1611 1533 opera
1648 1485 1870 1533 sapientiae.

370 1565 469 1592 nunc
490 1553 610 1601 igitur
631 1553 840 1600 sapientiae
862 1565 966 1591 arma
987 1554 1197 1601 gestanda,
1234 1554 1299 1592 ubi
1334 1553 1489 1591 feminei
1525 1555 1563 1592 et
1599 1553 1731 1592 uiriles
1759 1564 1872 1592 sexus

366 1624 559 1660 certamen
581 1621 767 1661 indicunt.
790 1622 889 1660 unde
911 1621 1083 1660 Salomon
1105 1622 1159 1660 sic
1179 1621 1338 1660 instruit
1359 1622 1507 1660 dicens:
1539 1622 1871 1670 prudentiam,
1886 1633 1920 1659 20

364 1691 503 1739 inquit,
534 1694 610 1729 fac
645 1692 803 1729 notam
832 1691 948 1738 tibi,
987 1692 1038 1729 ut
1068 1692 1114 1728 te
1146 1692 1313 1729 seruet
1350 1702 1373 1728 a
1410 1691 1614 1729 muliere
1636 1690 1798 1729 aliena
1828 1693 1874 1729 et

364 1771 419 1808 pe
432 1759 592 1797 ssima.
624 1758 751 1797 uidete
771 1771 870 1797 nunc
891 1759 1134 1807 prudentiam
1155 1760 1195 1797 in
1216 1760 1290 1798 isto
1311 1759 1424 1807 bello,
1446 1772 1521 1798 11011
1541 1760 1652 1799 fidem
1672 1759 1782 1799 nobis
1805 1761 1872 1798 da·

363 1830 443 1867 tam
464 1839 547 1866 esse
568 1828 764 1866 uictricem
786 1839 882 1876 quae
898 1840 968 1866 nos
984 1828 1205 1866 timiditatis
1222 1829 1387 1867 remedio
1409 1829 1622 1876 liberasset,
1643 1831 1682 1867 et
1702 1831 1871 1867 contem-

364 1897 524 1946 plamini
553 1907 648 1944 quae
670 1898 759 1934 sunt
779 1897 887 1935 modo
909 1908 1014 1934 arma
1035 1898 1226 1944 sumenda,
1250 1898 1283 1935 si
1303 1897 1423 1936 uultis
1444 1899 1585 1936 habere
1601 1898 1697 1946 legis
1718 1898 1871 1936 auxilia.

366 1967 485 2004 estote
506 1965 632 2003 timidi
662 1967 704 2003 ut
726 1965 812 2004 sitis
844 1966 1045 2014 intrepidi:
1085 1967 1123 2004 et
1143 1966 1234 2005 licet
1254 1966 1367 2005 timor
1387 1966 1428 2004 in
1445 1966 1649 2005 certamine
1670 1966 1871 2005 infirmitas
1885 1979 1921 2005 25

365 2045 449 2073 esse
471 2034 659 2081 uideatur,
689 2036 816 2073 tamen
837 2035 1043 2073 secundum
1064 2035 1221 2073 uerbum
1257 2035 1419 2083 apostoli
1456 2036 1618 2074 uirtus
1658 2035 1705 2073 in
1734 2035 1870 2073 infir-

364 2103 540 2141 mitate
570 2115 594 2151 p
607 2102 851 2141 erficitur.
884 2103 1114 2152 separamini
1135 2104 1314 2152 deprecor
1329 2134 1338 2151 ,
1361 2104 1589 2152 separamini
1610 2116 1632 2142 a
1652 2104 1873 2153 contagione

363 2171 559 2220 pestifera.

453 2357 476 2392 4
500 2357 604 2392 Prou.
631 2357 685 2398 14,
712 2357 765 2393 16.
1017 2358 1060 2393 10
1086 2357 1153 2392 Sir.
1180 2358 1235 2400 25,
1261 2358 1317 2393 11.
1557 2357 1604 2392 20
1626 2358 1731 2394 Prou.
1757 2358 1789 2401 2,
1818 2358 1873 2392 16.

362 2415 407 2449 26
432 2415 471 2449 II
497 2415 574 2451 Cor.
601 2415 655 2457 12,
681 2415 714 2450 9.

456 2598 478 2632 2
501 2598 616 2633 totius
646 2598 690 2634 0¹
825 2600 845 2635 7
869 2599 1067 2634 liberentur
1093 2599 1138 2635 Ο*
1272 2600 1314 2634 11
1339 2599 1495 2644 undique
1521 2599 1560 2642 C,
1586 2598 1778 2643 unicuique
1803 2610 1825 2634 v

366 2665 429 2689 suo
456 2655 494 2696 G,
519 2666 619 2690 suam
645 2666 665 2690 v
873 2657 917 2692 13
943 2656 1142 2692 confitendo
1166 2668 1188 2693 v
1389 2657 1432 2691 15
1457 2656 1619 2691 dominus
1644 2656 1779 2701 glorias
1804 2667 1825 2691 v

365 2713 410 2747 16
433 2714 509 2747 tam
534 2723 601 2748 om.
629 2713 659 2748 G
680 2714 722 2749 in
746 2724 818 2749 ras.
937 2715 980 2749 17
1005 2713 1078 2749 Nec
1103 2714 1141 2756 C,
1168 2725 1211 2748 ne
1236 2726 1257 2750 v
1366 2713 1556 2748 nicei-imus
1581 2725 1602 2749 v
1741 2714 1785 2748 19
1810 2724 1871 2758 ge-

365 2770 494 2804 standa
519 2772 602 2805 sunt
633 2771 662 2806 G
779 2771 898 2806 uirilis
923 2783 944 2807 v
1065 2772 1111 2807 20
1134 2771 1298 2806 indicunt
1322 2771 1360 2814 Ο,
1386 2771 1558 2806 indicitur
1581 2782 1603 2806 v
1734 2770 1778 2804 21
1804 2770 1872 2805 ali-

364 2838 427 2862 ene
456 2827 501 2863 0¹
594 2827 638 2862 27
664 2838 685 2861 a
710 2839 775 2862 om.
801 2840 822 2863 v
