2032 3248
801 222 931 256 Liber
962 223 1007 257 II.
1590 221 1640 263 81

162 337 389 378 exercerent
427 336 591 377 auidum
631 338 753 389 atque
791 337 1107 378 ininstissimum
1149 337 1286 378 faenus
1326 338 1366 378 et
1403 337 1643 378 miserorum

161 417 205 446 ex
237 404 432 458 sanguine
470 404 737 458 supputandis
778 406 971 458 angerent
1008 405 1210 447 insomnia
1255 406 1440 456 milibus,
1485 418 1643 459 posses-

160 473 318 513 sionum
359 485 516 525 semper
560 472 823 526 producerent
852 473 951 514 fines
983 475 1023 514 et
1060 475 1246 526 quamuis
1278 475 1506 526 prouincias
1536 475 1641 515 totas

160 555 228 583 rus
267 542 446 583 facerent
483 555 630 591 unum,
670 553 740 594 pro
772 541 911 582 arbore
942 554 1044 592 nna,
1084 554 1153 594 pro
1192 543 1302 584 sulco
1335 543 1466 583 forum
1497 543 1642 583 litibus

132 611 354 659 stererent,
396 623 486 651 cnm
520 610 661 651 amicis
701 611 740 650 et
771 609 965 651 fratribus
1006 610 1270 663 inexpiabiles
1310 612 1557 663 susciperent
1587 611 1643 651 si-

159 681 384 721 multates?
429 679 577 721 idcirco
609 680 764 720 animas
797 680 922 725 misit,
956 680 1001 720 nt
1032 693 1134 732 quae
1165 680 1318 721 dudum
1340 679 1499 720 fuerant
1519 680 1641 721 mites
1656 676 1702 717 41

158 749 198 789 et
229 747 405 788 feritatis
438 748 663 789 adfectibus
695 748 853 789 nesciae
884 749 1141 799 commoneri,
1175 749 1344 790 macella
1376 749 1452 789 sibi
1485 750 1524 789 et
1555 761 1642 789 am-

158 816 391 869 phitheatra
421 817 725 859 constituerent.
759 817 848 857 loca
879 817 1089 870 sanguinis
1121 818 1161 858 et
1193 817 1377 870 publicae
1405 816 1640 869 impietatis,

158 896 203 925 ex
242 884 388 937 quibus
426 886 467 926 in
512 886 639 926 altero
679 885 816 926 mandi
862 885 1044 926 homines
1091 887 1298 927 cernerent
1338 887 1377 926 et
1418 886 1642 927 bestiarum

113 967 145 991 ιο
157 953 378 994 laniatibus
400 954 600 1005 dissipari,
624 953 851 995 interficere
875 967 915 995 se
938 954 1038 995 alios
1062 954 1214 995 nullius
1236 955 1284 995 ob
1315 956 1451 996 meriti
1482 967 1641 996 cansam

157 1022 225 1062 sed
265 1022 305 1062 in
344 1022 519 1075 gratiam
557 1023 891 1075 uoluptatemqne
930 1034 1149 1073 sessorum,
1190 1023 1377 1076 ipsosque
1422 1024 1516 1064 illos
1556 1022 1644 1064 dies

157 1090 303 1142 quibus
346 1092 507 1131 tantum
556 1091 881 1131 committeretur
924 1090 1034 1132 nefas
1083 1092 1122 1132 in
1162 1092 1322 1146 gaudiis
1362 1092 1642 1133 communibus

157 1159 349 1200 ducerent
388 1162 426 1199 et
458 1158 563 1200 festa
600 1159 808 1200 hilaritate
848 1161 1070 1207 sacrarent,
1110 1162 1152 1201 at
1183 1160 1224 1200 in
1263 1162 1389 1201 altero
1427 1173 1520 1202 nero
1550 1161 1640 1202 ani-

156 1227 327 1268 malium
364 1228 603 1268 miserorum
643 1228 918 1281 discerperent
950 1229 1122 1278 uiscera,
1161 1229 1260 1269 alias
1292 1229 1395 1271 aliae
1440 1229 1637 1282 raperent,

112 1298 203 1336 1⁵ut
234 1295 401 1337 canibus
433 1308 519 1337 mos
551 1298 612 1337 est
643 1297 683 1337 et
705 1297 912 1347 uulturiis,
944 1297 1159 1349 portiones,
1193 1297 1429 1350 subigerent
1451 1297 1640 1338 dentibus

157 1367 197 1405 et
228 1365 508 1405 crudelissimo
541 1366 672 1406 nentri
707 1365 862 1418 darent,
897 1367 936 1406 et
965 1369 1005 1405 in
1038 1368 1124 1406 tam
1155 1367 1287 1407 saenis
1318 1367 1437 1418 atque
1467 1365 1640 1406 horridis

156 1433 337 1473 moribus
377 1435 526 1475 sortem
565 1446 679 1474 snam
717 1434 860 1475 flerent
890 1447 987 1487 quas
1019 1435 1068 1475 ab
1099 1434 1253 1475 talibus
1290 1435 1438 1475 mensis
1470 1447 1641 1487 pauper-

157 1501 255 1543 tatis
292 1501 296 1556 Ι
333 1502 544 1556 angustiae
576 1503 852 1553 uindicarent,
891 1514 961 1555 pro
993 1503 1123 1543 beatis
1155 1516 1200 1544 ac
1231 1503 1417 1544 felicibus
1457 1503 1640 1543 uiuerent
1654 1505 1734 1538 1148

157 1582 327 1622 quarum
359 1582 427 1611 ora
458 1572 498 1611 et
526 1570 670 1611 faciem
701 1571 786 1611 tam
819 1571 999 1611 crudeles
1030 1571 1257 1624 polluerent
1289 1572 1534 1624 apparatus?
1579 1570 1641 1611 id-

111 1639 263 1679 200iroo
310 1638 463 1680 animas
509 1639 645 1690 misit,
694 1641 739 1680 nt
783 1639 911 1679 diuini
951 1640 1138 1691 ponderis
1171 1641 1210 1680 et
1240 1640 1459 1694 grauitatis
1490 1638 1642 1679 oblitae

157 1719 339 1761 gemmas
376 1707 538 1760 lapillos
578 1708 820 1760 margaritas
864 1709 1069 1750 castitatis
1111 1708 1319 1761 dispendio
1363 1708 1638 1761 conpararent,

158 1776 451 1828 conspiciendis
489 1777 726 1828 quaererent
765 1777 995 1828 corporibus
1034 1778 1165 1830 fucos,
1206 1777 1458 1818 innecterent
1489 1775 1640 1817 catenis

156 1843 272 1891 colla,
304 1845 445 1885 lannas
477 1845 764 1897 pertunderent
796 1845 968 1896 aurium,
1004 1846 1293 1886 imminuerent
1315 1845 1466 1886 frontes
1487 1844 1638 1893 limbis,

157 1912 327 1965 fuligine
367 1912 500 1953 oculos
539 1912 845 1961 obumbrarent,
888 1925 958 1953 nec
989 1913 1029 1954 in
1061 1914 1200 1954 formis
1232 1914 1510 1954 erubescerent
1541 1924 1641 1952 mas-

111 1992 142 2017 25
157 1981 337 2021 culorum
371 1981 616 2021 calamistris
648 1981 808 2021 uibrare
834 1982 1062 2030 caesariem,
1096 1983 1229 2022 cutem
1253 1982 1426 2034 corporis
1448 1981 1639 2034 lenigare,

158 2049 339 2090 incedere
369 2049 591 2101 poplitibus
623 2050 741 2090 nudis
773 2051 962 2102 omnique
992 2050 1071 2091 alio
1094 2051 1205 2091 cultu
1228 2051 1407 2103 uigorem
1430 2047 1641 2089 uirilitatis

201 2267 221 2298 2
246 2276 282 2299 ex
308 2265 612 2298 Jlildebramlius:
649 2267 684 2297 vt
710 2265 745 2298 P
767 2276 784 2295 ο
812 2265 881 2298 Sub
1028 2264 1238 2308 supputandi
1267 2264 1337 2297 Sal)
1475 2265 1641 2303 augerent

159 2323 389 2356 iS'teweclnns:
415 2325 558 2365 angeret
583 2323 618 2355 J>
642 2334 676 2354 se
701 2326 868 2363 angerent
894 2322 966 2355 Sub
1090 2321 1224 2354 insania
1251 2321 1321 2353 Sub
1443 2318 1642 2352 nominibus

159 2380 255 2412 &alm
393 2379 553 2412 millibus
581 2380 835 2422 posscssionum
864 2379 971 2422 uulyo
1111 2378 1347 2420 posessionnm
1378 2377 1409 2409 J’
1546 2377 1567 2409 ὃ
1591 2378 1641 2409 te-

158 2439 273 2469 rerent
301 2436 390 2469 Sab:
432 2438 602 2468 terrerent
630 2436 661 2469 1¹
838 2436 856 2468 ’ἱ
883 2435 1143 2478 amphitheatra
1170 2434 1259 2468 Sab:
1296 2433 1494 2476 amphictra
1518 2433 1552 2466 P

159 2494 198 2526 11
219 2493 253 2526 in
272 2493 422 2534 gratiani
448 2493 636 2525 Fuiacius:
656 2482 795 2534 ingrata¹
814 2492 848 2524 1²
986 2491 1200 2534 uoluptatem
1220 2501 1455 2523 consessorum
1476 2490 1548 2523 δαί)

158 2550 200 2582 13
225 2549 266 2582 ad
294 2551 326 2582 Ι)
351 2560 431 2583 corr
456 2560 492 2582 nc
520 2549 590 2582 Sub
615 2561 667 2582 om
698 2549 760 2582 Gcl
913 2549 1022 2582 altr-ro
1049 2548 1139 2581 Sao:
1172 2547 1280 2580 altera
1306 2548 1339 2578 P
1486 2547 1526 2580 14
1551 2547 1640 2580 aliae

163 2607 244 2640 Gel:
269 2607 337 2640 alia
363 2607 396 2639 Ρ
420 2606 564 2639 aliarum
592 2606 865 2638 Jx'lassmannns
1016 2605 1057 2637 15
1084 2604 1284 2637 uultui-ibus
1311 2604 1383 2637 &ab
1533 2603 1640 2646 patri-

157 2664 273 2697 monia
298 2663 498 2706 subigerent
523 2663 798 2696 Klussmannus
835 2672 951 2694 carnos
984 2661 1188 2703 subigerent
1220 2662 1236 2694 22
1421 2660 1460 2693 17
1485 2660 1639 2693 moribus

165 2720 250 2753 Urs.-
268 2720 408 2754 lioribus
427 2721 464 2755 (h
483 2723 576 2761 erres)
596 2720 630 2752 'J'
760 2719 800 2751 19
818 2718 931 2751 fauces
958 2718 1024 2750 l'rs
1153 2718 1196 2751 522
1214 2716 1433 2750 conficiendis
1452 2716 1550 2750 Salm

158 2777 393 2810 conficiendis.
409 2804 415 2810 .
432 2778 544 2810 ,sucos
557 2780 638 2819 post
657 2776 791 2809 aurium
811 2775 1030 2818 transposuit
1049 2774 1146 2807 Salm
1275 2774 1404 2807 catenis
1429 2773 1515 2807 Urs:
1532 2773 1585 2806 liis
1604 2774 1639 2807 P

160 2835 241 2868 linis
266 2834 452 2868 Heraldus
477 2834 576 2867 lineis
602 2832 876 2867 Κῑαεεηιαηηιι.»ι
1012 2832 1055 2864 23
1080 2830 1227 2864 laminas
1255 2831 1325 2864 Sal)
1350 2831 1484 2864 lamnas
1512 2841 1528 2864 r

293 2902 352 2936 IV.
1486 2899 1505 2931 6
