2032 3248
297 201 381 244 226
707 198 898 234 Arnobii
930 199 1144 234 aduersus
1176 198 1378 233 nationes

298 315 570 357 communiter
601 314 806 356 audienda
836 314 1089 368 depromere,
1136 314 1333 368 quidnam
1354 316 1417 356 681
1438 314 1564 366 istud,
1596 315 1794 368 homines,

297 383 405 438 quod
443 383 522 437 ipsi
560 394 632 424 uos
671 382 780 425 ultro
819 383 862 424 in
892 385 979 424 tam
1009 383 1210 436 promptis
1241 396 1287 425 ac
1316 383 1541 438 perspicuis
1571 383 1692 425 rebus
1723 395 1795 425 uo-

298 452 479 496 luntaria
509 451 659 494 fallitis
681 453 723 495 61
744 452 1082 495 circumscribitis
1105 452 1331 495 caecitate?
1362 452 1557 494 discutite
1578 452 1797 506 aliquando

297 521 519 577 caliginem
557 522 810 577 regressique
847 522 899 564 ad
936 522 1077 563 lumen
1115 521 1266 563 mentis
1306 520 1529 563 intuemini
1558 521 1724 575 propius
1756 520 1798 563 61

297 590 437 633 uidete
458 590 570 633 istud
591 590 697 644 quod
719 590 858 645 agitur
879 590 998 643 quale
1020 590 1087 642 sit,
1117 591 1152 632 si
1172 592 1291 633 modo
1313 590 1500 632 retinetis
1521 590 1586 632 ius
1607 591 1796 632 uestrum
1827 605 1842 630 ε

296 661 419 713 atque
439 660 483 701 in
504 659 653 701 finibus
676 659 792 701 uobis
815 659 934 701 datae
955 659 1125 701 rationis
1148 659 1386 713 consiliique
1408 659 1640 701 uersamini.
1665 659 1795 701 simu-

295 728 409 771 lacra
438 729 521 771 ista
562 741 664 782 quae
694 741 767 770 uos
798 729 956 770 terrent
994 726 1189 782 quaeque
1208 729 1374 782 templis
1405 729 1448 770 in
1480 728 1671 770 omnibus
1701 739 1796 782 910-

296 797 419 840 811611
449 799 572 851 atque
602 796 780 839 humiles
808 796 986 839 adoratis
1017 810 1108 839 ossa
1135 797 1293 851 lapides
1322 810 1416 839 aera
1442 798 1550 848 sunt,
1579 798 1798 852 argentum

296 879 442 909 aurum
497 866 626 918 testa,
672 865 835 920 lignum
881 867 1094 920 sumptum
1141 879 1187 908 ex
1235 866 1378 908 arbore
1414 867 1486 908 aut
1526 866 1796 908 commixtum

179 944 282 979 f.128
294 937 506 991 glutinum
538 947 677 990 gypSO,
712 947 758 977 ex
788 935 999 977 ornatibus
1029 933 1220 991 fortaslse
1251 935 1496 977 meretriciis
1528 937 1599 976 aut
1630 947 1676 977 ex
1702 947 1795 976 mu·
1809 946 1842 971 10

294 1004 415 1046 liebri
434 1004 602 1055 mundo,
637 1003 850 1046 camelinis
881 1017 927 1046 ex
949 1004 1109 1046 ossibus
1131 1005 1204 1046 aut
1226 1017 1273 1046 ex
1294 1004 1427 1047 Indici
1448 1004 1640 1046 animalis
1661 1004 1795 1056 dente,

293 1085 340 1115 ox
371 1072 624 1125 caccabulis,
663 1072 823 1124 ollulis,
866 1086 914 1115 ex
952 1073 1209 1115 candelabris
1241 1074 1282 1116 et
1311 1073 1489 1116 lucernis
1522 1074 1594 1115 aut
1625 1086 1670 1115 ex
1702 1072 1796 1115 aliis

293 1142 598 1185 obscenioribus
639 1142 818 1184 uasculis
850 1143 1060 1196 congesta,
1105 1142 1280 1184 conflata
1310 1143 1353 1184 in
1383 1143 1456 1184 has
1488 1142 1641 1195 species
1673 1141 1796 1183 ducta

293 1212 390 1254 sunt
420 1212 542 1264 atque
573 1211 617 1252 in
647 1210 798 1252 formas
829 1223 929 1265 quas
960 1211 1126 1253 cernitis
1148 1211 1346 1262 exierunt,
1380 1210 1612 1253 fornacibus
1635 1210 1794 1252 incocta

291 1280 486 1334 figulinis,
519 1292 566 1321 ex
597 1279 816 1322 incudibus
848 1280 888 1321 et
919 1279 1082 1321 malleis
1106 1280 1217 1331 nata,
1250 1280 1381 1334 grosis
1403 1292 1505 1330 rasa,
1539 1279 1794 1321 discobinata
1809 1294 1841 1320 15

292 1350 341 1392 de
371 1349 506 1401 limis,
547 1349 668 1391 serris
707 1349 971 1391 furfuraculis
1011 1349 1130 1391 asciis
1168 1350 1278 1391 secta
1316 1349 1453 1392 dolata
1489 1349 1655 1398 effossa,
1687 1349 1794 1391 tere-

291 1419 458 1461 brarum
491 1418 687 1461 excauata
718 1418 936 1473 uertigine,
970 1419 1233 1460 runcinarum
1263 1418 1446 1473 lenigata
1478 1418 1527 1460 de
1548 1417 1693 1472 planis.
1736 1417 1796 1459 ita

291 1487 369 1529 iste
409 1499 487 1529 non
528 1499 638 1529 61101
678 1488 761 1537 681,
804 1500 883 1530 11011
923 1488 970 1529 111
1014 1488 1175 1542 9109116
1221 1487 1382 1529 dicatur
1422 1488 1624 1539 amentia,
1673 1486 1795 1528 deum

292 1557 451 1599 credere
484 1568 604 1610 quem
635 1557 725 1598 tute
756 1556 842 1609 ipse
871 1556 1079 1608 formaris,
1127 1556 1356 1610 subplicare
1393 1556 1703 1598 tremibundum
1734 1554 1795 1598 fa-

292 1625 471 1666 bricatae
501 1625 572 1666 abs
602 1625 645 1666 te
675 1624 748 1674 rei,
790 1625 831 1666 et
863 1638 955 1666 cum
987 1625 1090 1667 scias
1123 1627 1164 1667 et
1194 1627 1330 1668 certus
1364 1626 1420 1667 sis
1450 1625 1513 1667 tui
1545 1638 1631 1667 esse
1662 1624 1794 1678 operis
1808 1640 1841 1666 20

292 1693 333 1735 et
362 1693 588 1747 digitorum
628 1694 812 1747 partum,
852 1706 1025 1747 pronum
1056 1694 1099 1735 in
1129 1693 1277 1736 faciem
1319 1707 1454 1745 ruere,
1496 1706 1615 1748 opem
1650 1706 1794 1749 rogare

291 1762 533 1817 suppliciter
574 1762 837 1816 aduersisque
878 1763 922 1804 in
952 1763 1074 1805 rebus
1115 1763 1236 1816 atque
1267 1763 1309 1804 in
1342 1763 1597 1816 temporibus
1639 1763 1794 1817 asperis

226 1831 460 1885 l5propitii
497 1831 682 1873 numinis
724 1831 864 1874 fauore
903 1835 1166 1874 succurrere?
1208 1845 1299 1874 ecce
1341 1832 1377 1874 si
1414 1832 1564 1885 aliquis
1596 1833 1722 1886 ponat
1752 1832 1795 1873 in

291 1900 424 1942 medio
456 1913 524 1942 aes
556 1900 656 1942 rude
678 1901 800 1954 atque
821 1901 862 1942 in
885 1912 1004 1953 opera
1024 1901 1139 1943 nulla
1171 1901 1412 1952 confectum,
1446 1901 1607 1955 argenti
1637 1912 1794 1942 massas

291 1969 482 2011 indomiti
512 1969 791 2022 infectumque
814 1983 974 2020 aurum,
1008 1969 1182 2024 lignum,
1215 1969 1371 2022 lapides
1393 1971 1514 2023 atque
1537 1982 1628 2012 ossa
1648 1981 1793 2023 resque
1806 1984 1838 2011 25

290 2038 392 2080 alias
420 2039 573 2080 ceteras
606 2039 754 2091 quibus
786 2039 904 2093 signa
925 2040 1121 2081 consueta
1142 2040 1238 2080 sunt
1259 2041 1299 2080 61
1321 2039 1540 2080 111111111111111
1572 2038 1794 2080 811111116016

290 2107 488 2158 constare,
520 2107 647 2148 immo
679 2107 714 2148 si
746 2107 896 2161 aliquis
927 2108 1055 2161 ponat
1084 2108 1127 2149 in
1158 2107 1291 2149 medio
1314 2108 1487 2149 conlisos
1509 2107 1675 2150 deorum
1697 2107 1792 2149 uul-

289 2176 377 2227 tus,
418 2175 624 2218 confracta
662 2177 784 2230 atque
821 2177 1027 2218 inminuta
1066 2177 1285 2218 simulacra
1325 2177 1543 2230 iubeatque
1573 2188 1645 2219 uos
1680 2175 1791 2218 idem

334 2322 357 2356 4
379 2322 524 2366 propius
543 2323 627 2365 δαὶ),
646 2334 685 2357 r:
709 2324 869 2367 propi-ius
894 2323 929 2357 P
1066 2324 1087 2358 6
1112 2323 1213 2357 uobis
1239 2323 1326 2358 Urs:
1351 2323 1408 2357 his
1426 2323 1461 2357 P
1599 2324 1641 2358 11
1667 2324 1790 2358 camel-

289 2379 373 2414 linis
398 2380 434 2414 P
602 2381 645 2415 12
670 2380 847 2415 cacabulis
873 2381 956 2424 Sal),
981 2392 1020 2415 r.-
1053 2381 1251 2415 caccabulis
1277 2382 1313 2415 P
1489 2381 1532 2415 15
1557 2381 1690 2425 grossis
1717 2381 1790 2416 Sab

288 2436 416 2482 grosfis
439 2437 505 2472 Gez
642 2438 868 2472 descobinata
893 2438 989 2472 limis
1011 2438 1073 2472 Gel
1205 2439 1247 2472 16
1271 2437 1500 2472 furfuraculis
1520 2438 1721 2473 Salmasius
1745 2438 1793 2473 ad

290 2494 403 2528 Solin.
416 2506 455 2539 p.
473 2497 560 2529 774:
577 2494 843 2530 fui-f'u1·÷aculeis
863 2496 899 2530 P
914 2495 1113 2530 furfuribus
1131 2495 1262 2530 aculeis
1280 2496 1353 2531 Sab
1372 2495 1556 2530 furficibus
1574 2495 1703 2530 aculeis
1725 2495 1792 2531 Gel

288 2550 482 2595 forcipibus
500 2552 630 2586 aculeis
657 2552 727 2587 Urs
742 2553 970 2597 perforaculis
990 2553 1090 2587 Salm
1183 2553 1286 2587 asciis
1303 2553 1375 2588 sab
1393 2553 1435 2587 in
1449 2564 1527 2587 err.-
1544 2554 1651 2587 asceis
1664 2553 1700 2586 P

290 2609 333 2643 18
357 2610 518 2653 propriae
543 2610 580 2644 P
603 2620 683 2644 corr
820 2611 861 2644 21
889 2612 1030 2654 partum
1064 2610 1150 2645 Urs:
1175 2601 1283 2654 parte
1298 2610 1333 2644 P
1365 2612 1478 2644 artem
1508 2609 1573 2644 Gal
1597 2620 1656 2654 per
1679 2610 1791 2643 artem

288 2665 564 2701 Klussmannus
703 2668 748 2701 23
772 2667 890 2701 fauore
916 2671 952 2709 (u
972 2678 1016 2701 ex
1033 2667 1069 2710 b)
1097 2668 1132 2702 P
1155 2668 1293 2701 fauorcs
1324 2668 1400 2709 Gel,
1424 2667 1612 2701 Meursius
1636 2667 1791 2701 fauorem

290 2723 390 2757 Salm
528 2734 705 2759 accurrere
736 2725 801 2759 Gel
826 2726 1003 2769 acquirere
1026 2725 1214 2759 Meursius
1351 2725 1395 2759 24
1420 2724 1616 2758 confectum
1640 2724 1791 2768 scripu:

289 2781 484 2816 coniectum
511 2783 547 2816 P
729 2784 773 2818 25
804 2783 973 2817 infectum
1001 2783 1070 2818 Sal>
1253 2784 1296 2818 27
1322 2782 1471 2817 conlisos
1495 2783 1642 2826 scripsi:
1683 2782 1790 2816 conli-

288 2849 405 2873 sorum
431 2839 466 2872 P
649 2840 694 2874 28
719 2839 897 2875 confracta
922 2841 1128 2885 Riqaltius:
1162 2840 1313 2875 conflata
1337 2840 1374 2875 P
1550 2840 1635 2874 item
1660 2839 1790 2875 Hilde-

289 2895 467 2931 brandius
