2032 3248
383 223 464 266 116
1011 216 1256 262 Appendix.

498 272 522 291 ..v

381 326 511 365 exiet
539 326 637 373 leit,
681 327 727 364 et
756 324 953 363 uerbum
983 322 1175 362 Domini
1206 323 1262 361 ab
1291 322 1614 361 Hierusalem.
1654 322 1753 361 dicit
1788 323 1891 361 Hie-

380 395 557 432 rusalem
593 394 637 431 de
673 393 776 432 caelo
812 392 1099 431 descendentem
1133 403 1271 430 nouam
1306 391 1515 438 ciuitatem,
1565 392 1787 439 quadratam
1823 403 1890 440 per

380 464 558 512 quattuor
593 462 793 510 euangelia
811 491 820 509 ,
859 462 1003 500 habens
1044 460 1239 499 duodecim
1273 460 1520 499 fundamenta
1558 461 1754 499 duodecim
1801 472 1888 509 pro·
1929 482 1931 484 v

378 533 581 580 phetarum
617 533 655 569 et
685 530 881 569 duodecim
916 532 1047 578 portas
1083 530 1278 568 duodecim
1315 529 1594 577 apostolorum:
1636 540 1704 578 per
1732 541 1889 578 quorum

378 599 704 638 adnuntiationem
734 598 934 638 christiani
963 598 1004 636 in
1034 599 1132 637 hanc
1168 597 1362 637 ciuitatem
1399 599 1569 636 sanctam
1597 599 1635 636 et
1662 610 1799 637 nouam
1827 598 1888 637 in·
1903 612 1919 636 5

378 669 577 715 troierunt‚
600 679 696 716 quae
720 667 910 716 spiritalis
932 669 989 705 est
1010 666 1181 705 ecclesia.
1207 679 1210 681 ·

312 738 361 775 11
437 737 534 775 Ecce
566 736 809 784 probauimus
840 747 906 784 per
927 735 1093 774 omnium
1122 736 1394 783 scripturarum
1426 735 1644 774 deificarum
1673 735 1785 773 fidem
1814 735 1887 775 duo

378 807 526 844 montes
550 805 639 843 Sina
669 805 709 843 in
739 806 843 842 terra
863 806 901 842 et
922 803 1011 843 Sion
1032 803 1073 842 in
1094 803 1198 843 caelo
1219 805 1378 843 duorum
1399 805 1714 843 testamentorum
1734 806 1886 853 portare

377 875 549 923 figuram,
571 874 712 913 ueteris
735 874 824 912 Sina
844 875 883 912 et
904 872 992 911 noui
1014 872 1123 912 Sion:
1147 884 1192 911 ex
1213 873 1350 921 quibus
1372 873 1518 912 duobus
1540 873 1743 920 montibus,
1778 873 1887 912 uide·
2028 876 2032 922 1

377 943 468 982 licet
489 943 635 981 duobus
656 942 897 981 testamentis
918 941 1118 989 posteriori
1138 943 1306 990 tempore
1328 942 1609 980 demonstratos
1631 943 1669 979 et
1690 941 1886 990 depalatos
1903 952 1939 977 10
2028 968 2032 1023 ¹

377 1013 469 1051 duos
490 1011 662 1060 populos,
700 1013 864 1050 ueterem
886 1012 924 1049 et
953 1011 1116 1058 priorem
1137 1011 1363 1049 Iudaeorum
1400 1012 1439 1048 et
1474 1022 1613 1049 nouum
1634 1013 1673 1048 et
1701 1010 1887 1059 posterio-

375 1092 454 1119 rem
494 1080 675 1130 populum
717 1080 1028 1118 christianorum:
1079 1079 1240 1118 Iudaeos
1275 1081 1445 1118 terrenos
1482 1079 1618 1127 quibus
1655 1080 1757 1117 terra
1798 1090 1888 1127 pro-

376 1150 492 1188 missa
513 1162 535 1188 a
571 1150 648 1187 Deo
686 1146 930 1201 (acceperunt
965 1147 1154 1198 carnales)
1193 1150 1231 1186 et
1266 1148 1496 1186 christianos
1531 1148 1714 1187 caelestes
1750 1149 1888 1196 quibus

376 1230 495 1267 regna
530 1219 720 1257 caelorum
742 1230 764 1255 a
784 1218 862 1256 Deo
898 1218 1088 1266 promissa
1125 1217 1332 1266 (accepturi
1369 1219 1459 1255 sunt
1490 1217 1530 1255 in
1552 1217 1679 1256 futuro
1701 1214 1884 1270 saeculo).

377 1299 463 1326 caro
485 1287 583 1325 enim
605 1287 897 1325 christianorum
915 1287 1102 1335 spiritalis
1123 1288 1161 1325 et
1181 1285 1394 1325 inmortalis
1416 1286 1502 1324 erit.
1901 1301 1933 1325 15

309 1352 360 1390 12
436 1356 562 1394 Aliam
578 1355 839 1403 probationem
854 1355 1031 1394 ueritatis
1049 1355 1247 1404 scripturis
1264 1355 1513 1403 positam†ex
1530 1365 1574 1393 ea
1583 1355 1784 1394 ueritatem
1801 1367 1885 1394 eae-

376 1424 511 1464 lestem
542 1423 767 1471 spiritalem.
799 1424 959 1462 facimus
981 1424 1184 1472 figuratam
1206 1423 1523 1472 comparationem
1544 1424 1589 1461 de
1619 1423 1733 1462 huius
1755 1424 1885 1462 mundi

378 1504 575 1533 conuersu.
609 1493 772 1531 diximus
800 1493 900 1531 enim
920 1493 1061 1531 montis
1082 1492 1204 1531 sancti
1225 1493 1313 1531 Sion
1334 1492 1435 1541 quod
1455 1492 1603 1541 lignum
1642 1493 1811 1545 regalem
1847 1494 1886 1531 et

378 1574 523 1600 sacrum
558 1562 699 1600 habere
720 1561 1070 1609 interpretationem
1100 1562 1145 1600 de
1180 1561 1364 1601 Hebreico
1386 1561 1426 1599 in
1447 1561 1586 1600 Graeco
1608 1561 1668 1600 uel
1689 1561 1728 1599 in
1749 1561 1884 1599 Latino

372 1625 589 1679 ‘temptatio
611 1630 909 1670 exacerbationis
931 1632 968 1669 et
990 1622 1222 1679 speculatio‚’
1243 1641 1284 1669 eo
1302 1630 1401 1679 quod
1421 1630 1465 1669 de
1486 1629 1590 1679 ligno
1615 1629 1884 1678 speculabatur
1897 1645 1934 1672 20

378 1702 465 1738 ante
488 1711 527 1738 se
549 1701 696 1737 stantes
718 1700 835 1738 bonos
856 1701 894 1737 et
914 1699 1047 1738 malos.

311 1771 363 1809 13
435 1769 497 1806 Ita
518 1767 730 1806 inuenimus
752 1767 875 1816 ipsum
898 1768 1125 1807 saluatorem
1155 1780 1223 1817 per
1245 1769 1480 1808 Salomonem
1502 1768 1695 1817 speculum
1716 1769 1884 1807 inmacu-

374 1837 496 1876 latum
518 1837 639 1885 patris
661 1848 743 1876 esse
765 1837 919 1885 dictum,
949 1849 991 1877 eo
1013 1839 1112 1886 quod
1134 1840 1286 1877 sanctus
1309 1839 1467 1887 spiritus
1488 1839 1558 1877 Dei
1589 1838 1690 1876 filius
1712 1838 1884 1886 gemina-

466 1995 489 2028 4
514 1994 556 2029 ef.
583 1995 691 2038 Apoc.
718 1994 775 2035 21,
800 1994 832 2028 2.

468 2144 488 2176 1
513 2143 599 2177 exiit
617 2143 649 2177 T
742 2143 831 2178 dicit
855 2143 1069 2178 hierusalem
1086 2145 1226 2189 scripsi,
1251 2144 1464 2180 hierusalem
1490 2145 1580 2181 dicit
1596 2157 1627 2188 υ,
1645 2156 1712 2182 om.
1730 2146 1780 2181 M
1782 2147 1838 2192 Τμ

375 2199 397 2234 3
421 2199 609 2234 habentem
634 2212 656 2236 v
826 2201 848 2235 4
871 2201 908 2235 et
932 2211 998 2236 om.
1023 2211 1044 2236 v
1210 2201 1232 2235 5
1256 2201 1530 2237 adnuntiatione
1556 2203 1589 2237 T
1755 2202 1883 2237 christi

375 2257 481 2301 ΜΤμ
620 2258 779 2292 sanctam
804 2268 869 2292 om.
898 2257 932 2292 T
1067 2258 1086 2292 7
1111 2257 1199 2292 duos
1223 2270 1272 2303 μυ
1397 2261 1418 2294 9
1443 2259 1558 2304 figura
1583 2260 1664 2295 ΜΤ
1786 2260 1883 2294 uide-

375 2314 460 2348 licet
485 2327 522 2358 μ,
545 2314 627 2349 uide
654 2315 694 2356 T,
721 2314 822 2350 uidet
847 2315 894 2350 M
1062 2315 1106 2351 10
1130 2315 1199 2350 duo
1226 2317 1442 2351 testamenta
1466 2317 1515 2352 M
1675 2317 1883 2361 posterioris

378 2371 418 2412 T,
443 2371 501 2405 his
525 2372 730 2416 posterioris
755 2373 805 2407 M
1016 2372 1204 2417 depalatos
1229 2374 1364 2419 MT²42‚
1389 2374 1576 2419 depalatus
1603 2375 1660 2415 T¹,
1685 2374 1883 2409 declaratos

375 2427 548 2462 habemus
573 2441 594 2464 v
732 2430 777 2465 12
802 2430 863 2474 qui
888 2431 1022 2464 terram
1046 2430 1258 2475 promissam
1283 2442 1332 2476 μυ
1471 2432 1514 2466 13
1538 2431 1682 2476 quibus]
1709 2431 1771 2476 qui
1789 2443 1837 2476 μυ

378 2484 421 2519 16
446 2484 518 2519 alia
541 2486 748 2529 probatione
772 2498 794 2522 v
912 2487 950 2521 in
975 2487 1160 2532 scripturis
1185 2499 1234 2532 μυ
1373 2488 1492 2533 posita
1515 2499 1536 2523 v
1654 2499 1731 2523 eam
1755 2489 1838 2523 MT

377 2543 530 2576 ueritate
555 2553 602 2586 μυ
863 2544 1007 2579 caelesti
1034 2556 1066 2586 υ,
1100 2545 1287 2580 caelestem
1311 2548 1347 2581 et
1371 2547 1463 2591 My)
1725 2547 1767 2581 17
1794 2547 1883 2592 figu-

377 2609 497 2633 rarum
521 2610 553 2640 v,
577 2599 692 2644 figura
717 2604 760 2645 μι
881 2611 1071 2636 conuersus
1096 2602 1203 2647 ΜΤμ
1215 2603 1232 2644 ¹,
1257 2604 1434 2638 conuersis
1452 2604 1508 2648 μῖ,
1535 2604 1800 2638 conuersatione
1816 2614 1838 2639 v

378 2655 423 2689 18
446 2656 561 2690 monti
588 2657 627 2698 T,
653 2659 809 2693 montem
835 2671 861 2703 μ
1024 2659 1140 2694 sancti
1165 2670 1231 2695 om.
1257 2674 1283 2706 μ
1446 2661 1554 2706 quod]
1580 2661 1674 2696 idem
1700 2663 1753 2696 est
1779 2675 1804 2706 μ
1829 2662 1883 2695 est

376 2723 403 2747 s.
429 2713 450 2747 l.
476 2724 520 2748 m.
545 2715 573 2748 2
766 2715 887 2761 regale
912 2726 960 2760 μυ
1157 2718 1200 2753 19
1225 2719 1372 2753 haberet
1398 2730 1419 2754 v
1621 2719 1749 2754 hebreo
1778 2719 1834 2763 Τμ

377 2780 542 2814 graecum
565 2782 587 2806 υ
760 2773 797 2807 in
823 2784 887 2809 om.
912 2774 1009 2817 Μμυ
1183 2775 1338 2811 latinum
1360 2788 1382 2813 v
1553 2777 1598 2811 20
1622 2776 1673 2821 et]
1698 2776 1755 2811 uel
1783 2777 1836 2812 Tv

376 2827 421 2861 21
447 2827 575 2862 stantis
602 2827 635 2862 T
770 2830 814 2864 23
838 2831 935 2875 patri
961 2831 995 2866 T
1131 2823 1188 2877 sp}
1214 2824 1268 2869 sffs
1294 2844 1341 2878 μυ

2019 1785 2032 2348 Quantam-nah
2022 1658 2032 1774 r1n-zr2r....-..
2029 1599 2032 1617 .,
2029 1554 2032 1560 .
2029 1540 2032 1542 .
2027 1521 2030 1526 N
2028 1479 2030 1482 ,
2031 1463 2032 1467 Α
2028 1410 2032 1444 .,«,,
2028 1388 2030 1392 .
2028 1326 2030 1341 l.
