2032 3248
10 0 15 151 l

7 175 11 271 ἐ
799 177 959 214 Oratio
984 176 1034 210 ΙΙ.
1069 187 1096 210 e.
1121 176 1224 210 4-6.
1689 181 1764 220 l5l

242 286 449 324 uirtutem:
483 285 661 334 quoniam
695 285 767 324 tibi
799 296 858 323 me
891 284 1077 333 spopondi
1111 282 1257 322 seruire
1289 283 1465 322 omnibus
1496 283 1629 322 diebus
1663 284 1767 323 uitae

241 366 361 403 meae,
385 355 449 403 qui
471 366 607 403 passus
630 366 671 393 es
695 355 764 393 sub
787 354 926 393 Pontio
949 353 1076 393 Pilato
1100 353 1282 402 optimam
1313 353 1606 401 confessionem,
1645 353 1768 392 cruci-

239 425 338 463 fixus
360 425 592 463 descendisti
614 427 653 463 et
675 425 909 464 conculcasti
931 425 1102 463 aculeum
1133 424 1283 471 mortis,
1316 424 1382 471 qui
1416 423 1589 462 dioxisti:
1623 424 1688 462 ubi
1710 427 1768 462 est

240 494 394 533 aculeus
416 495 564 542 mortis,
587 496 653 533 ubi
675 497 735 533 est
756 507 858 534 mors
880 494 946 543 qui
966 494 1169 542 regnabas.
1194 494 1346 532 deuicta
1367 495 1426 532 est
1448 505 1560 542 mors,
1593 493 1768 533 deuictus

210 566 298 604 5est
334 564 511 603 inimicus
549 564 739 613 diabolus,
771 566 815 603 tu
847 564 1095 603 resurrexisti
1126 575 1148 601 a
1166 564 1329 602 mortuis
1353 564 1390 601 et
1412 563 1628 611 apparuisti
1651 563 1767 602 disci-

237 634 341 683 pulis
370 634 469 673 tuis:
503 634 639 673 sedisti
669 636 718 672 ad
753 635 948 673 dexteram
978 633 1116 681 patris,
1149 633 1238 672 inde
1260 634 1445 671 uenturus
1466 633 1637 671 iudicare
1658 633 1768 671 uiuos

238 706 278 742 et
314 706 499 743 mortuos.
532 706 575 742 tu
611 704 736 743 nostri
773 704 1048 752 dominaberis,
1085 703 1208 742 libera
1243 715 1302 741 me
1336 703 1381 742 de
1410 715 1525 742 manu
1547 703 1768 751 quaerentis

238 773 405 812 animam
453 785 588 813 meam.
641 786 709 823 per
753 786 890 813 nomen
936 775 1046 812 tuum
1089 775 1127 811 te
1172 773 1354 822 deprecor
1394 775 1438 812 ut
1479 773 1661 822 optimam
1703 774 1767 811 des

237 843 440 883 uictoriam
462 843 507 881 in
530 844 725 882 inimicum
746 856 893 883 meum:
928 844 1018 892 quia
1038 845 1080 882 tu
1103 855 1144 882 es
1176 845 1312 892 potens
1335 845 1376 881 et
1396 843 1572 881 defensor
1594 844 1633 881 et
1654 844 1768 881 aduo-

190 928 223 953 10
238 914 346 952 catus
368 925 523 961 precum
546 916 585 953 et
605 914 834 962 petitionum
854 915 1074 953 nostrarum
1096 914 1322 952 animarum.
1356 913 1417 951 die
1448 914 1486 951 et
1515 914 1625 952 nocte
1647 913 1768 951 inter-

237 983 359 1032 pelles
388 996 457 1031 pro
487 985 657 1032 peccatis
686 984 793 1032 meis,
833 984 1042 1022 orationem
1071 995 1194 1022 meam
1214 983 1386 1032 perferas
1410 984 1458 1021 ad
1478 984 1625 1032 patrem
1647 984 1767 1022 tuum.

237 1055 275 1092 et
309 1055 365 1101 tu,
395 1054 555 1092 Domine
593 1056 723 1092 sancte
744 1055 867 1102 pater,
906 1054 1075 1103 digneris
1108 1054 1298 1102 respicere
1336 1064 1449 1102 super
1482 1065 1614 1102 preces
1650 1065 1768 1101 meas,

237 1123 337 1162 sicut
374 1124 600 1172 respecxisti
638 1135 752 1173 super
787 1135 946 1163 munera
975 1124 1089 1162 Abel.
1122 1123 1294 1172 digneris
1329 1135 1388 1161 me
1420 1123 1586 1161 liberare
1609 1124 1656 1161 ab
1680 1124 1767 1171 igne

236 1195 275 1231 et
308 1205 429 1242 poena
460 1194 616 1242 perenni
652 1196 690 1232 et
723 1195 771 1233 ab
804 1194 906 1233 omni
947 1196 1136 1233 tormento
1175 1194 1275 1241 quod
1310 1193 1459 1242 parasti
1492 1193 1656 1243 iniquis,
1701 1205 1769 1241 per

189 1280 221 1305 15
236 1263 377 1302 bonum
419 1265 457 1302 et
497 1264 741 1303 benedictum
784 1264 913 1303 Iesum
954 1263 1149 1302 Christum
1192 1264 1425 1303 saluatorem
1461 1265 1659 1311 nostrum,
1701 1276 1769 1312 per

234 1345 347 1381 quem
384 1335 444 1372 est
479 1333 553 1372 tibi
583 1334 704 1372 honor
740 1334 864 1372 uirtus
900 1333 1025 1383 gloria
1072 1334 1112 1372 in
1153 1334 1305 1373 saecula
1349 1334 1600 1373 saeculorum.
1646 1345 1768 1372 amen.

330 1494 349 1528 1
363 1493 538 1528 uirtutem
553 1504 619 1528 om.
636 1493 723 1534 BN,
740 1494 911 1528 uoluntas
925 1494 990 1527 tua
1011 1493 1049 1527 in
1065 1504 1122 1527 me
1139 1493 1204 1527 fiat
1220 1493 1300 1534 Mv,
1319 1494 1489 1527 uoluntas
1508 1485 1566 1539 sps
1584 1484 1638 1528 ses
1655 1494 1694 1528 in
1714 1505 1770 1528 me

233 1553 299 1587 fiat
316 1564 341 1587 n
444 1552 515 1586 tibi
532 1563 588 1587 me
612 1553 651 1595 Y,
668 1563 724 1586 me
740 1552 811 1586 tibi
829 1552 916 1594 BN,
934 1551 1005 1586 tibi
1022 1552 1120 1587 an
1227 1552 1484 1597 exspopondidi
1507 1553 1541 1585 Y
1637 1554 1770 1587 seruire

234 1623 301 1646 om.
331 1611 505 1646 BMNnv
637 1611 659 1645 2
685 1611 733 1656 es]
760 1612 814 1645 est
845 1611 878 1644 Y
1002 1610 1140 1655 optima
1170 1611 1207 1652 Y,
1233 1610 1364 1645 bonam
1390 1610 1564 1645 BMNnv
1689 1621 1769 1645 con-

234 1669 389 1704 fessione
420 1670 457 1710 Y,
486 1669 725 1704 confessionis
753 1669 789 1703 B
1003 1669 1065 1713 qui
1091 1668 1278 1703 crucifixus
1303 1668 1375 1710 Nv,
1402 1668 1588 1703 crucifixus
1615 1679 1651 1703 es
1678 1669 1727 1703 M

233 1728 255 1763 3
281 1728 343 1773 qui
369 1727 517 1762 dicxisti
533 1755 539 1762 .
556 1754 586 1761 ..
622 1727 800 1772 regnabat
825 1738 890 1762 om.
919 1727 978 1763 Rv
1151 1726 1174 1761 4
1200 1727 1362 1761 aculeum
1387 1727 1516 1762 mortis
1543 1739 1576 1761 u.
1603 1738 1632 1763 e.
1658 1739 1705 1763 m.
1734 1739 1766 1772 q.

232 1786 408 1831 regnabas
440 1787 478 1828 Y,
503 1797 598 1820 mors
624 1787 661 1820 et
686 1785 749 1820 ubi
775 1787 830 1820 est
856 1786 998 1820 aculeus
1024 1786 1098 1820 eius
1122 1786 1172 1829 N,
1213 1786 1275 1829 qui
1307 1785 1483 1830 regnabat
1515 1785 1579 1820 ubi
1605 1788 1660 1820 est
1685 1797 1766 1820 acu-

234 1845 310 1879 leus
336 1844 464 1879 mortis
491 1856 529 1886 n,
555 1843 704 1888 aquleus
730 1844 859 1878 mortis
885 1845 934 1879 M
1081 1844 1179 1879 uicta
1205 1844 1285 1880 BN
1423 1844 1445 1879 5
1470 1844 1625 1888 paruisti
1650 1845 1721 1878 Mn

234 1903 424 1947 discipulis
456 1904 523 1945 Yn,
551 1902 724 1947 apostolis
749 1902 898 1938 BMNv
1041 1902 1062 1936 6
1088 1903 1186 1937 sedes
1211 1903 1281 1938 Mv
1421 1902 1503 1937 inde
1534 1903 1571 1945 Y,
1599 1903 1660 1946 qui
1685 1903 1763 1944 Mo,

233 1972 300 1996 om.
328 1961 434 1996 BNn
576 1962 750 1995 uenturus
779 1971 812 1995 es
838 1961 906 1996 Μυ
1057 1962 1075 1996 7
1101 1961 1217 1995 nostri
1243 1972 1310 1996 om.
1337 1962 1432 1997 IVInv
1574 1960 1757 1995 libera...

233 2020 305 2055 158
329 2021 432 2053 tuum
459 2030 527 2056 om.
555 2031 582 2054 ‘n
782 2021 992 2063 quaerentes
1019 2020 1138 2054 anima
1162 2031 1241 2054 mea
1271 2020 1304 2053 Y
1491 2020 1513 2053 8
1538 2022 1575 2053 te
1600 2018 1766 2064 deprecor

234 2078 355 2121 BNY,
381 2077 495 2112 libera
520 2089 575 2112 me
601 2077 645 2112 ab
672 2078 877 2112 aduersaria
901 2080 1081 2123 potestate
1108 2080 1223 2123 (parte
1248 2079 1310 2123 M)
1337 2079 1434 2114 an
1544 2080 1682 2124 optima
1708 2079 1767 2113 des

232 2136 424 2171 uictoriam
449 2137 487 2178 Y,
507 2147 651 2181 operam
669 2136 729 2171 des
747 2136 913 2171 uincendi
932 2137 1106 2172 BMNnv
1201 2139 1222 2173 9
1241 2138 1279 2171 in
1296 2137 1429 2172 addidi
1516 2138 1601 2181 quia
1623 2139 1661 2179 Y,
1680 2148 1765 2182 quo-

233 2195 331 2229 niam
357 2194 531 2230 BMNnv
649 2197 775 2240 potens
802 2206 868 2231 om.
895 2207 921 2230 η
1041 2197 1076 2230 et
1101 2196 1266 2231 defensor
1296 2197 1333 2238 Y,
1361 2196 1517 2231 assertor
1543 2196 1719 2232 BMNnv

234 2253 278 2287 10
302 2264 445 2298 precum
461 2280 468 2287 .
485 2281 491 2287 .
508 2280 515 2287 .
548 2254 703 2297 peccatis
729 2255 818 2288 meis
845 2265 912 2289 om.
944 2255 975 2287 Y
1092 2255 1293 2289 animarum
1318 2266 1385 2291 om.
1412 2267 1439 2290 n
1557 2255 1605 2299 et]
1633 2266 1673 2289 ac
1700 2267 1720 2290 v

234 2310 512 2356 interpelles...
546 2311 708 2356 digneris
733 2323 798 2347 om.
827 2312 910 2348 BN
1087 2314 1130 2347 12
1156 2315 1192 2347 et
1217 2314 1243 2347 t.
1271 2313 1303 2348 d.
1332 2325 1359 2347 s.
1385 2314 1488 2358 pater
1514 2323 1581 2348 om.
1608 2313 1655 2347 M
1663 2314 1718 2348 Yn

233 2360 300 2403 dfie
326 2370 462 2413 respice
489 2369 572 2405 BN
748 2370 864 2415 super]
892 2370 936 2405 ad
964 2371 1051 2416 BN,
1079 2371 1117 2405 in
1143 2382 1167 2405 n
1348 2371 1511 2415 precibus
1537 2371 1627 2405 meis
1652 2373 1718 2406 Mn

234 2428 278 2462 13
302 2428 524 2473 respecxisti]
554 2428 725 2473 respirem
753 2439 776 2462 n
871 2440 999 2473 super.
1017 2456 1045 2462 ..
1063 2429 1218 2464 liberare
1244 2440 1310 2464 om.
1338 2442 1365 2464 n
1459 2430 1667 2465 muneribus
1691 2432 1723 2463 Y

233 2485 324 2530 abel]
352 2486 437 2521 add.
465 2486 562 2522 BN:
589 2488 631 2520 ut
657 2486 854 2521 orationem
879 2498 995 2521 meam
1022 2487 1175 2532 accipias
1277 2488 1399 2532 ignem
1423 2488 1496 2530 Μ’,
1523 2479 1667 2534 omigne
1691 2500 1717 2523 n

233 2544 279 2578 14
302 2555 492 2589 perennem
517 2545 565 2579 M
571 2545 581 2562 ¹
786 2546 823 2579 et
848 2545 893 2579 ab
909 2572 916 2579 .
933 2572 962 2579 ..
997 2546 1018 2580 Z.
1045 2547 1090 2580 15
1115 2547 1277 2580 nostrum
1303 2557 1368 2580 om.
1401 2547 1434 2579 Y
1626 2547 1762 2591 iniquis

234 2603 269 2635 et
295 2602 418 2647 impiis
444 2602 523 2637 BN
662 2603 706 2637 15
731 2613 793 2647 per
819 2604 935 2648 quem]
964 2603 1021 2638 cui
1045 2605 1073 2637 Y
1215 2604 1258 2638 16
1283 2604 1353 2638 tibi
1380 2604 1434 2638 est
1452 2604 1508 2646 M,
1534 2604 1605 2639 tibi
1629 2605 1710 2639 laus
1730 2617 1762 2648 v,

234 2661 289 2693 est
319 2661 352 2693 Y
479 2660 592 2695 honor
619 2660 735 2695 uirtus
760 2660 879 2706 gloria
904 2661 953 2706 in]
981 2662 1094 2696 honor
1120 2663 1155 2696 et
1181 2662 1299 2706 gloria
1324 2662 1515 2707 imperium
1540 2664 1576 2696 et
1599 2664 1761 2707 potestas

232 2728 325 2752 nune
358 2719 394 2752 et
425 2728 488 2762 per
520 2719 641 2752 omnia
679 2720 716 2753 Y.
754 2740 798 2744 —
837 2719 996 2764 Explicit
1028 2720 1141 2754 oratio
1175 2710 1240 2764 (sc‘i
1271 2719 1356 2755 add.
1396 2721 1440 2764 Y)
1475 2720 1645 2765 Cypriani
1676 2721 1759 2762 MY,

233 2776 359 2810 Oratio
387 2775 548 2820 Cipriani
574 2777 722 2821 explicit
747 2776 903 2811 feliciter
929 2777 1014 2820 BN,
1042 2789 1107 2812 om.
1135 2789 1171 2812 n.
1199 2799 1242 2802 ——
