2032 3248
390 247 471 277 XIV

382 338 621 391 praecipua
642 338 794 379 ueteris
814 337 1050 391 scripturae
1072 337 1341 389 liniamenta,
1364 338 1415 380 ab
1437 338 1574 391 ipsius
1594 338 1792 381 Auctoris
1813 340 1907 382 stilo

389 415 560 454 seruata
593 412 775 466 fideliter
805 413 854 454 in
886 413 1055 466 optimis
1090 413 1409 466 exemplaribus,
1458 413 1683 455 Veronensi
1714 417 1750 455 et
1771 414 1906 456 Bene-

389 490 585 539 uentano,
624 487 787 529 collatis
821 487 922 529 olini
957 502 985 529 a
1015 488 1223 531 Marcello
1245 488 1338 530 PP.
1375 491 1412 531 et
1446 488 1637 530 Antonio
1665 489 1907 544 Auyustino

390 560 600 614 Episcopo
633 565 733 604 tunc
769 562 992 616 Allifano:
1032 576 1138 615 quae
1174 563 1223 604 in
1261 561 1472 616 Cypriani
1506 563 1732 616 uolumine,
1773 577 1907 606 manu

390 636 674 678 illustrissimi
704 639 741 679 et
773 637 1115 679 reucrendissirni
1148 637 1389 679 ,Tolosatuni
1416 638 1733 692 Archicpiscopi
1763 638 1908 681 Caroli

392 711 635 754 Monchalli
656 746 662 753 .
685 747 691 753 .
712 745 721 754 .
739 725 905 754 sumnia
926 712 1164 767 diliyentia,
1187 726 1354 754 sumnia
1372 713 1454 767 fide
1470 713 1691 766 descripta,
1707 717 1906 766 perpetuo

390 786 507 828 nobis
537 787 635 828 usui
665 787 783 840 fuere
813 786 882 843 (cf.
909 772 1007 829 0st
1026 801 1065 841 p.
1092 785 1208 844 144).
1240 787 1305 829 his
1340 787 1478 829 uerbis
1511 788 1742 830 cauendum
1775 788 1837 829 est
1857 801 1907 830 ne

391 861 568 903 conicias
609 862 782 904 alteram
820 862 1068 904 Veronensis
1108 862 1207 904 libri
1244 863 1285 904 et
1320 862 1603 904 Beneuentani
1644 862 1906 904 collationem

391 935 518 977 fuisse
557 948 636 989 qua
669 936 880 991 Rigaltius
918 937 1125 979 utebatur.
1165 936 1252 991 ipse
1289 936 1399 978 enim
1434 936 1477 978 in
1499 936 1723 978 Adolenclis
1752 950 1790 990 p.
1822 937 1908 979 5234

391 1010 591 1053 retractat
619 1023 720 1064 quae
742 1012 784 1052 in
809 1010 1178 1053 Obseruationibus
1206 1012 1422 1054 docuerat:
1454 1011 1594 1054 Paulo
1609 1015 1703 1064 post
1725 1011 1907 1053 manda-

391 1087 479 1125 tam
500 1085 611 1138 typis
635 1084 982 1138 Obseruationern,
1011 1086 1113 1127 duni
1132 1086 1270 1128 sciolia
1290 1099 1380 1128 inea
1400 1087 1506 1140 forte
1526 1090 1752 1128 excuterem
1772 1087 1908 1128 eurio-

391 1160 491 1212 sius,
522 1160 775 1213 deprehendi
802 1162 963 1215 factarn
983 1175 1011 1202 a
1034 1160 1241 1203 Dlarcello
1263 1161 1390 1214 Papa
1420 1161 1552 1203 trium
1575 1161 1760 1203 codicum
1793 1161 1908 1203 Vati-

391 1248 594 1277 canorum
626 1235 901 1286 collationem,
936 1249 1030 1278 cuni
1061 1235 1198 1278 aclliuc
1229 1238 1327 1278 esset
1359 1250 1407 1278 ac
1437 1236 1643 1278 (liceretur
1673 1235 1908 1278 Marcellus

394 1309 603 1352 Geruinus
634 1310 909 1352 C'ardinalis:
945 1310 1207 1352 collationem
1240 1324 1338 1352 uero
1374 1311 1628 1364 exemplaris
1659 1310 1908 1353 Veronensis

392 1398 420 1425 a
441 1384 600 1426 Latino
629 1384 829 1426 Latinio:
864 1385 1161 1427 Beneuentani
1190 1386 1241 1427 ab
1269 1386 1373 1428 Ant.
1404 1385 1659 1440 Auyustino,
1695 1388 1794 1427 tunc
1822 1385 1907 1437 epi-

394 1472 510 1511 scopo
531 1459 746 1512 Allifano,
776 1459 940 1502 fallitur
962 1460 1012 1502 de
1033 1461 1109 1503 hac
1130 1461 1310 1515 Rigaltii
1332 1461 1590 1514 supellectile
1614 1460 1757 1502 critica
1777 1460 1906 1502 Balu-

394 1534 494 1584 zius,
518 1547 612 1575 cum
630 1535 799 1576 eandem
816 1533 899 1576 fere
916 1534 1039 1587 atque
1058 1534 1144 1587 ipse
1161 1535 1340 1576 habebat
1360 1535 1485 1576 illum
1501 1534 1694 1576 habuisse
1711 1535 1823 1576 dicat
1838 1535 1907 1587 (ad

396 1608 515 1662 epist.
534 1608 598 1659 10,
618 1621 650 1650 c.
665 1608 723 1662 4).
741 1621 838 1650 nam
850 1608 1147 1650 Vaticanorum
1160 1609 1276 1650 nulla
1293 1609 1354 1650 est
1370 1609 1478 1661 apud
1492 1609 1726 1663 Rigaltium
1738 1609 1906 1650 mentio.

395 1682 529 1737 magis
569 1683 695 1725 etiam
734 1682 911 1733 fallitur,
952 1695 1046 1724 cum
1079 1683 1130 1724 ad
1162 1683 1280 1736 epist.
1317 1683 1367 1725 16
1398 1683 1634 1737 Rigaltium
1666 1683 1906 1736 quandoque

395 1758 550 1800 librum
563 1758 838 1800 Veronensem
854 1770 926 1811 pro
944 1757 1123 1799 editione
1137 1758 1379 1799 Manutiana
1395 1758 1565 1800 laudare
1586 1758 1795 1811 opinetur3
1813 1771 1909 1799 nam

397 1846 444 1874 ex
465 1833 693 1874 conlatione
716 1833 796 1874 sibi
818 1832 867 1874 de
890 1833 1106 1886 scripturis
1129 1833 1216 1874 eius
1239 1845 1332 1874 curn
1349 1832 1592 1874 Manutiana
1616 1832 1909 1874 consentienti-

396 1907 473 1949 bus
503 1908 687 1949 constare
708 1908 797 1962 ipse
820 1907 982 1961 saepius
1005 1908 1214 1950 asseuerat
1235 1908 1352 1949 uelut
1373 1908 1416 1949 in
1438 1908 1595 1950 obseru.
1620 1907 1672 1949 ad
1695 1907 1812 1960 epist.
1836 1907 1904 1948 52.

397 1982 491 2023 inde
512 1982 597 2023 iam
613 1981 829 2036 apparebit
848 1983 898 2024 ad
916 1982 1014 2023 libri
1036 1982 1242 2036 deperditi
1263 1983 1489 2036 scripturas
1512 1982 1767 2036 colligendas
1789 1994 1907 2035 prae-

396 2056 460 2098 ter
481 2055 753 2110 Gottingense
784 2057 992 2111 exemplar
1019 2057 1196 2112 Rigaltii
1225 2059 1344 2099 notas
1374 2057 1547 2099 maximi
1579 2069 1665 2098 esse
1695 2056 1908 2108 momenti,

397 2130 643 2183 praesertim
674 2144 769 2172 cum
790 2131 834 2173 in
854 2131 1108 2185 proferendis
1138 2131 1392 2173 testimoniis
1423 2144 1586 2173 summa
1617 2131 1697 2172 fide
1719 2131 1906 2172 uersatus

397 2218 502 2258 quae
530 2205 668 2247 minus
698 2206 807 2247 certe
839 2206 918 2248 sibi
940 2206 1182 2248 uiderentur
1204 2207 1394 2248 accurate
1416 2206 1729 2260 significauerit.
1762 2205 1814 2246 ad
1835 2205 1908 2246 hos

397 2279 531 2321 fontes
561 2280 717 2321 accedit
748 2280 873 2321 editio
895 2279 1147 2322 Oxoniensis.
1183 2280 1371 2334 episcopo
1401 2280 1511 2321 enirn
1535 2279 1754 2321 Oxoniensi
1784 2278 1909 2319 colla-

397 2354 527 2395 tiones
556 2354 716 2406 aliquot
748 2354 933 2395 coelicum
975 2353 1290 2404 Vaticanoruni,
1339 2354 1585 2395 Veronensis
1615 2353 1759 2394 itidem
1790 2355 1912 2405 atque

398 2429 695 2470 Beneuentani
732 2442 803 2470 nec
840 2441 925 2469 non
962 2427 1090 2481 Rcyis
1127 2427 1311 2478 Galliac,
1353 2428 1489 2469 studio
1530 2426 1780 2468 amicissimi
1820 2427 1910 2467 uiri

398 2503 559 2544 domini
600 2503 769 2544 Roberti
811 2502 948 2557 Riyby
996 2503 1179 2555 perlatae
1225 2503 1387 2556 praesto
1434 2502 1612 2543 fuerunt.
1670 2501 1909 2543 Veronensis

399 2577 622 2630 scripturas
652 2578 818 2631 quaein
846 2577 922 2619 hoc
950 2577 1151 2630 apparatu
1181 2578 1398 2618 occurrunt
1430 2589 1593 2618 summa
1624 2575 1810 2617 cautione
1832 2574 1906 2616 ad-

400 2651 530 2702 hibui,
559 2652 778 2694 nonnullas
809 2652 881 2693 ubi
913 2665 1024 2693 error
1054 2651 1141 2693 erat
1171 2650 1416 2693 manifestus
1446 2650 1580 2699 reieci,
1616 2650 1830 2704 conplures
1859 2650 1907 2691 ut

401 2725 647 2778 suspiciosas
669 2727 811 2768 addito
831 2729 916 2767 test.
944 2725 1075 2767 Oxon.
1099 2725 1239 2767 citaui.

457 2800 519 2841 Ex
538 2801 602 2842 his
633 2801 764 2855 igitur
798 2801 982 2843 fontibus
1016 2813 1116 2854 quos
1150 2800 1347 2855 descripsi
1378 2800 1600 2855 diligenter
1634 2800 1813 2842 excussis
1845 2799 1908 2840 tot

401 2874 517 2927 potui
547 2875 697 2917 codicis
726 2875 967 2917 testimonia
996 2888 1220 2928 proponere
1242 2876 1288 2916 ut
1311 2874 1546 2927 deperditus
1576 2886 1701 2928 paene
1722 2873 1906 2927 repertus
