2032 3248
331 269 417 312 330

332 384 452 420 ludere
477 384 515 418 in
540 383 666 419 uacuis
691 383 883 418 inanitatis
908 382 1090 418 erroribus

377 442 456 487 239,
475 442 515 477 11

330 500 437 536 ludus
474 499 530 534 est
567 498 766 543 confingere
800 497 943 541 224,14
981 497 1087 533 ludus

377 561 432 593 est
449 559 485 592 et
501 556 649 601 puerilis
666 555 815 591 adfectio
839 555 991 590 formare
1009 555 1087 600 225,

379 616 422 651 16
459 617 585 651 ludum
604 615 710 659 atque
727 613 881 658 ineptias
904 613 1088 648 nominare

376 675 433 718 99,
452 674 494 708 19
519 674 661 709 exilitas
686 673 722 706 et
746 671 852 705 ludus
877 671 933 714 31,
953 671 996 705 12

330 733 377 768 ad
401 733 523 767 lumen
549 731 689 766 euolare
707 730 782 772 111,
799 730 821 764 9
846 739 908 763 suo
927 728 1005 772 geri
1021 728 1086 762 sub

375 790 511 826 lumine
536 789 591 832 28,
612 789 654 823 17
691 787 783 833 quod
808 787 917 821 situm
942 786 1009 821 sub
1034 787 1087 822 lu-

375 849 472 883 mine
505 848 558 882 est
585 846 700 888 16,12
747 844 896 879 luminis
929 844 985 878 sui
1009 854 1087 888 spo-

376 906 525 941 liatione
550 905 629 948 276,
648 904 688 938 11
726 902 764 937 in
787 901 924 937 lumine
948 902 1086 947 positus

375 963 595 1008 cognitionis
620 960 752 996 incedit
775 961 832 1004 88,
848 960 893 995 23

329 1023 446 1058 luteae
470 1021 674 1064 uoluptates
701 1019 777 1060 146,
795 1019 837 1053 21
863 1017 948 1052 uilis
973 1017 1086 1051 lutea-

375 1091 442 1125 que
466 1088 617 1124 persona
642 1077 719 1120 193,
741 1076 783 1111 18

329 1138 368 1173 in
393 1137 551 1181 aliquam
574 1136 689 1170 lucem
715 1133 909 1168 communis
943 1132 1085 1167 intelle-

375 1196 518 1241 gentiae
542 1193 684 1238 perduci
711 1191 787 1234 144,
804 1191 848 1225 26

328 1253 487 1289 luxuriae
512 1263 551 1286 ac
577 1250 669 1285 uitia
691 1249 747 1291 44,
768 1248 813 1283 22

327 1309 594 1347 luxuriantium
619 1308 824 1342 litterarum
848 1315 999 1340 coercere
1024 1315 1084 1339 au-

380 1369 516 1405 daciam
544 1366 619 1409 168,
637 1366 659 1401 8

329 1540 566 1577 maceratione
590 1537 831 1573 diffluentium
848 1536 1022 1570 uiscerum
1039 1534 1084 1568 ad

375 1599 543 1633 ultimam
561 1597 678 1631 tabem
697 1593 856 1630 consumi
882 1593 958 1636 170,
974 1592 1017 1627 15

328 1656 527 1692 machinari
558 1655 663 1689 noxia
697 1653 814 1688 labem
849 1651 887 1685 in
922 1650 1085 1684 mutuam

373 1715 428 1757 83,
446 1715 469 1749 8

328 1771 513 1807 macilenti
540 1771 615 1813 121,
633 1770 676 1804 21

328 1829 547 1866 mactatione
584 1826 811 1862 innoxiorum
847 1821 1085 1859 animantium

373 1886 503 1923 laetari
520 1885 598 1929 240,
618 1885 659 1920 19
701 1883 866 1918 caedibus
892 1882 928 1916 et
952 1881 1084 1915 macta-

373 1945 535 1979 tionibus
552 1943 752 1978 hostiarum
770 1939 932 1986 gaudere,
957 1938 1084 1974 laetari

374 2002 452 2045 270,
470 2002 492 2037 3

328 2061 485 2095 mactare
502 2058 668 2093 fanorum
685 2057 946 2092 consecratione
969 2054 1024 2098 27,
1041 2054 1084 2089 18

374 2116 653 2151 inmortalitatis
671 2114 876 2150 condicione
902 2114 1083 2148 mactatus

375 2175 428 2218 71,
448 2175 491 2209 14

329 2232 506 2266 madidati
531 2246 575 2262 =
602 2230 693 2265 ebrii
720 2229 795 2271 174,
813 2230 835 2264 5

327 2290 453 2324 mador
475 2288 620 2324 telluris
645 2287 722 2330 209,
739 2287 785 2322 24

328 2346 447 2391 magis
471 2362 515 2377 =
535 2346 662 2390 potius
689 2346 741 2388 19,
760 2345 815 2380 24.
855 2344 910 2386 39,
930 2343 984 2377 10.
1025 2341 1081 2384 49,

373 2405 405 2439 9.
431 2404 487 2447 88,
503 2404 534 2439 8.
564 2403 642 2444 165,
659 2402 706 2437 30

329 2461 537 2505 magisterio
551 2462 694 2495 sanctae
711 2458 920 2494 diuinitatis
936 2457 1081 2491 adiutus

371 2518 449 2560 201,
470 2518 512 2553 18
551 2517 760 2562 magisteria
784 2516 838 2558 50,
864 2515 909 2550 26
949 2514 1081 2559 magis-

372 2576 475 2610 teriis
530 2575 703 2609 artium..
720 2573 876 2608 ‚erudita
924 2572 1007 2613 132,
1037 2571 1082 2605 24

375 2633 522 2667 remotis
540 2632 758 2676 magisteriis
781 2632 985 2665 litterarum
1004 2628 1079 2671 156,

371 2690 394 2724 4
434 2689 654 2734 magisteriis
678 2688 828 2723 alicuius
862 2688 1017 2732 accipere
1041 2697 1080 2721 ac

372 2746 512 2791 legibus
538 2758 618 2782 cum
642 2747 712 2790 inf.
738 2746 771 2788 8,
788 2746 808 2780 7

327 2805 585 2849 magistratum
611 2803 762 2848 collegia
788 2802 864 2844 169,
881 2802 926 2837 27

327 2861 594 2907 magnitudines
619 2863 840 2895 ueretrorum
863 2860 942 2903 236,
959 2859 1005 2893 20

327 2918 465 2964 aliquid
483 2918 689 2953 diuinitatis
712 2917 981 2964 maiestatisque
997 2918 1077 2964 227,

1048 268 1187 303 Index

1200 383 1243 418 13
1267 383 1413 418 deorum
1438 384 1630 430 indignum
1654 386 1904 422 maiestatibus

1198 440 1273 483 167,
1290 440 1336 475 20

1151 497 1300 533 maioris
1324 499 1488 544 potentia
1515 501 1569 544 98,
1590 501 1633 536 10

1151 555 1361 591 maledicere
1386 567 1414 592 c.
1432 568 1505 593 acc.
1531 558 1585 601 84,
1606 559 1649 594 15

1151 614 1353 649 maleficum
1377 624 1525 659 gramen
1549 616 1604 658 36,
1622 617 1645 651 2

1151 672 1415 708 maletractatio
1450 673 1525 716 159,
1539 673 1584 708 25
1619 674 1766 709 deorum
1798 673 1905 709 male-

1197 731 1369 766 tractatio
1396 731 1471 773 167,
1492 732 1535 767 15

1151 789 1373 824 malitiarum
1398 799 1533 824 uenena
1557 789 1611 833 79,
1628 788 1674 824 20

1151 857 1347 881 mammosa
1371 845 1473 881 Ceres
1498 846 1632 889 118,18

1151 916 1228 948 usu,
1268 915 1340 939 non
1381 904 1558 949 mancipio
1597 905 1735 940 tradere
1776 906 1830 949 70,
1859 906 1905 941 20

1196 962 1428 1007 possessionis
1442 972 1525 996 suae
1537 963 1715 1007 mancipio
1726 963 1906 998 uindicare

1195 1020 1251 1063 47,
1271 1020 1313 1056 15

1151 1077 1277 1112 dedere
1314 1079 1349 1112 et
1385 1078 1588 1123 mancipare
1624 1089 1659 1113 se
1683 1078 1748 1113 deo
1784 1078 1841 1121 74,
1862 1079 1904 1114 19

1198 1136 1385 1171 seruitutis
1417 1137 1614 1181 opprimere
1636 1137 1672 1170 et
1703 1136 1905 1181 mancipare

1196 1193 1282 1238 iugo
1309 1194 1362 1237 79,
1380 1194 1424 1229 26
1448 1193 1780 1238 perturbationibus
1804 1205 1904 1228 man-

1198 1252 1338 1296 cipatus
1373 1251 1451 1293 215,
1478 1251 1520 1286 16
1560 1253 1758 1288 animorum
1790 1253 1904 1289 adfec-

1196 1310 1297 1344 tibus
1314 1309 1519 1354 mancipata
1536 1311 1642 1355 atque
1661 1311 1811 1346 obnoxia
1824 1311 1903 1355 269,

1197 1367 1239 1402 31

1151 1426 1190 1460 in
1226 1424 1394 1460 manibus
1430 1425 1534 1460 nobis
1558 1425 1759 1461 hostiarum
1791 1437 1902 1462 sermo

1197 1485 1361 1518 uersatur
1386 1483 1501 1525 252,1
1542 1494 1705 1528 praesens
1731 1486 1838 1529 atque
1863 1485 1901 1519 in

1196 1540 1361 1575 manibus
1386 1540 1503 1584 posita
1527 1540 1737 1586 disceptatio
1762 1542 1794 1586 8,
1813 1542 1859 1577 24

1150 1609 1304 1633 marcere
1329 1598 1466 1632 deliciis
1491 1598 1545 1640 73,
1566 1599 1604 1633 11

1150 1655 1324 1690 Martium
1350 1655 1539 1690 discrimen
1564 1656 1662 1691 obire
1690 1657 1765 1699 102,
1783 1657 1829 1692 20

1151 1713 1204 1747 dii
1239 1724 1352 1747 mares
1392 1713 1470 1756 252,
1495 1713 1550 1748 21.
1591 1714 1668 1758 253,
1695 1715 1717 1749 5
1764 1715 1902 1749 hostiae

1196 1781 1310 1805 mares
1334 1771 1413 1813 252,
1431 1771 1487 1808 22,
1511 1771 1590 1816 253,
1607 1771 1629 1806 5
1662 1782 1764 1807 sexus
1787 1783 1901 1807 mares

1196 1830 1272 1872 163,
1291 1830 1332 1864 17

1149 1888 1345 1922 masculum
1371 1888 1457 1921 thus
1482 1888 1558 1929 262,
1577 1888 1618 1921 21

1150 1956 1213 1990 pro
1238 1944 1408 1979 suauibus
1432 1945 1597 1980 mateolis
1622 1944 1700 1985 259,
1724 1944 1766 1979 12

1151 2002 1424 2037 materfamilias
1449 2002 1521 2037 uiri
1546 2002 1664 2036 Troici
1688 2002 1744 2044 23,
1763 2002 1809 2036 20

1150 2062 1339 2096 materiam
1365 2060 1511 2094 carceris
1529 2060 1766 2094 comminuere
1785 2059 1860 2101 111,
1880 2060 1896 2093 1

1197 2118 1385 2152 derisionis·
1410 2118 1448 2151 in
1473 2117 1660 2151 materiam
1684 2117 1821 2160 267,10

1149 2176 1420 2210 matrimonium
1445 2176 1563 2209 tenere
1589 2174 1726 2216 133,18
1811 2209 1815 2214 ,

1149 2244 1251 2278 poma
1268 2232 1494 2278 perfectionis
1511 2232 1674 2276 propriae
1691 2231 1900 2266 maturitate

1194 2290 1371 2335 completa
1397 2290 1472 2333 185,
1490 2290 1512 2324 3

1148 2349 1186 2382 in
1211 2348 1471 2382 maximitatem
1497 2359 1533 2382 se
1549 2346 1737 2391 producere
1761 2346 1840 2388 230,
1854 2346 1900 2381 20

1148 2405 1513 2449 medietas=aneeps
1526 2409 1664 2439 natura
1678 2405 1729 2446 73,
1740 2404 1796 2439 28.
1814 2403 1898 2448 74,7

1147 2463 1339 2498 mediocres
1364 2463 1524 2497 familiae
1546 2463 1602 2506 86,
1620 2463 1641 2497 6

1146 2525 1224 2565 pro.
1240 2521 1524 2555 ..mediocritate
1550 2521 1719 2555 sermonis
1744 2520 1775 2563 3,
1792 2520 1814 2555 9

1146 2580 1188 2613 ut
1226 2578 1452 2613 mediocriter
1487 2578 1626 2612 dicatur
1665 2577 1743 2620 210,
1765 2577 1810 2611 20
1857 2577 1897 2611 ut

1192 2635 1415 2670 mediocriter
1440 2636 1668 2680 pronuntiem
1694 2634 1772 2676 255,
1790 2633 1836 2668 22

1145 2694 1184 2727 in
1209 2692 1300 2727 aeris
1336 2693 1402 2727 hoc
1437 2692 1553 2727 medio
1583 2693 1638 2735 94,
1655 2693 1700 2727 22
1739 2691 1897 2726 ciborum

1189 2750 1315 2785 mediis
1339 2750 1379 2784 in
1403 2751 1592 2795 generibus
1618 2750 1816 2784 constituta
1839 2749 1896 2792 95,

1189 2807 1234 2842 22
1257 2807 1391 2842 mediae
1415 2809 1563 2842 naturae
1589 2807 1641 2851 77,
1661 2808 1704 2842 12
1740 2807 1896 2852 qualitas

1190 2864 1305 2899 media
1329 2864 1384 2909 59,
1404 2865 1458 2901 13.
1488 2865 1540 2908 76,
1555 2865 1588 2899 2.
1608 2864 1661 2901 13.
1681 2864 1732 2901 16.
1768 2864 1822 2907 77,
1842 2865 1895 2898 11.

1189 2922 1244 2965 89,
1258 2922 1303 2957 25
