2032 3248
359 201 491 230 LXXII

358 291 541 333 alicuius
569 292 929 345 iuterpretameuti
951 295 1124 345 propter
1152 292 1393 344 tyrunculos
1419 293 1618 345 quosdam
1642 293 1861 335 literariae

355 366 576 419 facultatis
593 366 779 420 iudiyere
795 367 982 421 erederet,
1006 369 1046 409 et
1062 367 1240 409 indicem
1257 367 1447 409 subiecit.
1471 368 1718 422 exemplaria
1734 368 1859 411 huius

359 441 551 483 editionis
580 454 659 483 non
688 454 773 483 esse
803 454 894 483 rara
915 441 1181 483 Audiffredus
1204 441 1452 497 (C'ataloyus
1479 442 1861 484 historico—criticus

356 515 653 557 Romanarum
683 516 914 557 editionum
947 529 1048 558 saec.
1077 515 1175 557 XV
1197 529 1235 569 p.
1261 517 1360 571 140)
1394 517 1532 567 docet3
1567 517 1656 571 ipse
1688 517 1860 559 adhibui

357 590 464 644 quod
486 591 528 632 in
550 591 799 633 bibliotheca
815 591 1121 633 Vindobonensi
1143 592 1378 633 asseruatur
1399 592 1506 646 sign.
1529 593 1567 634 5.
1584 593 1634 634 D.
1656 592 1721 634 19.
1744 604 1859 633 mera

138 674 235 701 Editio
250 674 342 700 vene·
356 665 548 707 editionis
569 666 766 720 principis
788 666 979 719 repetitio
1001 666 1064 708 est
1085 678 1131 708 ea
1150 678 1251 719 quae
1273 666 1415 708 eodem
1438 677 1540 707 anno
1555 666 1740 708 Venetiis
1762 678 1859 721 pro-

163 721 193 748 ἢ
206 722 323 747 '2'1471'
357 739 449 791 diit,
474 741 590 782 cuius
607 741 650 782 in
666 740 744 782 fine
765 741 943 796 legitur:
966 740 1175 793 Loquitur
1191 740 1312 782 lector
1327 741 1384 781 ud
1407 740 1682 782 Viudeliuum
1698 742 1860 793 spiren-

355 827 438 856 sem
469 815 686 868 Artificem
717 816 790 867 qui
819 815 1037 868 Epistolas
1071 815 1201 856 Beati
1231 814 1442 868 Cypriani
1476 815 1613 856 reddit
1647 817 1696 857 iu
1730 816 1861 857 lucem

357 889 420 931 M.
446 888 597 932 CCCC.
622 889 792 931 LXXI
797 905 809 941 ;
837 890 945 932 unde
973 890 1076 932 miro
1107 902 1237 932 errore
1266 890 1348 932 uiri
1379 890 1490 932 docti
1515 902 1606 932 eam
1628 889 1861 944 Spirensem

356 964 472 1017 quasi
494 963 634 1017 Spirae
665 964 868 1018 prodisset
899 964 1101 1007 dixerunt.
1137 965 1187 1007 ab
1210 965 1388 1007 editione
1419 965 1602 1019 principe
1632 966 1796 1008 nonnisi
1817 966 1860 1008 in

355 1038 476 1080 rebus
507 1039 834 1093 orthographicis
863 1039 1014 1091 differt,
1047 1052 1202 1082 nouum
1230 1040 1401 1082 accessit
1429 1040 1536 1081 nihil
1556 1041 1719 1094 praeter
1739 1053 1858 1082 men-

356 1112 502 1154 dorum
532 1126 751 1155 numerum
779 1114 1188 1169 typographicorum3
1226 1128 1323 1157 nam
1353 1115 1424 1168 qui
1452 1128 1543 1157 eam
1572 1115 1858 1157 correctiorem

355 1188 528 1230 laudant
567 1201 796 1242 numquam
836 1189 1060 1242 inspexisse
1101 1190 1308 1233 uidentur.
1358 1190 1566 1244 exemplar
1606 1190 1860 1232 bibliotheca

139 1269 236 1296 Editio
251 1270 343 1296 Vene-
357 1263 684 1305 Vindobonensis
725 1265 909 1306 asseruat
945 1264 1050 1319 sign.
1084 1265 1123 1306 5.
1157 1265 1207 1306 D.
1245 1265 1309 1307 18.
1350 1265 1461 1307 idem
1496 1265 1609 1307 ualet
1645 1265 1694 1307 de
1731 1265 1862 1307 altera

161 1316 192 1341 ta
205 1324 231 1342 θ’
247 1318 323 1343 1483’
357 1338 513 1380 Veneta
541 1350 576 1379 a.
602 1338 724 1389 1483,
758 1338 874 1381 cuius
903 1339 946 1380 in
976 1339 1086 1381 calce
1116 1340 1271 1381 exstat:
1307 1339 1419 1381 Diui
1445 1339 1620 1382 Caecilii
1647 1339 1862 1392 Cypriani

355 1413 444 1455 uiri
460 1413 720 1455 sanctissimi
735 1416 772 1455 et
788 1413 1114 1466 eloquentissimi
1133 1414 1330 1466 epistolas
1349 1415 1608 1456 exactissime
1629 1415 1860 1468 recognitus

356 1487 494 1529 Lucas
517 1487 692 1530 Venetus
702 1486 920 1529 Domiuiei
935 1488 1053 1542 filius
1067 1488 1192 1529 solita
1208 1488 1434 1543 diliyeutia
1446 1490 1659 1541 impressit
1682 1489 1863 1531 Venetiis

356 1575 472 1604 amco
501 1562 652 1604 salutis
675 1563 739 1603 M.
765 1562 918 1605 CCCC.
940 1562 1211 1605 LXXXIII.
1249 1562 1399 1604 Pridie
1427 1564 1577 1605 Nonas
1604 1563 1859 1605 Decembres.

356 1651 452 1679 nam
483 1637 640 1679 inedita
673 1650 775 1691 quae
803 1637 922 1679 illam
951 1638 1138 1680 exhibere
1166 1638 1407 1680 fabulantur
1435 1639 1549 1680 nulla
1579 1640 1689 1688 sunt,
1724 1638 1861 1680 necin

357 1713 498 1754 ordine
528 1712 600 1754 aut
624 1712 666 1753 in
688 1712 903 1766 scripturis
933 1713 1125 1755 editionis
1145 1713 1354 1755 Romanae
1382 1714 1610 1755 leuissimis
1639 1714 1762 1755 rebus
1791 1726 1860 1755 ex-

358 1787 488 1840 ceptis
505 1787 725 1840 quicquam
741 1788 804 1829 est
819 1788 1042 1829 mutatum.
1061 1788 1132 1830 sed
1146 1787 1321 1843 singulis
1335 1787 1525 1842 epistulis
1538 1787 1776 1840 libellisque
1793 1787 1864 1840 qui

357 1862 511 1915 partim
543 1862 746 1903 tractatus
767 1862 924 1916 partim
946 1874 1149 1904 sermones
1171 1863 1454 1905 inscribuntur
1474 1863 1699 1904 summaria
1720 1861 1863 1904 breuia

358 1937 682 1990 praemittuntur
727 1936 949 1990 eademque
989 1937 1032 1978 in
1072 1937 1261 1979 tabulam
1302 1937 1467 1979 redacta
1507 1939 1600 1990 post
1640 1937 1864 1991 epistulam

357 2012 654 2054 dedicatoriam
689 2012 733 2055 C.
765 2011 814 2052 de
846 2011 897 2052 P.
920 2011 1066 2053 Iacobo
1095 2011 1347 2054 Grasolario
1378 2012 1464 2053 ciui
1495 2014 1637 2053 ueueto
1667 2012 1864 2064 scriptam

358 2087 567 2141 leguntur,
584 2088 677 2140 post
693 2100 740 2129 ea
752 2086 996 2140 Hieronymi
1015 2087 1055 2128 et
1070 2087 1276 2128 Lactantii
1292 2087 1530 2129 testimonia
1547 2087 1596 2128 de
1610 2086 1650 2128 S.
1664 2085 1864 2140 Cypriane

360 2161 521 2204 adiecta
551 2163 659 2204 sunt.
697 2161 903 2215 exemplar
934 2162 1171 2203 asseruatur
1203 2162 1246 2202 in
1277 2161 1528 2203 bibliotheca
1557 2149 1862 2202 Vindobonensi

360 2237 466 2291 sign.
492 2237 556 2278 16.
577 2237 621 2278 F.
644 2238 682 2279 9.
713 2236 880 2278 maioris
914 2237 1113 2278 momenti
1144 2237 1240 2278 sunt
1272 2236 1470 2278 editiones
1500 2237 1603 2278 duae
1633 2249 1664 2277 s.
1687 2235 1714 2276 1.
1746 2236 1787 2276 et
1809 2248 1859 2286 a.‚

139 2324 240 2352 Editio
257 2326 344 2352 Mem-
359 2324 534 2364 quarum
551 2324 675 2353 unam
693 2311 800 2353 circa
818 2324 972 2352 annum
991 2311 1098 2352 1477
1117 2310 1226 2365 apud
1240 2310 1462 2353 Albertum
1473 2311 1622 2352 Kunne
1637 2310 1687 2352 de
1699 2310 1862 2351 Duder-

157 2370 327 2405 mi¹²³⁰¹²⁵i³‘
359 2386 471 2428 stadt
500 2385 869 2439 Memmingensem
901 2385 1146 2437 impressam
1177 2397 1262 2427 esse
1291 2385 1448 2427 Panzer
1478 2384 1662 2439 (Auual.
1695 2387 1778 2437 typ.
1800 2384 1861 2425 IV

362 2461 443 2502 119
458 2474 497 2502 n.
514 2459 616 2515 407)
639 2460 680 2501 et
697 2459 799 2501 Lud.
817 2459 929 2500 Hain
946 2457 1068 2514 (Rep.
1091 2462 1175 2512 typ.
1198 2459 1219 2500 Ι
1235 2460 1274 2510 2,
1297 2460 1383 2501 220
1397 2473 1436 2501 n.
1454 2459 1584 2514 5895)
1604 2459 1762 2500 docent.
1787 2458 1863 2512 qui

360 2548 451 2576 eam
469 2534 638 2576 curabat
656 2533 853 2586 epistulas
869 2533 1112 2586 libellosque
1127 2533 1240 2575 nullo
1258 2533 1397 2575 ordine
1414 2532 1662 2574 editionibus
1679 2532 1862 2574 exhibita

360 2609 403 2650 in
426 2610 584 2651 certum
614 2607 819 2660 quendam
839 2607 1022 2649 ordinem
1044 2607 1225 2661 digerere
1246 2607 1306 2649 ita
1328 2607 1495 2649 conatus
1518 2607 1592 2657 est,
1630 2607 1677 2647 ut
1698 2606 1860 2648 libellos

362 2682 641 2736 epistulasque
660 2681 836 2724 maiores
852 2681 1008 2723 libellis
1025 2681 1246 2723 similiores
1263 2694 1387 2734 quam
1404 2680 1593 2733 epistulis
1609 2680 1863 2734 praeciperet

362 2756 560 2809 epistulas
578 2756 755 2809 reliquas
771 2756 828 2797 eis
841 2755 1101 2810 subiungens
1119 2756 1263 2797 tabula
1275 2755 1546 2808 epistularum
1558 2756 1782 2808 praemissa
1794 2767 1864 2796 ex-

362 2831 445 2872 stat
456 2831 688 2884 inscriptio:
706 2830 852 2883 Cecilij
867 2829 1067 2882 Cipriaui
1080 2828 1283 2882 Episcopi
1294 2829 1606 2883 eartayiuensis
1619 2832 1655 2870 et
1667 2828 1862 2870 martiris
