2032 3248
414 183 498 250 316
1043 206 1289 252 Appendix.

663 313 831 360 Imperat
852 314 891 351 et
910 313 1032 351 iustos
1052 325 1205 352 numero
1228 313 1391 351 discerni
1411 312 1594 350 malorum

663 382 894 429 Indutosque
915 382 1020 420 iubeh
1042 383 1193 421 deuicta
1213 383 1333 420 morte
1354 381 1525 429 uigorem

663 451 816 498 Semper
837 451 1106 490 inexstinc‘cam
1128 452 1267 489 habere
1289 450 1444 488 luminis
1466 462 1609 497 auram,

551 520 633 558 190
663 520 723 557 Ire
745 531 812 567 per
834 520 989 568 antiqua
1011 531 1158 568 semper
1179 519 1353 558 florentia
1374 531 1503 567 regna,

661 589 764 626 Ditia
784 601 851 637 per
871 601 1034 635 nemora,
1058 600 1206 636 semper
1226 600 1381 627 amoena
1401 588 1537 634 uireta,

658 658 804 705 Degere
826 660 1047 705 perpetuam
1068 658 1262 705 praeclaro
1284 657 1323 694 in
1346 668 1499 705 corpore
1521 656 1652 695 uit-am.

714 727 784 764 Est
804 726 910 764 locus
934 726 1081 765 Aeoliis
1103 726 1261 764 Domino
1285 726 1446 764 dilectus
1467 726 1507 762 in
1529 725 1619 773 oris,

658 795 741 832 Lux
761 795 827 832 ubi
847 796 950 833 clara
970 795 1069 833 nitet
1091 795 1287 843 spiratque
1311 794 1499 832 salubrior
1521 807 1613 832 aura

548 864 626 901 195
658 864 900 911 Aeternaque
923 863 1001 902 dies
1026 865 1147 912 adque
1169 864 1390 901 inmutabile
1412 866 1561 911 tempus

659 933 710 970 El:
731 935 875 971 secreta
896 933 974 972 Deo
996 933 1100 981 regio
1123 933 1315 971 ditissima
1336 933 1481 980 campis

658 999 854 1050 Beataque
877 1002 991 1040 nimis
1014 1013 1145 1040 sereno
1167 1003 1207 1040 in
1228 1002 1381 1040 cardine
1404 1003 1525 1049 sedes,

658 1072 811 1119 Semper
832 1081 897 1110 aer
917 1071 1044 1110 laetus
1066 1083 1284 1119 semperque
1305 1072 1344 1109 in
1365 1071 1448 1109 luce
1470 1071 1636 1119 futurus,

657 1139 772 1178 Lenis
793 1143 831 1177 et
852 1141 1052 1188 adspirans
1074 1139 1209 1179 uitalia
1231 1141 1383 1178 flamina
1405 1142 1552 1178 uentus.

545 1209 628 1247 200
660 1209 850 1248 Omnifero
872 1209 949 1248 felt
971 1222 1089 1258 aequa
1111 1211 1190 1248 solo
1211 1210 1421 1258 praediuite
1442 1210 1581 1247 tellus:

657 1279 791 1316 Florea
813 1279 964 1317 libratis
988 1280 1198 1327 conflagrat
1218 1291 1385 1327 purpura
1405 1278 1538 1327 pratis.

657 1347 791 1385 Omnia
811 1348 1021 1395 praerutila
1040 1349 1201 1386 miscent
1222 1360 1296 1386 non
1316 1348 1447 1386 inuida
1468 1348 1603 1396 lucem,

661 1416 750 1454 Flos
772 1417 887 1454 alium
909 1416 1032 1455 laetus
1054 1429 1121 1455 suo
1142 1418 1284 1456 lumine
1305 1418 1423 1456 uestit
1444 1418 1635 1456 amictum.

657 1485 757 1523 Hinc
777 1497 885 1524 rosea
905 1486 1014 1524 niueo
1037 1486 1235 1524 uarianbur
1257 1487 1398 1525 semine
1420 1499 1520 1533 rura,

545 1553 625 1591 205
658 1553 708 1591 Et
728 1555 847 1592 roseis
868 1554 981 1593 niuea
1002 1555 1217 1602 crispantur
1238 1555 1394 1594 floribus
1415 1567 1518 1593 arua.

657 1621 818 1661 Nescias
839 1623 910 1661 illa
931 1623 1069 1671 quibus
1090 1626 1317 1662 suauescant
1338 1624 1535 1672 pulchrius
1557 1637 1649 1663 arua

654 1694 732 1731 Aut
753 1693 890 1741 quibus
912 1693 1082 1731 aetheria
1103 1693 1222 1740 spiret
1243 1693 1393 1732 felicius
1425 1706 1529 1740 aura,

493 1907 559 1942 189
583 1907 797 1942 inextinctas
821 1919 842 1942 v
980 1908 1144 1942 habibare
1169 1909 1256 1951 fort.
1398 1920 1501 1943 auras
1519 1909 1588 1950 De,
1613 1919 1713 1943 oram
1737 1909 1861 1944 malim

400 1965 466 2000 191
493 1965 626 2000 uirecta
643 1965 690 2006 D,
717 1965 852 1999 directa
871 1965 958 2000 TW
1059 1967 1125 2001 192
1149 1966 1321 2010 degenere
1344 1967 1382 2000 J)
1475 1977 1615 2011 corpore
1642 1967 1674 2000 T
1695 1966 1758 2001 sed
1784 1977 1842 2000 cor
1866 1966 1907 2000 in

398 2033 472 2057 ras.
579 2023 645 2057 193
669 2023 779 2056 aeolis
802 2023 902 2066 DT1,
928 2024 1020 2057 aeois
1050 2025 1098 2058 T²
1203 2025 1270 2059 194
1294 2024 1387 2058 nibet
1411 2036 1477 2058 om.
1502 2024 1562 2059 Dv
1701 2024 1768 2058 195
1792 2025 1904 2058 aeter-

398 2090 552 2124 namque
575 2080 614 2115 D
777 2082 851 2124 atq.
879 2091 934 2114 esc.
962 2080 1005 2115 ad
1035 2082 1067 2116 T
1234 2083 1301 2116 196
1326 2082 1422 2126 regio
1446 2082 1625 2116 ditissima
1655 2082 1704 2117 W
1729 2082 1774 2126 (it
1797 2093 1826 2117 s.
1853 2083 1904 2126 l.),

397 2138 476 2182 regi
499 2137 678 2171 ditissima
710 2139 748 2179 T,
772 2137 992 2182 rigidissima
1016 2139 1054 2173 D
1171 2139 1236 2174 197
1262 2140 1381 2185 nimis]
1409 2131 1543 2184 campis
1577 2140 1626 2173 Wv
1740 2140 1806 2174 198
1831 2139 1902 2184 aer]

396 2196 459 2230 her
483 2206 577 2230 corr.
602 2196 643 2229 in
668 2195 736 2228 erit
768 2195 818 2230 W
837 2207 882 2230 m.
909 2199 932 2231 2
1071 2197 1137 2231 199
1162 2196 1276 2230 laenis
1303 2197 1336 2231 T
1472 2196 1657 2240 adspirans
1681 2196 1778 2241 DW,
1805 2207 1902 2240 aspe-

396 2265 478 2288 rans
506 2254 546 2296 Τ,
571 2254 733 2298 aspirant
757 2266 778 2289 v
901 2255 1085 2289 flammina
1113 2256 1221 2291 DW²
1338 2256 1455 2290 uentis
1479 2256 1627 2291 DTWv
1741 2255 1902 2299 aspirans

397 2312 505 2346 uitali
529 2312 672 2346 flamine
698 2313 825 2346 uentus
850 2313 958 2347 Aldu.
1137 2314 1204 2348 200
1230 2314 1401 2347 omnifero
1426 2313 1496 2347 fert
1520 2313 1661 2357 scripsi,
1686 2313 1807 2347 omnia
1832 2313 1904 2347 fert

395 2370 555 2413 DTWv,
580 2369 732 2404 omnifer
756 2370 865 2404 Aldu.
977 2382 1085 2414 acque
1109 2372 1213 2405 Aldh.
1323 2370 1501 2415 prodiuite
1532 2372 1588 2411 W,
1616 2370 1794 2414 prouidite
1818 2370 1858 2404 D

394 2429 504 2462 tellus
530 2440 597 2463 om.
622 2428 731 2463 Aldh.
875 2428 941 2462 201
966 2428 1092 2463 libatis
1121 2429 1178 2470 IV,
1205 2429 1356 2462 uibratis
1381 2428 1489 2462 Aldh.
1629 2438 1780 2472 purpora
1809 2428 1860 2463 W

395 2485 527 2529 praetis
557 2487 589 2520 Τ
724 2487 792 2521 202
816 2487 1044 2530 praerutilam
1068 2487 1108 2527 T,
1126 2487 1366 2530 praesutilant
1388 2487 1439 2521 W
1573 2485 1641 2519 203
1667 2496 1729 2519 suo
1753 2486 1900 2530 lumine]

395 2542 575 2577 uolumine
596 2545 647 2579 W
736 2544 804 2578 204
830 2544 963 2578 semina
978 2544 1073 2579 DW
1163 2544 1231 2578 205
1257 2545 1458 2588 crispantur
1480 2544 1536 2584 W,
1564 2544 1740 2588 crispatur
1755 2544 1850 2579 DTv

395 2611 482 2635 arua
513 2602 568 2644 W,
594 2613 680 2637 aura
705 2604 799 2638 DTv
948 2603 1016 2637 206
1041 2603 1177 2637 nescias
1208 2604 1266 2644 W,
1291 2603 1427 2652 nesciat
1454 2603 1493 2643 T,
1518 2602 1637 2636 nescia
1661 2602 1721 2637 Dv
1745 2602 1854 2637 Aldh.

395 2658 600 2693 suauiscant
624 2660 672 2701 D,
699 2662 884 2695 suauescat
909 2660 1019 2695 Aldh.
1125 2660 1308 2705 pulex-ibus
1337 2661 1377 2701 T,
1402 2660 1581 2704 pulchrior
1597 2660 1706 2694 Aldh.
1814 2670 1900 2694 arua

393 2714 442 2757 D,
469 2726 554 2750 aura
588 2717 703 2759 TWv,
738 2718 822 2762 alga
849 2718 954 2753 Aldh.
1187 2718 1252 2752 207
1279 2719 1376 2751 hanc
1407 2728 1552 2751 uersum
1576 2717 1709 2752 addidi
1733 2729 1778 2752 επ
1805 2718 1899 2759 TW,

395 2782 460 2807 om.
488 2772 548 2808 Dv
687 2775 864 2808 aetherias
895 2776 945 2811 W
1081 2775 1174 2818 spire
1201 2776 1241 2816 T,
1267 2775 1362 2819 spira·
1385 2775 1421 2808 et
1452 2774 1501 2809 W
