2032 3248
307 259 392 301 270
715 256 907 291 Arnobii
944 257 1157 291 aduersus
1190 256 1399 290 nationes

305 374 355 416 ab
386 374 451 415 his
484 385 589 421 esse;
621 372 718 414 sunt
748 372 857 414 enim
888 371 1087 413 ferocium
1119 383 1314 426 generum
1346 372 1388 413 et
1409 370 1679 413 mortalitatis
1711 371 1803 414 obe·

306 443 470 485 nntium
516 441 760 483 functiones.
807 452 881 482 uos
919 453 1110 494 pecorum
1151 440 1373 494 sanguine,
1421 452 1493 481 uos
1534 440 1727 482 caedibus
1769 443 1809 483 et

304 510 622 553 mactationibus
663 509 893 551 hostiarum
932 509 1131 563 gaudere,
1173 508 1321 550 laetari
1353 509 1393 550 et
1423 509 1466 550 in
1495 509 1674 563 gratiam
1716 522 1809 551 cum

304 580 539 623 hominibus
569 578 720 621 remini
751 579 1040 621 offensionibus
1062 578 1193 620 redire
1215 577 1387 631 sopitis:
1417 590 1490 620 nos
1511 590 1691 620 amorem
1714 591 1808 621 san-

306 650 442 707 guinis
473 649 635 691 nullum
668 660 754 690 esse
783 648 826 689 in
859 647 1076 689 caelitibus
1107 646 1297 688 ducimus
1328 659 1401 688 nec
1433 658 1519 689 esse
1548 648 1636 690 tam
1673 647 1808 701 duros,
1840 663 1854 687 5

305 721 351 761 ut
380 720 625 761 miserorum
662 717 938 759 animantium
979 715 1099 758 caede
1138 716 1344 757 saturatas
1381 715 1564 758 abiciant
1593 717 1690 759 iras,
1736 729 1809 760 uos

304 800 435 839 mero,
475 799 548 829 uos
579 786 700 827 thure
730 785 925 827 honorem
955 784 1215 827 arbitramini
1247 784 1326 826 diis
1365 784 1462 826 addi
1493 785 1534 827 et
1564 799 1705 828 eorum
1735 799 1808 828 au-

303 871 465 913 gescere
486 855 729 911 dignitates:
762 867 835 897 nos
856 856 1087 897 monstrum
1109 855 1150 896 et
1171 853 1406 908 prodigium
1433 853 1676 906 iudicamus
1700 857 1807 909 quod

303 927 520 981 quisquam
558 925 774 967 hominum
813 925 943 967 credit
981 925 1054 966 aut
1094 923 1377 978 augustiorem
1416 923 1501 965 fieri
1541 924 1663 966 deum
1695 924 1808 967 fumo

303 997 374 1038 aut
405 1009 451 1038 ex
482 994 643 1036 roribus
685 994 842 1049 exiguis
882 993 970 1035 uini
1011 993 1150 1047 ipsum
1192 991 1272 1033 sibi
1312 991 1362 1033 ab
1394 992 1631 1035 hominibus
1663 994 1854 1036 ducerem

303 1065 403 1107 satis
434 1065 573 1107 sancte
603 1065 724 1116 atque
754 1063 976 1105 honorifice
1008 1062 1295 1116 supplicatum.
1345 1073 1418 1103 uos
1449 1062 1556 1105 aeris
1587 1063 1808 1106 tinnitibus

303 1136 344 1176 et
374 1133 573 1176 tibiarum
604 1132 728 1183 sonis,
760 1143 833 1174 uos
865 1143 1062 1185 equorum
1093 1131 1309 1173 curriculis
1340 1132 1381 1172 et
1402 1131 1676 1174 theatralibus
1698 1132 1807 1174 ludis

302 1215 541 1257 persuasum
571 1200 732 1243 habetis
764 1201 859 1243 deos
891 1204 931 1243 et
953 1201 1149 1243 delectari
1171 1201 1212 1241 et
1241 1200 1363 1242 adfici
1393 1200 1556 1255 irasque
1587 1202 1807 1255 aliquando

302 1272 517 1327 conceptas
559 1283 699 1313 eorum
739 1271 821 1313 ista
861 1270 1142 1312 satisfactione
1183 1269 1358 1312 molliri:
1405 1282 1477 1313 nos
1517 1270 1806 1313 inconueniens

303 1341 502 1392 ducimus,
551 1341 778 1394 quinimmo
819 1340 1060 1382 incredibile
1098 1339 1342 1391 iudicamus,
1391 1352 1457 1383 eos
1499 1341 1568 1394 qui
1609 1340 1806 1395 gradibus
1821 1355 1851 1379 15

301 1411 417 1453 mille
447 1422 574 1465 genus
605 1421 723 1451 omne
754 1410 963 1451 uirtutum
993 1409 1253 1462 perfectionis
1287 1409 1529 1452 transierint
1565 1410 1806 1452 summitate

301 1480 343 1521 in
386 1479 672 1534 uoluptatibus
718 1479 866 1521 habere
912 1479 1034 1532 atque
1072 1479 1115 1520 in
1154 1478 1314 1520 deliciis
1360 1491 1423 1521 res
1455 1491 1524 1521 eas
1555 1491 1655 1532 quas
1685 1479 1806 1522 homo

301 1549 462 1603 sapiens
512 1548 644 1590 rideat
688 1549 729 1589 et
774 1560 879 1601 quae
928 1559 1009 1590 non
1056 1547 1150 1590 aliis
1198 1547 1420 1590 uideantur
1469 1548 1678 1604 continere
1729 1547 1807 1590 ali—

301 1618 400 1671 quid
437 1617 593 1671 gratiae
631 1629 756 1670 quam
797 1617 1026 1659 infantibus
1064 1616 1249 1671 paruulis
1282 1618 1323 1659 et
1353 1617 1578 1660 triuialiter
1608 1619 1649 1659 et
1677 1629 1805 1671 popu-

233 1685 283 1726 37
300 1687 442 1729 lariter
471 1687 688 1729 institutis.
731 1687 830 1729 haec
861 1699 954 1729 cum
985 1687 1046 1728 ita
1077 1699 1119 1729 se
1149 1687 1327 1729 habeant
1360 1700 1534 1740 cumque
1565 1687 1620 1728 sit
1650 1686 1853 1739 opinio-20

301 1769 400 1798 num
440 1758 557 1798 tanta
598 1758 831 1798 nostrarum
872 1756 1183 1809 uestrarumque
1224 1756 1463 1807 diuersitas,
1505 1756 1576 1797 ubi
1623 1756 1694 1797 aut
1734 1767 1806 1796 nos

301 1825 420 1879 impii
459 1826 531 1868 aut
568 1838 642 1868 uos
679 1826 759 1879 pii,
802 1838 895 1867 cum
927 1839 973 1868 ex
1003 1826 1214 1879 pectorum
1244 1826 1431 1868 sensibus
1462 1825 1628 1879 pietatis
1661 1824 1807 1866 debeat

165 1898 187 1929 f·
204 1897 285 1930 153¹³
299 1897 422 1948 atque
451 1895 664 1948 inpietatis
700 1894 706 1952 Ι
741 1895 846 1937 ratio
877 1895 1127 1950 ponderari?
1172 1907 1253 1937 non
1291 1895 1401 1937 enim
1432 1896 1703 1937 simulacrum
1735 1894 1805 1948 qui

299 1964 379 2006 sibi
418 1964 583 2017 aliquod
622 1964 786 2007 conficit
825 1965 933 2018 quod
971 1976 1050 2018 pro>
1084 1964 1157 2006 deo
1189 1965 1405 2006 ueneretur
1446 1965 1519 2006 aut
1566 1964 1637 2018 qui
1678 1975 1803 2017 pecus

300 2032 481 2075 trucidat
510 2033 722 2075 innoxium
742 2033 948 2087 sacrisque
968 2034 1151 2075 incendit
1172 2033 1372 2075 altaribus
1394 2033 1503 2084 thus,
1535 2033 1571 2074 is
1592 2031 1804 2074 habendus
1819 2046 1851 2072 25

301 2102 363 2144 est
391 2102 512 2143 rebus
544 2101 708 2144 deditus
740 2114 827 2144 esse
860 2102 1022 2144 diuinis.
1066 2102 1202 2156 opinio
1234 2102 1478 2157 religionem
1509 2101 1611 2144 facit
1633 2102 1674 2142 et
1694 2101 1807 2142 recta

301 2170 350 2212 de
389 2170 468 2212 diis
509 2182 643 2221 mens,
689 2174 736 2212 ut
776 2170 883 2212 nihil
924 2183 990 2213 eos
1031 2171 1238 2212 existimes
1279 2172 1419 2213 contra
1460 2171 1581 2212 decus
1621 2169 1807 2224 propriae

301 2239 576 2281 sublimitatis
612 2240 816 2293 appetere.
864 2252 958 2281 cum
1001 2239 1109 2280 enim
1140 2240 1288 2281 cuncta
1318 2252 1420 2293 quae
1451 2239 1515 2280 his
1547 2239 1698 2280 dantur
1729 2237 1804 2280 sub

301 2307 430 2349 oculis
461 2307 529 2349 hic
558 2308 711 2350 nostris
741 2308 956 2350 uideamus
989 2308 1164 2358 absumi,
1198 2308 1296 2361 quid
1319 2308 1370 2350 ad
1393 2320 1458 2350 eos
1480 2307 1593 2350 aliud
1615 2307 1665 2348 ab
1687 2306 1806 2348 nobis

302 2376 521 2418 dicendum
559 2377 623 2418 est
659 2376 871 2430 peruenire
911 2377 992 2419 nisi
1032 2378 1242 2431 opiniones
1280 2377 1359 2419 diis
1399 2377 1544 2431 dignas
1584 2376 1625 2417 et
1665 2387 1804 2417 eorum
1819 2395 1851 2419 30

347 2547 365 2579 1
384 2546 600 2580 mortalitati
623 2546 688 2581 Gcl
804 2546 1010 2581 obeuntium
1033 2546 1123 2581 Urs:
1140 2545 1322 2581 obeuntib.
1341 2545 1377 2579 P
1392 2545 1621 2579 subeuntium
1644 2544 1710 2578 Get
1727 2543 1805 2577 obe-

302 2602 398 2636 untis
423 2603 617 2638 Meursius
755 2604 777 2638 6
804 2603 927 2638 caedae
953 2604 989 2638 P
1128 2603 1149 2637 9
1174 2602 1294 2637 credat
1327 2602 1396 2637 Urs
1533 2602 1574 2636 11
1602 2603 1745 2635 sanctae
1771 2601 1807 2635 P

299 2670 382 2694 corr
511 2660 666 2695 mitibus
691 2661 728 2695 P
750 2671 833 2695 corr
857 2664 885 2695 θ’
1016 2661 1059 2694 12
1083 2670 1271 2704 aequorum
1297 2659 1333 2694 P
1458 2658 1694 2693 theatralibus
1721 2657 1803 2699 Sal),

300 2727 339 2750 r.-
364 2717 583 2752 thetralibus
607 2718 644 2752 P
750 2718 793 2752 13
819 2719 855 2752 et
879 2721 964 2752 ante
989 2717 1157 2751 delectari
1173 2727 1230 2751 om
1248 2715 1316 2751 Gel
1426 2715 1469 2750 14
1494 2715 1565 2749 ista
1583 2715 1714 2750 addida·

299 2773 438 2808 mollire
460 2774 529 2809 Urs
622 2775 664 2809 17
683 2785 736 2809 res
756 2774 842 2809 Gel:
857 2785 933 2810 esse
950 2784 1003 2809 res
1021 2774 1058 2808 P
1072 2774 1117 2808 iis
1135 2784 1206 2808 esse
1222 2784 1276 2807 res
1293 2772 1586 2808 Hildebrandius
1679 2772 1722 2806 19
1739 2771 1803 2805 tri-

300 2831 443 2865 uialiter
461 2831 555 2866 Sab:
582 2831 761 2866 tibialiter
778 2833 814 2866 P
916 2832 961 2866 22
977 2833 1158 2875 pectorum
1175 2831 1322 2874 scripsi:
1347 2831 1504 2875 partium
1523 2830 1568 2864 Ρ
1658 2830 1702 2863 25
1719 2828 1803 2863 thus

299 2888 430 2923 addidi
522 2888 564 2922 27
582 2890 742 2933 propriae
761 2889 943 2934 Guyetus:
958 2890 1141 2933 promptae
1154 2888 1191 2922 P
1202 2889 1447 2932 praesumptae
1466 2887 1530 2922 Gel
1623 2886 1668 2921 30
1684 2886 1754 2921 diis
1768 2886 1804 2921 P
