2032 3248
821 191 948 225 Liber
978 191 1020 224 II.
1606 188 1656 229 87

179 309 324 349 idcirco
356 320 441 348 esse
484 319 649 355 sanum,
692 307 795 359 quod
828 307 946 347 unius
981 305 1188 360 unguiculi
1221 305 1379 347 nullum
1411 304 1660 356 perpetiatur

176 377 374 418 dolorem:
422 379 493 417 aut
535 388 619 417 esse
660 388 821 417 auream
863 376 1028 416 terram.
1074 377 1178 427 quod
1219 374 1259 415 in
1291 373 1505 415 uerrucula
1545 371 1660 413 collis

175 446 293 486 unius
338 445 460 485 insint
507 445 673 497 exiguae
718 444 910 493 miculae,
958 444 1104 495 quibus
1150 442 1329 484 nascitur
1368 440 1660 494 colliquefactis

174 527 318 555 aurum
357 516 395 554 et
435 513 686 554 adcurrit-nire
734 514 1039 566 congregatione
1086 512 1367 563 conquiritur?
1419 510 1659 562 qualitatem

146 583 365 623 smateriae
406 583 650 623 uniuersitas
690 581 880 622 elementi
923 581 1087 633 probat,
1129 592 1204 621 non
1242 579 1459 632 puluisculi
1492 577 1658 623 flabiles,

174 664 243 692 nec
277 664 386 691 mare
418 651 607 691 continuo
639 650 756 691 dulce
787 652 859 699 est,
891 650 924 690 si
956 650 1131 690 mitioris
1163 661 1287 701 aquae
1318 650 1459 702 guttas
1489 646 1660 688 alicuius

173 719 365 760 adieceris
405 722 524 770 atque
564 719 765 759 inmiseris
805 718 982 759 numeri:
1031 718 1284 758 consumitur
1323 717 1429 758 enim
1469 715 1660 756 minuties

174 788 250 828 ista
283 788 480 828 inmenso:
530 796 568 828 et
602 799 678 828 non
709 786 826 827 modo
860 798 936 827 nor,-
969 787 1086 839 parui
1119 786 1188 828 sed
1220 798 1304 827 esse
1337 784 1490 826 nullius
1522 783 1658 824 existi-

173 857 365 896 mandum
411 859 472 896 est
518 856 707 896 meminis
753 856 859 908 quod
898 868 966 907 per
1004 855 1139 896 onmia
1177 854 1371 896 diffusum
1411 854 1517 907 perit
1548 854 1587 893 et
1618 852 1659 892 in

128 926 309 977 101uagui
348 925 524 977 corporis
566 924 821 976 intercipitur
862 925 1065 965 uastitate.
1116 936 1186 964 uos
1224 923 1398 964 humano
1439 923 1480 962 in
1517 934 1659 975 genere
1677 924 1726 961 5⁰

173 992 296 1034 bonos
327 1005 413 1034 esse
445 993 588 1034 dicatis
622 994 741 1034 uiros.
773 993 840 1045 qui
874 998 919 1033 ut
951 1006 1034 1034 esse
1064 994 1292 1041 credantur,
1326 992 1555 1044 conparatio
1578 990 1659 1031 for-

172 1061 278 1102 sitan
309 1061 461 1102 efficiat
491 1062 773 1114 pessimorum.
807 1063 973 1113 quinam
997 1062 1066 1102 isti
1089 1063 1214 1102 sunt?
1246 1061 1381 1102 dicite.
1414 1060 1657 1113 philosophi.

172 1130 311 1180 credo,
359 1131 426 1181 qui
474 1131 637 1182 quidem
685 1142 769 1171 esse
811 1130 915 1171 solos
956 1130 1275 1183 sapientissimos
1307 1130 1522 1170 autumant
1553 1130 1592 1169 et
1620 1128 1659 1169 ui

173 1198 293 1239 huius
339 1199 512 1239 nominis
560 1199 822 1251 supercilium
862 1199 1134 1240 sustulerunt:
1182 1211 1323 1250 nempe
1363 1198 1428 1238 illi
1467 1197 1535 1249 qui
1568 1210 1659 1238 cum

126 1283 157 1305 ιι,
172 1267 255 1307 suis
288 1267 435 1308 cotidie
468 1267 765 1319 cupiditatibus
797 1270 978 1321 pugnant
1010 1269 1050 1308 et
1080 1267 1259 1308 adfectus
1284 1279 1328 1307 ex
1350 1266 1496 1308 animis
1518 1266 1659 1307 insitos

173 1337 420 1388 proturbare,
444 1336 590 1387 pellere
610 1336 801 1388 pertinaci
822 1336 1043 1377 moliuntur
1060 1336 1331 1377 obluctatione
1349 1335 1564 1376 uirtutum.
1591 1335 1659 1386 qui

171 1417 218 1444 ne
242 1405 282 1444 in
307 1404 406 1444 uitia
438 1404 625 1456 proritari
659 1404 866 1446 facult-atis
899 1405 1049 1457 possint
1081 1404 1254 1445 alicuius
1286 1404 1497 1452 instinctu,
1530 1404 1659 1456 patri-

170 1473 303 1513 monia
337 1476 375 1513 et
408 1472 575 1513 diuitias
609 1473 774 1526 fugiunt
805 1479 844 1514 et
877 1463 1017 1514 causas
1047 1473 1125 1514 sibi
1148 1474 1336 1514 auferunt
1359 1473 1517 1525 lapsus:
1552 1473 1656 1524 quod

171 1553 262 1581 cuin
294 1541 448 1582 faciunt
481 1548 520 1581 et
552 1545 709 1584 curant.
743 1542 1000 1595 apertissime
1022 1541 1179 1582 animas
1203 1554 1288 1582 esse
1310 1540 1493 1582 indicant
1516 1540 1659 1581 labiles

125 1617 209 1649 ‘met¹
242 1609 482 1650 infirmitat-e
513 1610 563 1650 ad
595 1610 697 1651 uitia
729 1611 939 1663 procliues.
986 1613 1125 1652 nostra
1153 1612 1292 1653 autem
1323 1610 1524 1651 sententia
1555 1609 1659 1662 quod

171 1677 320 1718 bonum
351 1679 494 1719 natura
519 1680 579 1719 est
602 1691 728 1730 neque
751 1680 954 1721 emendari
977 1691 1105 1732 neque
1127 1679 1273 1732 corrigi
1296 1691 1335 1720 se
1357 1679 1500 1731 poscit,
1534 1678 1658 1719 immo

170 1746 307 1799 ipsum
338 1746 457 1787 debet
487 1748 582 1798 quid
615 1747 668 1787 sit
701 1748 855 1788 malum
877 1749 1039 1801 nescire,
1074 1748 1108 1789 si
1131 1748 1290 1802 generis
1314 1747 1443 1789 forma
1465 1747 1657 1799 cuiusque

172 1814 213 1854 in
244 1827 316 1855 sua
349 1815 500 1868 cogitat
537 1814 540 1868 l
578 1815 814 1869 integritate
851 1820 1052 1868 perstare:
1100 1828 1226 1869 neque
1265 1817 1373 1857 enim
1413 1815 1769 1856 contrariumf..31·

171 1882 342 1923 insitum
375 1895 459 1924 esse
491 1884 688 1925 contrario
720 1884 826 1936 potis
859 1886 918 1926 est
949 1888 1020 1926 aut
1051 1885 1093 1925 in
1124 1884 1257 1938 inpari
1287 1885 1439 1938 paritas
1472 1885 1544 1925 aut
1565 1883 1657 1924 dul-

125 1967 155 1991 25
171 1950 265 1992 cedo
305 1951 345 1991 in
390 1952 661 1993 amaritudine
707 1952 917 1994 contineri.
964 1954 1033 2006 qui
1075 1964 1169 2007 ergo
1209 1953 1389 1994 luctatur
1429 1951 1658 1994 animarum

214 2178 235 2210 3
260 2177 532 2220 colliquefaeitis
552 2178 585 2211 P
602 2187 682 2211 corr
700 2188 718 2210 ν
855 2178 876 2211 4
901 2177 1119 2212 adcuratiore
1137 2179 1266 2221 scripsi
1274 2192 1285 2211 .·
1311 2178 1501 2212 admiratio
1520 2180 1553 2211 P
1575 2178 1658 2213 adu-

171 2234 312 2267 natione
336 2233 403 2267 Urs
540 2236 561 2267 ἶ)
579 2234 768 2277 puluisculi
788 2234 922 2267 flabilesv
942 2234 1033 2268 Sub.-
1051 2235 1230 2279 pullisculi
1250 2235 1384 2269 flauiles
1403 2237 1435 2268 P
1570 2236 1588 2268 Τ
1606 2236 1658 2269 in—

171 2291 274 2324 meris
302 2292 335 2324 P
352 2301 431 2324 corr
449 2301 465 2324 c
603 2295 623 2325 ὅ
649 2292 682 2323 in
712 2291 879 2324 immenso
905 2291 972 2325 L'rs
1110 2296 1146 2326 ct
1171 2303 1237 2327 non
1258 2293 1546 2326 Klussmamms:
1572 2297 1607 2326 et
1624 2293 1658 2326 P

170 2359 228 2381 nec
248 2348 318 2381 Sub
458 2348 574 2391 paruis
602 2349 636 2381 P
652 2360 733 2382 corr
871 2351 891 2381 9
917 2349 1067 2383 nominis
1089 2350 1159 2384 Sab
1300 2351 1338 2383 11
1366 2350 1484 2383 <licitis
1506 2351 1569 2384 (ἰοὶ

171 2406 212 2438 13
237 2405 296 2448 qui
322 2406 461 2448 quidem
488 2406 636 2448 scripsi.-
662 2406 745 2448 quid
773 2406 805 2439 P
830 2407 888 2450 qui
915 2418 949 2440 se
974 2407 1044 2441 Sub
1181 2417 1253 2441 esso
1278 2418 1313 2441 se
1339 2407 1357 2440 ἓ
1506 2408 1541 2441 ui
1572 2408 1659 2441 Urs:

171 2462 205 2495 in
225 2463 258 2495 P
396 2464 437 2496 15
454 2473 491 2495 ex
511 2463 598 2495 Sub:
625 2465 658 2496 et
684 2474 721 2496 ex
747 2464 781 2497 P
916 2464 1042 2497 animis
1069 2465 1162 2498 Sub.-
1187 2464 1320 2498 animes
1346 2465 1381 2498 P
1519 2466 1560 2499 16
1586 2465 1657 2509 pcl-

170 2519 237 2552 lere
264 2520 438 2562 (armenam
457 2524 483 2553 ε·
623 2520 794 2562 pertinaci
826 2521 910 2554 Urs:
937 2521 1165 2564 pertinacium
1184 2522 1219 2555 P
1354 2521 1548 2555 moliuntur
1566 2522 1658 2556 Sub.-

171 2575 383 2609 molliuntur
400 2576 434 2609 P
526 2576 799 2610 obluctantione
821 2578 855 2610 P
947 2579 989 2611 1&
1007 2578 1054 2621 et]
1075 2589 1116 2611 ne
1134 2578 1206 2612 Sao
1225 2581 1264 2612 ut
1282 2578 1567 2613 Elmenhorstae'us

170 2631 334 2666 auferunt
370 2632 661 2666 Ilildcbrumlc'as
696 2638 874 2676 tamquam
909 2644 952 2667 et·
977 2634 1111 2668 codiee:
1151 2634 1314 2668 adferunt
1340 2636 1374 2669 P
1412 2636 1562 2669 afferant
1587 2636 1657 2670 Sub

170 2687 328 2722 auferant
354 2690 641 2724 Jz'lmenhorstzus
779 2692 818 2723 21
847 2691 974 2734 corrigi
1007 2692 1091 2724 Urs:
1117 2692 1244 2735 corripi
1266 2692 1300 2726 P
1435 2693 1479 2726 23
1505 2695 1656 2736 perstare

173 2744 254 2777 Gel:
281 2749 434 2787 prestare
461 2747 494 2779 Ι)
643 2747 685 2780 24
712 2749 790 2789 pote
808 2747 878 2781 δαὶ)
1022 2749 1057 2782 in
1084 2748 1157 2782 add
1190 2749 1257 2783 Urs
1393 2750 1437 2785 25
1462 2750 1656 2784 animarum

171 2800 376 2835 Meursms:
405 2803 598 2836 animorum
625 2804 657 2835 P
