2032 3248
142 691 260 720 Codices
285 693 343 726 pri—

161 746 223 766 mae
242 739 327 766 fami—

212 786 276 815 liae.

365 213 464 242 XXX

363 304 610 359 propagatas
647 304 804 360 singuli
837 305 993 347 codices
1027 317 1176 359 paucas
1210 305 1375 347 aliunde
1407 306 1657 358 receperunt,
1695 318 1871 359 quarum

364 378 595 420 emendatio
637 378 785 432 quibus
827 379 988 435 legibus
1030 380 1199 435 regatur
1240 392 1312 422 suo
1347 380 1436 422 1000
1477 380 1660 422 breuiter
1700 380 1872 422 dicetur.

364 453 594 495 accuratius
617 454 665 495 de
688 453 864 509 singulis
893 443 1022 496 trium
1050 454 1307 496 familiarum
1337 454 1545 497 codicibus
1568 454 1775 510 agendum
1796 454 1871 505 est,

364 539 537 581 quorum
567 529 871 582 comparatione
892 529 944 571 ad
966 529 1265 585 cognoscendas
1295 529 1601 583 deperditorum
1630 529 1872 584 archetypo-

362 615 455 644 rum
477 603 703 657 scripturas
724 604 975 658 peruenitur.

418 677 603 720 Primam
631 677 762 733 igitur
790 677 996 721 familiam
1025 678 1286 721 constituunt
1316 677 1472 720 codices
1494 677 1616 719 LNP.
1639 677 1672 719 L
1701 677 1866 733 signaui

361 751 541 794 codicem
562 752 955 796 Laureshamensem
984 766 1090 796 nunc
1112 753 1468 795 Vindobonensem
1489 753 1572 795 962
1594 764 1697 794 saec.
1720 751 1782 794 IX
1803 751 1873 807 (cf.

358 826 554 869 Lauresh.
576 827 849 871 bibliothecae
872 829 1109 883 catalogum
1131 828 1173 870 in
1197 827 1392 882 Spiciley.
1416 826 1536 868 Rom.
1560 828 1647 869 tom
1669 826 1706 868 V
1727 840 1766 881 p.
1793 827 1873 869 188

359 901 408 943 ab
427 901 586 957 Angelo
604 902 715 944 Maio
737 902 1017 956 publicatum:
1040 902 1171 954 XLII,
1194 903 1220 945 2
1241 902 1339 944 item
1358 901 1536 944 Caecilii
1554 901 1767 955 Cypriani
1788 904 1873 956 epi-

357 975 490 1018 stulae
518 990 690 1019 nurnero
715 977 889 1020 XLIII
902 977 950 1019 in
971 977 1057 1019 alio
1077 977 1240 1032 codice),
1271 978 1311 1019 N
1332 976 1562 1020 Casinatem
1584 978 1669 1020 204
1696 991 1799 1021 saec.
1822 978 1873 1033 X,

357 1051 392 1092 P
410 1051 684 1094 Parisiensem
710 1052 817 1094 1647
841 1053 880 1094 A
902 1065 1003 1095 saec.
1028 1052 1101 1104 IX,
1125 1065 1248 1106 quem
1270 1052 1343 1095 alii
1372 1052 1443 1106 qui
1471 1054 1592 1095 antea
1622 1055 1873 1107 usurparunt

359 1126 520 1168 Thuani
541 1127 609 1169 uel
623 1127 713 1177 Nic.
733 1127 858 1169 Fabri
880 1128 946 1170 uel
968 1127 1302 1170 uetustissimum
1319 1126 1602 1170 Colbertinum
1623 1129 1785 1170 uocant.
1808 1139 1874 1170 eos

357 1201 566 1243 artissimo
596 1201 815 1244 affinitatis
842 1202 1006 1244 uinculo
1029 1202 1184 1244 conecti
1207 1214 1300 1243 cum
1323 1202 1571 1255 scriptorum
1593 1201 1689 1244 ordo
1710 1202 1774 1243 his
1796 1202 1874 1244 tri-

357 1276 433 1318 bus
456 1277 684 1319 communis
705 1278 798 1319 tum
819 1277 1043 1319 lectionum
1065 1276 1282 1318 concentus
1304 1275 1573 1318 demonstrat.
1595 1278 1695 1330 quot
1711 1277 1874 1319 libellos

357 1351 633 1405 epistulasque
672 1351 794 1394 huius
835 1351 1021 1394 familiae
1055 1352 1302 1405 archetypus
1338 1351 1600 1404 continuerit,
1642 1364 1736 1393 cum
1772 1364 1874 1405 quae

357 1426 594 1481 apographa
625 1426 853 1481 peculiaria
884 1426 1064 1468 habeant
1094 1426 1236 1468 utrum
1265 1438 1312 1468 ex
1341 1425 1559 1481 archetypo
1592 1427 1757 1469 seruata
1787 1426 1871 1468 sint

356 1513 409 1543 an
439 1500 688 1543 extrinsecus
723 1502 887 1554 recepta
917 1513 998 1542 non
1028 1500 1200 1554 liqueat,
1235 1501 1345 1542 certo
1373 1499 1535 1542 definiri
1563 1501 1718 1554 nequit.
1755 1513 1868 1543 com-

356 1575 500 1617 munia
520 1575 659 1617 autem
682 1575 842 1630 exiguis
865 1575 1151 1629 discrepantiis
1174 1575 1366 1617 exhibent
1386 1574 1504 1617 haec:
1542 1575 1669 1617 libros
1691 1576 1775 1617 tres
1797 1575 1869 1617 Ad

360 1649 596 1699 Quirinum
617 1649 884 1692 :libellum
913 1647 1046 1705 HI*),
1076 1648 1222 1691 deinde
1252 1649 1449 1702 epistulas
1479 1649 1545 1691 63.
1570 1648 1688 1704 6**).
1719 1650 1786 1692 55.
1815 1649 1870 1692 10

357 1725 430 1778 (lo
451 1724 613 1767 omittit
633 1725 709 1767 hoc
729 1725 818 1767 1000
833 1724 939 1778 NP).
962 1724 1030 1766 28.
1048 1724 1101 1766 37
1127 1727 1223 1776 (om.
1245 1724 1320 1766 1100
1340 1723 1428 1766 1000
1444 1723 1510 1776 P).
1536 1725 1599 1765 11.
1618 1723 1672 1765 38
1696 1723 1769 1779 (38
1786 1736 1865 1765 om.

353 1800 429 1842 hoc
458 1799 544 1842 loco
568 1798 635 1855 P).
668 1799 812 1842 3958
846 1798 919 1855 (58
949 1810 1029 1840 om.
1052 1798 1160 1854 LN).
1195 1798 1362 1851 60***).
1397 1798 1461 1840 76.
1487 1798 1675 1849 73****).
1711 1798 1776 1840 71.
1802 1799 1868 1840 70.

355 1874 538 1918 Sentent.
562 1874 683 1927 episc.
707 1873 779 1930 (=
802 1874 875 1916 lib.
902 1873 1035 1930 XIV).
1059 1874 1124 1915 74.
1148 1874 1215 1916 69.
1240 1874 1307 1916 67.
1330 1873 1399 1916 64.
1422 1874 1459 1915 2.
1486 1873 1565 1924 13.,
1589 1872 1781 1915 libellum
1803 1871 1869 1915 De

400 2005 436 2045 1ἓ)
463 2000 645 2035 Breuitati
675 2000 822 2035 studens
850 1999 909 2035 hic
934 2001 969 2034 et
994 2000 1118 2044 postea
1147 1998 1288 2033 libellos
1321 1999 1455 2034 litteris
1483 1999 1663 2042 Romanis,
1695 1998 1867 2043 epistulas

355 2059 519 2093 Arabicis
536 2058 697 2103 signaui3
723 2057 862 2092 numeri
880 2057 951 2102 ipsi
970 2057 1014 2092 ad
1030 2057 1121 2092 hanc
1139 2057 1331 2092 editionem
1349 2057 1484 2091 redacti
1502 2058 1594 2091 sunt.

401 2119 460 2161 Η)
477 2117 579 2152 Finis
609 2115 716 2150 huius
748 2115 923 2161 epistulae
952 2116 987 2150 et
1012 2115 1160 2149 initium
1192 2114 1372 2159 proximae
1402 2115 1499 2149 deest
1528 2114 1566 2148 in
1590 2114 1630 2157 P,
1661 2114 1722 2158 qui
1751 2113 1868 2148 media

356 2174 519 2208 columna
544 2176 611 2208 512
637 2173 834 2218 (columnae
860 2174 1092 2207 numerantur
1117 2172 1248 2207 codicis
1272 2172 1458 2217 bipartitis
1482 2172 1625 2217 paginis
1651 2171 1790 2216 scripti)
1809 2182 1868 2205 ex-

354 2231 456 2265 hibet
480 2231 642 2266 animum
666 2234 698 2265 et
715 2241 776 2266 cor
793 2231 815 2273 †
832 2230 1048 2273 sacrificatis
1064 2230 1105 2265 in
1122 2231 1226 2265 exitu
1244 2232 1301 2274 (ε
1317 2240 1399 2275 pag.
1418 2232 1543 2272 482,10
1560 2230 1595 2264 et
1613 2230 1728 2271 636,8)
1759 2238 1866 2262 anno-

355 2289 456 2323 tante
484 2289 617 2323 recenti
642 2288 830 2323 admodum
854 2298 979 2322 manu:
1005 2288 1028 2330 †
1045 2287 1094 2322 ad
1110 2288 1255 2333 siynum
1279 2298 1393 2332 supra
1405 2287 1567 2331 positum
1584 2286 1681 2321 deest
1697 2285 1742 2319 de
1758 2296 1865 2329 supe-

355 2346 447 2380 riori
470 2346 622 2390 epistola
645 2356 761 2380 unimn
777 2345 908 2387 folium
924 2345 965 2380 in
980 2345 1065 2389 fine,
1084 2345 1136 2379 Et
1152 2344 1197 2379 de
1213 2345 1445 2389 subsequenti
1461 2344 1612 2388 epistola
1628 2343 1669 2377 in
1680 2343 1865 2387 principio

352 2402 433 2444 fere
450 2407 625 2447 quattuor
641 2402 744 2445 folia.

399 2463 479 2503 aaa)
497 2460 614 2495 Medio
639 2460 725 2494 folio
743 2461 805 2494 62¹³
823 2460 885 2496 lin
904 2462 924 2493 8
941 2459 969 2493 L
993 2459 1134 2494 omittit
1158 2461 1266 2494 uerba
1283 2427 1381 2494 diter
1397 2458 1504 2493 deum
1520 2469 1554 2502 p.
1573 2460 1696 2498 692,13
1715 2477 1757 2482 —-
1777 2467 1862 2492 con—

350 2517 508 2560 sessione
532 2518 630 2552 nomi
653 2529 685 2562 p.
705 2520 829 2560 694,14
855 2527 964 2562 eaque
989 2517 1123 2552 inserta
1148 2516 1382 2551 inueniuntur
1398 2515 1458 2550 fol.
1478 2518 1539 2549 63
1555 2514 1579 2551 l.
1600 2518 1641 2548 16
1658 2515 1738 2559 post
1755 2513 1863 2548 uerba

349 2574 540 2619 fastiyium
559 2574 616 2609 cla
633 2574 807 2619 epistulae
826 2577 868 2608 76
887 2586 920 2619 p.
939 2577 1073 2618 828,15.

398 2633 501 2675 ΜΗ)
520 2631 594 2666 Fol.
611 2633 672 2666 65b
690 2631 894 2676 praemittit
906 2631 934 2666 L
953 2632 1128 2676 epistulae
1148 2634 1189 2666 73
1207 2630 1474 2675 inscriptionem
1493 2629 1632 2673 Incipit
1645 2629 1693 2664 ad
1707 2629 1862 2664 quaia-

350 2699 440 2723 num
459 2688 503 2723 de
520 2689 688 2725 hereticis
705 2689 940 2734 baptizandis
956 2690 1131 2733 epistulas
1146 2699 1296 2724 numero
1313 2692 1387 2723 tres
1404 2687 1571 2731 (similem
1589 2688 1632 2722 T:
1658 2687 1797 2731 Incipit
1813 2685 1863 2720 ad

357 2744 546 2779 Vrbanum
570 2745 615 2781 de
639 2746 806 2782 hereticis
830 2746 1066 2790 baptizandis
1091 2746 1242 2791 epistola
1267 2745 1373 2789 III).
1399 2744 1591 2788 epistulam
1610 2746 1652 2778 73
1670 2742 1803 2788 excipit
1821 2744 1861 2775 71

352 2802 414 2836 Ad
438 2801 625 2847 Quintum,
652 2814 758 2848 quam
784 2805 945 2848 sequitur
963 2803 1119 2848 epistula
1138 2806 1190 2846 70,
1209 2802 1309 2837 cuius
1326 2801 1539 2846 subscriptio
1558 2802 1613 2835 est
1630 2800 1693 2836 Ad
1710 2799 1860 2835 Iubaia-

351 2870 439 2894 num
457 2859 502 2895 de
519 2860 685 2896 hereticis
702 2861 937 2905 baptizandis
954 2861 1106 2905 epistola
1121 2871 1157 2895 n.
1173 2860 1252 2895 III.
1272 2859 1460 2904 inscriptio
1477 2859 1553 2894 eius
1571 2858 1608 2894 in
1621 2858 1650 2894 L
1667 2868 1738 2893 non
1755 2866 1861 2903 appa-

352 2918 416 2958 ret,
434 2917 472 2951 in
490 2916 518 2950 P
536 2918 606 2952 est:
626 2918 764 2962 Incipit
781 2918 830 2953 ad
849 2918 1076 2954 quaianum
1094 2918 1183 2954 liber
1198 2917 1389 2954 secundus.
