2032 3248
326 228 408 270 110
728 227 917 261 Arnobii
951 227 1162 262 aduersus
1195 227 1402 261 nationes

323 353 547 395 poenarum
579 343 620 383 et
650 343 944 396 suppliciorum
975 343 1142 384 subire?
1172 342 1455 397 perquiramus
1487 344 1526 384 et
1557 353 1630 384 nos
1661 343 1816 391 contra,

324 422 394 451 cur
425 413 465 452 et
486 422 571 460 uos,
605 424 697 453 cum
728 412 868 454 tantos
900 413 941 453 et
961 413 1049 453 tam
1079 412 1315 453 innumeros
1345 411 1490 454 colatis
1520 412 1613 453 deos
1644 423 1817 464 cumque

322 480 409 521 illis
449 483 565 522 aedes
606 482 868 523 constituatis
907 494 1062 535 sacras,
1109 482 1327 524 simulacra
1373 481 1582 536 effingatis
1622 493 1669 522 ex
1707 492 1816 531 auro,

323 548 597 590 animantium
627 550 818 592 mactetis
850 563 1013 605 greges,
1056 563 1215 592 acerras
1246 562 1386 592 omnes
1415 550 1521 592 turis
1553 550 1693 604 plenas
1723 560 1818 590 con-

321 617 471 659 ficiatis
508 618 720 669 altaribuS,
765 631 836 660 cur
870 631 950 660 non
986 619 1189 661 immunes
1221 619 1345 673 agitis
1366 620 1430 661 tot
1451 618 1754 660 discriminibus
1778 619 1819 659 et
1849 633 1864 657 5

322 687 530 741 procellis,
571 687 719 740 quibus
758 688 907 729 cotidie
948 700 1020 730 uos
1060 690 1189 742 agunt
1226 688 1455 730 exitiabiles
1487 687 1818 741 multiplicesque

322 755 537 797 fortunae?
575 769 657 802 cur,
690 757 871 810 inquam,
904 757 961 799 dii
993 757 1122 798 uestri
1153 757 1314 799 cessant
1345 770 1369 799 a
1398 756 1518 799 uobis
1548 757 1730 798 auertere
1757 756 1820 797 tot

210 834 234 868 f.
248 834 310 868 63b
324 825 560 866 morborum
582 826 622 866 et
643 826 928 867 ualetudinum
970 846 972 863 ι
1009 839 1169 880 genera,
1209 826 1425 881 naufragia
1459 826 1599 867 ruinas
1633 824 1819 867 incendia

320 893 577 947 pestilentias
601 895 875 944 sterilitatem,
899 895 1160 937 amissionem
1183 895 1402 949 pignorum
1427 897 1466 936 et
1482 894 1819 948 proscriptionem

321 963 538 1014 bonorum,
586 963 808 1005 discordias
854 964 1086 1006 simultates
1118 964 1236 1014 bella,
1271 964 1535 1017 captiuitates
1574 963 1739 1005 urbium
1779 964 1864 1007 et1o

322 1031 496 1073 sublatis
534 1031 861 1085 ingenuitatibus
901 1033 1150 1074 seruitutes‘?
1190 1034 1260 1075 sed
1291 1034 1331 1074 et
1362 1032 1479 1074 nobis
1510 1033 1553 1073 in
1584 1031 1819 1073 huiusmodi

322 1100 481 1142 casibus
520 1100 690 1142 minime
727 1101 951 1143 auxiliatur
988 1102 1098 1143 deus.
1145 1103 1336 1155 prompta
1367 1104 1407 1144 et
1446 1101 1668 1143 manifesta
1699 1112 1820 1142 causa

322 1169 396 1210 est.
444 1169 549 1210 nihil
590 1171 652 1211 est
689 1170 799 1211 enim
838 1170 955 1212 nobis
986 1171 1235 1223 promissum
1268 1171 1319 1212 ad
1359 1171 1464 1213 hanc
1502 1170 1635 1212 uitam
1672 1182 1744 1211 nec
1776 1168 1819 1210 in

322 1237 562 1280 carunculae
592 1238 712 1279 huius
743 1238 929 1281 folliculo
961 1239 1197 1281 constitutis
1228 1239 1314 1293 opis
1346 1239 1503 1293 aliquid
1532 1251 1724 1293 sponsum
1757 1239 1819 1279 est

321 1307 544 1360 auxiliique
589 1307 816 1357 decretum3
864 1308 1093 1361 quinimmo
1140 1309 1271 1350 edocti
1319 1321 1461 1350 sumus
1506 1308 1639 1350 minas
1678 1319 1819 1348 omnes
1833 1326 1865 1350 15

321 1388 584 1429 quaecunque
615 1377 710 1418 sunt
740 1377 857 1429 parui
888 1377 1033 1419 ducere
1065 1378 1187 1430 atque
1219 1377 1439 1419 aestimare
1470 1377 1670 1426 fortunae,
1704 1389 1750 1418 ac
1783 1376 1819 1417 si

321 1445 480 1498 quando
518 1445 721 1500 ingruerit
759 1446 821 1487 uis
861 1446 1079 1499 quaepiam
1118 1446 1301 1501 grauior,
1341 1459 1465 1500 quam
1503 1446 1628 1487 finem
1657 1457 1819 1487 necesse

322 1514 377 1555 sit
408 1515 609 1568 consequi,
642 1515 870 1556 adscribere
901 1515 1126 1556 infortunio
1168 1515 1423 1568 uoluptatem
1464 1527 1537 1556 nec
1567 1514 1713 1556 timere
1744 1526 1818 1556 nec

322 1583 461 1638 fugere
499 1596 577 1637 quo
610 1583 773 1625 facilius
812 1584 903 1625 exui
944 1584 1220 1637 corporalibus
1262 1584 1466 1637 possimus
1497 1587 1537 1626 et
1567 1583 1746 1625 uinculis
1779 1584 1819 1624 et

253 1653 305 1694 77
321 1652 577 1694 tenebrosam
608 1654 777 1695 euadere
808 1653 1061 1694 caecitatem.
1108 1653 1245 1706 itaque
1277 1654 1358 1695 ista
1378 1666 1503 1706 quam
1524 1652 1661 1695 dicitis
1682 1663 1818 1706 perse·
1832 1667 1865 1693 20

320 1722 493 1763 cutionis
525 1722 722 1775 asperitas
755 1722 944 1763 liberatio
976 1724 1114 1764 nostra
1145 1725 1217 1772 est,
1249 1733 1328 1764 non
1358 1722 1599 1775 persecutio,
1632 1733 1704 1763 nec
1725 1733 1820 1774 poe-

317 1803 413 1832 nam
444 1791 606 1832 uexatio
637 1791 785 1832 inferet
815 1791 885 1832 sed
917 1791 970 1832 ad
1002 1791 1134 1832 lucem
1166 1791 1370 1833 libertatis
1403 1791 1558 1832 educet.
1600 1792 1648 1832 ut
1679 1790 1718 1832 si
1740 1789 1819 1831 ali-

318 1859 409 1912 quis
448 1861 593 1901 brutus
631 1872 678 1901 ac
717 1859 891 1901 stolidus
931 1860 973 1901 in
1013 1872 1216 1902 carcerem
1257 1860 1466 1902 hominem
1504 1861 1648 1901 datum
1678 1859 1721 1900 in
1752 1859 1819 1899 in-

315 1939 456 1981 gressu
508 1928 793 1981 quaestionum
847 1941 1071 1982 numquam
1125 1929 1288 1971 adficier
1340 1931 1403 1970 sat
1449 1928 1644 1983 grauibus
1695 1929 1819 1981 atque

316 1995 550 2038 inmanibus
590 1997 798 2039 existimet
842 1998 981 2050 poenis
1035 1998 1114 2039 nisi
1153 1998 1195 2039 in
1226 1998 1362 2052 ipsum
1408 1997 1564 2039 saeuiat
1602 2009 1863 2047 carcerem,25

365 2170 384 2203 1
409 2169 618 2213 requirimus
644 2168 745 2203 Salm
911 2169 931 2202 3
957 2168 1013 2202 illi
1038 2167 1134 2203 sedes
1161 2168 1232 2203 Sab
1397 2168 1418 2202 4
1443 2167 1559 2202 thuris
1586 2168 1621 2202 P
1645 2178 1727 2202 corr

318 2227 438 2270 plenas
464 2227 551 2261 Urs:
569 2226 682 2270 plenis
700 2226 736 2260 P
850 2225 1047 2259 coniiciatis
1066 2225 1258 2260 Heraldzcs
1374 2225 1394 2258 6
1412 2227 1549 2270 angunt
1572 2225 1727 2260 Orellius

319 2284 341 2318 8
371 2294 572 2318 moruorum
598 2284 633 2318 P
656 2294 739 2318 corr
922 2274 1134 2317 ualetudim}
1160 2283 1195 2317 P
1377 2283 1398 2316 9
1424 2282 1668 2317 *amissionem
1693 2282 1728 2315 P

319 2341 364 2374 10
388 2341 591 2375 simultates
616 2341 709 2375 bella
725 2341 855 2385 scripsi
864 2354 874 2374 .·
901 2341 993 2374 bella
1018 2341 1222 2375 simultates
1248 2341 1283 2374 P
1422 2341 1464 2374 14
1489 2339 1696 2374 carunculae
1723 2338 1817 2372 Sub:

319 2399 523 2433 calunculae
548 2399 583 2432 P
769 2399 811 2432 17
836 2409 904 2442 qua
928 2398 951 2431 f.
978 2409 1012 2431 n.
1039 2408 1064 2431 s.
1090 2408 1117 2431 c.
1145 2398 1239 2431 uitae
1265 2397 1366 2432 Salm
1558 2397 1600 2430 18
1624 2395 1818 2430 adscribere

319 2455 476 2490 fortunio
516 2456 758 2500 [uoluptatem]
796 2467 858 2490 nec
897 2456 965 2490 Urs
1006 2455 1215 2500 [adscribere
1255 2454 1453 2489 infortunio
1486 2453 1718 2498 uoluptatem]
1756 2463 1818 2487 nec

319 2513 507 2548 Hercezcius
644 2513 769 2548 timere
792 2515 943 2547 mortem
976 2513 994 2547 ,2
1140 2513 1182 2547 19
1207 2524 1224 2546 e
1255 2512 1320 2547 Gel
1344 2523 1383 2546 ex
1416 2512 1484 2547 Urs
1627 2511 1671 2545 22
1695 2511 1818 2544 uexato

320 2570 393 2605 Sab
531 2570 658 2605 inferet
689 2571 756 2605 Gel
783 2571 945 2614 (inferret
972 2570 1080 2613 Sem).-
1117 2570 1246 2604 inferat
1265 2571 1301 2604 P
1439 2570 1562 2603 educet
1589 2568 1679 2603 Sao:
1717 2567 1817 2601 sedu-

319 2630 374 2662 cet
400 2629 434 2662 P
570 2629 614 2663 23
640 2639 775 2663 carcere
801 2632 829 2663 θ’
969 2629 1091 2663 datum
1118 2628 1207 2663 Urs:
1232 2630 1357 2662 natum
1376 2628 1411 2662 P
1434 2627 1641 2661 damnatum
1663 2626 1726 2659 Ge]

319 2685 355 2719 in
388 2686 549 2729 ingressu
573 2686 701 2730 scripsi
710 2700 721 2719 .·
758 2686 794 2720 in
820 2697 1000 2730 egressum
1027 2687 1062 2720 P
1091 2686 1309 2730 inegressum
1335 2684 1409 2719 Sal>
1444 2684 1639 2728 ingressum
1672 2683 1737 2716 Gel
1762 2693 1817 2716 om

327 2742 395 2776 Urs
419 2742 552 2776 lumine
570 2753 706 2776 cassum
725 2743 999 2777 massmannus
1135 2743 1180 2776 ‘24
1198 2742 1340 2776 adficiet
1357 2741 1503 2784 scripsi:
1527 2740 1673 2774 adficere
1693 2740 1727 2773 P

319 2802 374 2833 sat
398 2799 567 2844 grauibus
591 2801 738 2844 scripsi.-
776 2802 1038 2845 segregauimus
1064 2800 1099 2834 P
1127 2810 1161 2834 se
1186 2799 1357 2844 grauibus
1384 2798 1457 2833 Sal)
1490 2808 1526 2831 se
1550 2797 1816 2842 grauaminibus

320 2856 594 2891 Klussmamzus
