2032 3248
744 196 876 231 Liber
901 197 986 232 1111.
1527 200 1607 242 149

124 311 347 354 innumeris
389 311 561 353 debeant
601 324 718 354 suam
760 325 899 354 curam
939 312 1245 365 custodiamque
1286 313 1485 366 praebere.
1538 326 1608 355 cur

123 380 233 421 enim
264 381 361 421 deus
392 380 545 432 praesit
576 381 689 421 melli
720 380 790 422 uni
821 381 1124 431 tantummode,
1164 394 1243 422 non
1282 382 1433 434 praesit
1464 394 1608 423 cucur-

122 448 242 498 bitis,
282 447 416 502 rapiS‚
456 460 534 489 non
567 449 752 499 cunelae,
795 449 1016 500 nasturtiO,
1047 462 1125 491 non
1156 450 1275 491 uiciis
1306 451 1481 492 betaceis
1513 463 1608 492 cau-

121 517 259 558 libus?
304 529 375 558 cur
405 517 492 559 sola
522 517 746 558 meruerint
767 529 856 558 ossa
876 518 1064 568 tutelam,
1097 531 1176 559 non
1210 519 1432 560 meruerint
1454 532 1608 574 ungues

95 585 197 638 spili
235 585 448 637 ceteraque
487 585 567 626 alia
606 585 703 626 locis
734 586 866 639 posita
897 586 939 626 in
970 586 1150 627 obscuris
1182 588 1222 628 et
1253 587 1609 630 uerecundioribus

123 654 330 707 partibus,
378 654 453 695 etsi
486 655 580 695 sunt
612 654 771 695 casibus
812 653 982 696 obnoxia
1012 655 1202 707 plurimis
1234 656 1273 696 et
1304 668 1445 697 curam
1476 657 1609 711 magis

123 721 290 762 deorum
321 722 659 776 diligentiamque
691 723 952 764 desiderant?
984 725 1056 765 aut
1087 724 1121 765 si
1144 726 1184 764 et
1205 724 1276 765 has
1307 724 1443 766 dicitis
1474 726 1610 778 partes

124 790 208 832 suis
240 803 357 844 agere
387 791 460 833 sub
498 791 785 833 tutelatoribus
827 792 953 842 diuis,
996 792 1193 845 incipient
1234 793 1405 834 totidem
1436 794 1492 835 dii
1524 807 1610 836 esse

124 860 221 912 quot
252 871 313 900 res
344 861 458 901 sunt:
503 872 575 901 nec
606 860 875 913 explicabitur
906 860 1025 915 ratio,
1059 873 1129 902 cur
1160 872 1240 901 non
1271 861 1391 903 rebus
1422 862 1610 904 omnibus

79 941 110 966 ιο
123 928 289 969 diuinae
328 928 586 980 praesideant
628 941 767 978 curae,
811 929 845 970 si
878 930 1010 970 certas
1041 943 1104 971 res
1136 942 1219 971 esse
1253 930 1400 982 quibus
1432 930 1613 983 praesint

121 996 289 1037 numina
319 997 359 1037 et
389 997 628 1049 prouideant
659 997 856 1039 dixeritis.
903 997 1000 1050 quid
1023 997 1172 1048 dicitis,
1205 1010 1225 1038 o
1248 1000 1382 1051 patres
1415 1011 1611 1041 nouarum
1630 1001 1674 1042 11

122 1065 387 1119 religionum,
420 1066 518 1118 quid
548 1067 830 1119 potestatum?
872 1066 1035 1107 hoscine
1068 1080 1090 1108 a
1121 1067 1237 1109 nobis
1269 1068 1363 1109 deos
1394 1068 1540 1109 uiolari
1573 1069 1614 1110 et

123 1134 286 1188 neglegi
317 1135 509 1189 sacrilego
541 1135 768 1176 clamitatis
800 1135 1146 1188 queritaminique
1168 1136 1413 1189 contemptu,
1447 1138 1613 1178 Latera-

123 1217 222 1244 num
253 1203 419 1257 genium
451 1204 651 1254 focorum,
694 1204 976 1245 Limentinum
1008 1205 1233 1257 praesidem
1265 1205 1480 1255 liminum,
1512 1205 1613 1246 Per-

81 1272 295 1314 15tundam
332 1274 530 1315 Perficam
568 1273 921 1314 Noduterensem‘?
966 1275 1006 1313 et
1038 1273 1132 1325 quia
1170 1286 1248 1314 non
1288 1273 1488 1327 supplices
1519 1275 1614 1315 Mu-

125 1345 223 1383 111110
255 1342 559 1395 procumbimus
591 1343 711 1395 atque
733 1343 910 1391 Tutuno,
943 1342 993 1383 ad
1015 1342 1230 1383 interitum
1253 1355 1314 1383 res
1336 1343 1470 1395 lapsas
1493 1343 1615 1395 atque

125 1411 260 1465 ipsum
291 1411 426 1452 dicitis
458 1411 655 1453 mundum
688 1412 798 1465 leges
831 1424 924 1452 suas
957 1411 997 1451 et
1034 1410 1258 1452 constituta
1299 1411 1509 1452 mutasse?
1551 1411 1615 1452 at-

126 1480 222 1533 quin
254 1481 411 1533 uidete,
444 1481 679 1533 perspicite,
721 1493 769 1521 ne
800 1481 890 1521 tum
922 1479 1024 1521 talia
1066 1479 1296 1533 confingitis
1333 1480 1514 1520 monstra
1550 1480 1615 1520 ta-

126 1549 181 1590 lia
211 1550 331 1602 atque
363 1550 577 1601 molimini,
610 1552 702 1592 deos
733 1549 980 1590 offenderitis
1011 1549 1271 1598 certissimos,
1304 1548 1337 1588 si
1369 1548 1487 1589 modo
1519 1548 1617 1588 sunt

81 1633 113 1658 20
127 1618 203 1659 ulli
241 1619 309 1670 qui
340 1618 460 1661 istius
496 1618 671 1660 nominis
702 1619 932 1660 mereantur
974 1618 1173 1659 sustinere
1206 1618 1326 1669 atque
1358 1616 1504 1658 habere
1535 1616 1616 1657 fas-

128 1687 296 1741 tigium,
342 1700 415 1729 1100
458 1690 621 1742 propter
666 1688 789 1729 aliam
836 1700 1001 1729 causam
1047 1688 1155 1728 mala
1204 1687 1285 1728 ista
1335 1698 1437 1738 quae
1481 1685 1618 1726 dicitis

132 1755 138 1810 Ι
173 1755 357 1797 ferueant
388 1759 427 1797 et
459 1756 671 1798 cotidianis
704 1756 1000 1798 accessionibus
1042 1756 1297 1797 insolescant.
1346 1767 1416 1796 cur
1447 1766 1562 1808 ergo,
1595 1759 1725 1794 ef.84⁶

128 1824 244 1865 uobis
281 1823 451 1866 fortasse
488 1825 636 1878 aliquis
668 1825 835 1874 dixerit,
878 1837 965 1865 esse
996 1823 1147 1865 falsum
1185 1826 1247 1864 est
1278 1824 1377 1864 istos
1409 1825 1532 1864 deos?
1577 1822 1617 1862 et

129 1892 307 1934 inuocati
338 1893 387 1934 ab
419 1893 700 1947 haruspicibus
730 1895 892 1946 parent,
936 1893 976 1933 01
1007 1891 1090 1933 suis
1131 1892 1250 1933 acciti
1281 1891 1514 1932 nominibus
1545 1903 1616 1931 ue-

172 2018 193 2051 2
211 2019 293 2053 111011
312 2020 347 2053 P
360 2029 440 2053 corr
561 2019 582 2052 3
599 2018 740 2052 cunelae
761 2017 1074 2052 Ililclebrcmdius:
1094 2016 1234 2050 culenae
1252 2016 1286 2049 P
1302 2015 1438 2049 cunilae
1456 2014 1527 2048 Sao

129 2076 229 2110 uiciis
260 2076 434 2110 Orellius:
459 2075 548 2109 ficiis
575 2076 610 2108 P
632 2075 705 2109 ficis
733 2075 803 2109 Sal)
964 2073 1115 2107 betaceis
1142 2074 1258 2107 Salvi:
1284 2072 1446 2106 beaticiis
1473 2072 1507 2104 P
1526 2070 1618 2104 betis

129 2134 200 2168 Sal>
338 2134 358 2167 6
385 2133 450 2167 etsi
477 2132 648 2166 Zifnkius:
673 2134 707 2166 et
726 2132 759 2165 P
782 2132 864 2165 haec
883 2131 1067 2165 Meursius
1205 2130 1225 2163 8
1250 2128 1463 2163 tutelaribus
1490 2128 1561 2162 Sab
1579 2128 1619 2161 in

128 2202 188 2226 err
325 2191 345 2224 9
370 2193 454 2235 quot
473 2190 561 2225 Sab:
586 2189 676 2234 quod
695 2190 730 2223 P
868 2190 909 2222 10
932 2187 1152 2232 praesideant
1171 2187 1262 2221 Sub:
1287 2185 1475 2230 praesideatt
1495 2185 1530 2218 P

130 2248 171 2282 12
196 2248 281 2291 quid
313 2247 400 2282 Urs:
433 2248 491 2291 qui
517 2248 551 2281 P
744 2246 885 2279 hoscine
912 2246 1030 2280 Salm:
1062 2245 1227 2278 obscenae
1255 2244 1289 2277 P
1319 2242 1463 2276 obscene
1491 2241 1575 2282 Sab,
1601 2251 1620 2274 r

129 2304 358 2338 obscenarum
385 2305 555 2338 Pithoeus
738 2303 866 2337 uiolari
894 2303 985 2337 Sab:
1010 2302 1144 2335 uiolare
1169 2302 1202 2333 P
1383 2299 1426 2333 13
1451 2298 1621 2341 sacrilege

131 2361 202 2396 Sab
340 2361 622 2405 queritaminquc
642 2361 676 2394 P
692 2371 773 2394 corr
912 2359 1086 2393 contemni
1107 2358 1177 2391 Sal)
1316 2355 1437 2389 Larem
1458 2355 1528 2389 Sab

131 2418 174 2452 14
198 2419 339 2462 genium
366 2419 401 2452 P
537 2418 752 2452 Pertundam
773 2417 861 2451 Sab:
885 2419 1016 2460 pertus.
1041 2415 1191 2459 quedam
1212 2414 1247 2447 P
1385 2413 1427 2445 15
1452 2412 1620 2446 Perficam

130 2475 214 2518 Sal),
239 2486 277 2509 r:
302 2476 427 2519 perfica
453 2476 487 2509 P
622 2474 805 2515 Nodutim,
831 2474 1015 2507 Terensem
1041 2473 1139 2506 Salm
1277 2470 1424 2503 Mutuno
1446 2468 1532 2503 Gel:
1558 2468 1620 2503 hoc

126 2523 146 2565 e
162 2542 230 2566 uno
247 2533 281 2566 P
305 2532 367 2566 hoe
384 2534 437 2566 est
453 2532 550 2566 humi
572 2532 643 2566 Sal)
767 2532 808 2565 16
826 2531 966 2565 Τ11111110
986 2529 1076 2564 Sao.-
1101 2531 1154 2563 est
1172 2530 1211 2562 ut
1228 2538 1296 2561 uno
1315 2528 1348 2559 P
1474 2526 1516 2560 18
1533 2525 1622 2559 talia

129 2591 233 2633 atque
260 2589 349 2624 Sab:
374 2590 463 2624 talia
488 2590 619 2633 adquae
637 2591 689 2632 (ae
706 2599 749 2622 em
767 2600 786 2622 a
804 2591 848 2631 ε’)
874 2589 907 2620 P
1043 2587 1084 2620 19
1109 2584 1328 2619 offenderetis
1353 2584 1389 2618 P
1404 2594 1486 2618 corr
1502 2585 1530 2616 c‘

130 2647 172 2681 21
198 2646 316 2680 dicitis
343 2647 426 2688 δαὶ),
451 2657 490 2680 r.-
516 2646 620 2680 dictis
646 2646 682 2680 P
844 2645 886 2678 22
912 2644 1050 2677 seruant
1076 2643 1112 2676 P
1135 2652 1216 2676 corr
1240 2652 1258 2675 c
1427 2639 1622 2673 inolescant

131 2703 202 2738 Sab
379 2715 437 2738 0111·
463 2704 552 2738 Sab:
578 2714 655 2737 cum
681 2703 714 2736 P
889 2701 932 2734 :23
957 2700 1084 2743 aliquis
1110 2700 1144 2733 P
1327 2697 1433 2731 falsos
1460 2696 1532 2731 Sab

130 2762 183 2794 est
208 2761 282 2795 acld
312 2761 480 2796 Oehleras
625 2760 705 2793 deos
731 2758 911 2793 contendis
943 2758 1007 2792 Gel
1149 2756 1196 2799 et]
1224 2755 1253 2789 si
1280 2754 1351 2789 Sal)
1497 2753 1542 2787 24
1566 2763 1625 2787 ac-

130 2817 209 2851 criti
237 2818 271 2851 P
