2032 3248
1613 238 1628 246 -r

592 234 649 268 Ad
690 234 990 267 Nouatianuni
1029 245 1055 266 c.
1082 234 1181 267 2-43.
1581 240 1632 275 ἧς)

137 342 215 379 Noe
253 344 339 378 ante
377 341 559 378 diluuium
584 341 651 378 Dei
688 340 926 387 prouidentia
961 340 1144 377 fabricata
1174 342 1231 377 est
1261 350 1358 385 arca,
1399 340 1436 376 in
1465 351 1539 386 qua
1560 350 1633 376 non

137 413 282 448 tantum
312 411 450 447 munda
479 409 669 454 animalia,
707 410 771 446 sed
803 411 840 446 et
862 409 1052 454 inmunda,
1076 412 1117 445 ut
1140 409 1208 445 tibi
1239 409 1312 446 cito
1350 410 1631 455 respondeatur,

138 479 363 518 Norint-iane.
399 479 613 515 inuenimus
653 490 734 515 esse
772 478 931 515 reclusa.
965 490 1058 525 quae
1096 490 1183 515 arca
1217 478 1292 515 sola
1335 490 1416 514 cum
1447 478 1506 514 his
1538 489 1633 524 quae

135 559 258 585 secum
296 547 443 584 fuerant
481 547 640 584 liberata
670 548 728 584 est
766 547 804 582 in
834 558 943 593 aqua,
974 549 1013 584 at
1043 547 1156 584 ceteri
1185 546 1248 592 qui
1273 547 1306 584 in
1329 558 1371 583 ea
1394 546 1538 584 inuenti
1560 559 1632 584 non

105 619 221 655 5sunt
258 616 399 652 diluuio
437 616 640 662 perierunt.
673 627 716 652 ex
754 614 821 652 illa
858 615 974 662 igitur
1009 627 1096 652 arca
1132 615 1378 652 remittuntur
1418 616 1511 652 duae
1542 626 1632 652 aues

134 697 239 722 corax
264 687 300 721 et
336 684 518 721 columba.
552 684 615 731 qui
645 696 751 721 corax
784 695 872 721 nere
910 684 1101 721 hominum
1124 684 1386 721 inmundorum
1409 686 1445 720 et
1467 684 1504 720 in
1526 688 1630 720 tene-

133 754 210 790 bris
247 753 437 800 perpetuis
473 752 686 790 futurorum
722 765 788 799 per
824 753 963 790 saeculi
999 753 1115 790 latam
1155 754 1256 790 uiam
1290 754 1327 789 et
1356 752 1537 788 inmunda
1567 764 1630 789 ue-

133 821 316 859 scentium
359 824 617 868 apostatarum
648 821 861 859 futurorum
897 824 935 859 et
969 823 1015 859 ad
1052 822 1247 859 ecclesiam
1285 833 1322 858 se
1360 821 1521 868 amplius
1558 833 1631 858 non

134 890 359 928 uertentium
378 890 535 937 figuram
552 890 738 936 portabat,
761 902 871 937 quem
894 890 992 927 sicut
1024 890 1192 937 legentes
1223 890 1433 926 inuenimus
1455 889 1632 926 emissum

88 973 117 996 10
132 961 168 996 et
190 970 262 996 non
295 958 456 1005 amplius
489 970 694 996 reuersum.
729 959 816 995 huic
837 970 925 1005 ergo
948 959 1010 995 aui
1034 959 1070 995 id
1092 960 1149 996 est
1171 958 1348 995 inmundo
1371 958 1523 1004 spiritui
1546 958 1630 1005 qui-

131 1040 201 1075 que
224 1027 365 1064 fuerint
387 1027 529 1065 similes
552 1027 698 1064 inuenti
720 1028 768 1064 ad
790 1027 985 1065 ecclesiam
1002 1028 1163 1074 amplius
1182 1027 1320 1065 reuerti
1338 1039 1410 1064 non
1432 1029 1630 1074 poterunt:

131 1097 253 1144 quiet
276 1096 307 1132 si
337 1096 539 1141 noluerint,
578 1096 756 1133 Dominus
790 1096 1004 1143 prohibebit
1032 1096 1096 1143 qui
1127 1097 1247 1144 Moysi
1270 1095 1459 1143 praecepit
1481 1096 1630 1133 dicens:

131 1176 258 1202 omne
306 1164 488 1201 uarium
535 1167 580 1201 et
626 1164 900 1202 inmundum
945 1165 1044 1202 eice
1091 1165 1222 1202 foras
1269 1170 1408 1201 extra
1454 1166 1630 1201 castra.

131 1234 338 1271 (olumnam
360 1236 485 1270 autem
508 1233 682 1270 emissam
706 1234 744 1269 in
765 1233 973 1270 continenti
996 1233 1232 1280 significatur
1254 1244 1444 1271 reuersam
1467 1244 1508 1270 eo
1531 1234 1629 1279 quod

86 1315 115 1338 15
131 1302 294 1349 requiem
317 1314 391 1339 non
414 1302 570 1338 haberet
590 1302 748 1348 pedibus
772 1302 867 1339 suis:
891 1314 1003 1348 quam
1022 1302 1101 1339 Noe
1123 1301 1264 1348 recepit
1286 1302 1323 1338 in
1341 1313 1464 1339 arcam
1487 1303 1523 1338 et
1547 1304 1630 1347 post

130 1371 329 1417 septimum
352 1371 449 1407 diem
474 1371 608 1407 iterato
631 1370 804 1407 emissam
826 1371 967 1417 recepit
989 1382 1069 1408 eam
1099 1372 1311 1417 portantem
1335 1382 1399 1407 suo
1423 1381 1484 1407 ore
1507 1369 1629 1407 oliuae

129 1438 272 1476 folium.

187 1507 235 1543 Et
258 1518 325 1554 ego
355 1507 517 1554 quidem,
556 1508 692 1545 fratres
722 1507 971 1554 dilectissimi,
1009 1520 1082 1545 non
1112 1510 1251 1545 temere
1276 1508 1348 1545 ista
1369 1508 1541 1554 cogitans
1563 1518 1629 1544 nec
1645 1508 1668 1545 3

130 1576 290 1612 huma-na
331 1576 517 1622 sapientia
554 1576 794 1622 conspirans,
841 1577 906 1613 sed
943 1578 984 1613 ut
1019 1577 1173 1613 caelesti
1218 1576 1367 1613 Domini
1411 1575 1629 1623 dignatione

85 1654 116 1678 20
131 1643 336 1680 necessarie
357 1645 394 1680 et
416 1630 648 1689 pertinenter
675 1644 865 1681 mentibus
886 1645 1027 1682 nostris
1049 1645 1241 1692 concipere
1270 1644 1513 1691 permittitur,
1548 1645 1629 1681 dico

132 1711 234 1748 illam
259 1712 293 1748 id
323 1715 382 1748 est
418 1712 628 1749 columbam
666 1713 854 1759 duplicem
885 1713 994 1750 nobis
1032 1725 1097 1760 per
1119 1716 1238 1750 semet
1271 1713 1390 1759 ipsam
1413 1713 1627 1760 significare

129 1780 297 1826 liguram.
332 1781 490 1827 primam
526 1781 674 1828 quidem
704 1783 740 1819 et
776 1781 1022 1828 principalem
1061 1793 1166 1818 suam
1187 1783 1256 1818 hoc
1279 1785 1335 1819 est
1373 1781 1623 1828 spiritalem**

128 1849 215 1885 olim
239 1849 273 1885 id
297 1851 354 1886 est
376 1850 422 1886 ab
445 1849 553 1886 initio
577 1850 726 1887 diuinae
749 1850 1088 1888 administrationis
1110 1850 1266 1894 insistit,
1290 1853 1328 1886 et
1350 1852 1626 1887 sacramentum

126 1917 379 1964 baptismatis,
403 1919 500 1964 quod
519 1919 556 1955 in
574 1919 735 1956 salutem
753 1920 901 1966 generis
917 1919 1069 1956 humani
1091 1919 1282 1965 prouisum
1305 1921 1342 1956 et
1359 1918 1429 1955 soli
1447 1918 1627 1956 ecclesiae

81 1999 112 2022 25
128 1986 281 2023 caelesti
319 1987 464 2024 ratione
502 1987 691 2024 celebrare
730 1987 988 2034 permissum,
1028 1999 1093 2034 per
1130 1999 1170 2025 os
1207 1999 1314 2024 suum
1357 1986 1625 2033 praeostendit.

127 2057 184 2091 ter
206 2055 301 2092 enim
325 2055 459 2092 emissa
482 2067 525 2093 ex
547 2067 633 2093 arca
660 2056 824 2093 uolitans
846 2067 912 2102 per
940 2067 1063 2093 aerem
1086 2067 1198 2103 super
1223 2068 1358 2102 aquam
1389 2055 1627 2102 significabat

128 2123 195 2159 iam
242 2127 329 2159 tunc
360 2124 537 2161 ecclesiae
577 2127 726 2162 nost-rae
764 2127 1011 2163 sacramenta.
1046 2125 1141 2162 unde
1170 2126 1208 2161 et
1240 2124 1420 2160 Dominus
1451 2124 1623 2161 Christus

266 2256 302 2288 13
328 2255 433 2289 Num.
461 2257 493 2295 5,
518 2256 549 2289 2.

215 2387 235 2417 ,Ἴ
261 2386 361 2429 quae]
389 2386 450 2428 qui
478 2386 517 2418 K
606 2387 627 2419 4
653 2398 744 2429 aqua
769 2389 806 2420 at
831 2388 977 2431 scripsi,
1004 2399 1071 2431 qua
1097 2390 1131 2422 et
1157 2388 1216 2422 Kv
1309 2390 1422 2422 cetera
1448 2400 1535 2432 quae
1560 2401 1580 2424 v

125 2442 269 2475 inuenta
297 2453 313 2475 n
443 2443 460 2475 7
488 2442 594 2485 uiam]
622 2443 733 2476 uitaln
760 2444 800 2476 K
928 2446 949 2478 ὃ
975 2445 1125 2488 amplius
1154 2446 1270 2486 KEr.⁷
1296 2446 1389 2480 ultra
1414 2458 1434 2480 v
1556 2457 1625 2481 non

125 2499 163 2531 K
179 2511 204 2531 s.
224 2500 244 2531 I.
267 2511 307 2533 m.
327 2504 348 2532 2
481 2500 501 2531 9
520 2499 611 2532 sicut
630 2500 668 2532 K
686 2501 763 2540 Er.5
781 2512 846 2534 om.
872 2512 907 2541 v3
926 2502 1055 2535 siccum
1075 2502 1250 2546 legentem
1270 2503 1468 2537 inuenimus
1491 2504 1578 2545 fort.

125 2556 167 2588 1«)
191 2566 259 2588 non
290 2557 325 2589 K
340 2569 356 2587 s
387 2557 406 2590 l.
426 2568 469 2590 m.
488 2561 510 2589 2
686 2558 722 2590 11
753 2560 936 2601 potfferunt
962 2559 1004 2593 K
1175 2560 1216 2593 13
1242 2560 1334 2593 foras
1361 2572 1404 2594 ea:
1431 2560 1515 2594 soris
1541 2561 1582 2594 K
1619 2555 1622 2559 ’

127 2612 165 2645 14
190 2613 350 2646 columba
368 2624 397 2646 a.
417 2615 731 2647 omissa—reuersa
755 2626 773 2648 v
914 2617 954 2650 16
980 2617 1146 2649 iteratore
1172 2617 1315 2650 missam
1344 2618 1384 2650 K
1510 2619 1553 2651 18
1577 2618 1622 2651 ti-

122 2680 212 2702 mer«)
239 2670 291 2702 A*
446 2672 486 2704 15³
512 2671 663 2704 humano
691 2672 729 2705 K
872 2674 916 2706 20
942 2673 1028 2717 dico]
1057 2673 1134 2707 dico
1161 2677 1278 2707 autem
1307 2675 1347 2707 K
1482 2675 1527 2708 22
1552 2675 1623 2718 pri-

122 2737 213 2759 muni
243 2727 280 2759 [ι’
435 2719 529 2771 spalc
556 2729 611 2761 K:
639 2740 730 2771 quac
755 2733 926 2763 secuntur
951 2734 1122 2773 corrupta
1146 2734 1232 2764 sunt
1387 2731 1431 2764 24
1457 2731 1621 2764 eeclesiae

121 2783 315 2816 catholicin*
339 2784 374 2817 K
491 2786 535 2817 ⁶25)
561 2785 766 2828 permissum
786 2785 915 2819 addidi
1034 2787 1075 2819 243
1095 2786 1266 2829 pinquis-sa
1284 2787 1324 2820 K
1462 2789 1621 2830 superat-

120 2850 192 2872 cam
222 2841 272 2872 K·
