2032 3248
792 233 921 267 Liber
955 233 992 267 V.
1557 237 1633 279 191

148 347 342 389 traditur:
381 346 387 400 1
422 346 549 389 frater
586 348 812 388 trucidatus
851 347 900 389 ab
939 347 1154 398 fratribuS,
1198 349 1433 403 interempti
1465 362 1509 391 ex
1541 363 1635 393 san·
1650 362 1672 393 f.
1690 363 1752 394 108

148 416 269 470 guine
301 416 440 469 apium
471 415 628 465 natum,
661 414 915 469 prohibitum
948 416 1099 457 mensis
1131 416 1249 457 holus
1271 416 1376 457 illud
1398 418 1555 471 adponi,
1588 432 1638 461 ne

148 498 170 526 a
200 484 390 526 Manibus
428 484 580 525 mortui
622 484 884 537 inexpiabilis
925 484 1226 526 contraheretur
1267 486 1442 528 offensio.
1489 487 1558 528 sed
1598 489 1638 530 et

148 555 221 595 illa
253 552 488 594 desistimus
519 552 790 593 Bacchanalia
820 552 950 593 altera
981 553 1226 606 praedicare,
1258 555 1299 595 in
1323 555 1470 608 quibus
1492 568 1639 598 arcana

120 624 188 664 set
219 621 389 663 tacenda
429 633 492 661 res
534 619 719 673 proditur
756 621 1069 673 insinuaturque
1109 622 1297 675 sacratis,
1338 625 1384 664 ut
1420 625 1637 677 occupatus

147 690 370 743 puerilibus
420 689 588 730 ludicris
640 689 861 730 distractus
911 689 961 730 ab
1001 690 1160 731 Titanis
1192 691 1313 732 Liber
1365 692 1440 741 sit,
1492 694 1536 733 ut
1587 693 1636 734 ab

148 760 278 800 isdem
312 757 573 799 membratim
605 758 737 799 sectus
768 760 890 810 atque
921 757 963 798 in
994 758 1141 799 ollulas
1180 759 1384 801 coniectus
1415 761 1461 801 ut
1493 773 1637 814 coque-

149 829 272 879 retur,
306 826 648 879 quemadmodum
681 826 865 879 Iuppiter
896 826 1101 868 suauitate
1134 826 1268 868 odoris
1300 828 1488 878 inlectus,
1521 829 1637 870 inuo-

150 900 261 938 catus
293 896 494 937 aduolarit
525 896 574 936 ad
604 895 823 949 prandium
863 896 1132 948 conpertaque
1163 908 1205 936 re
1236 897 1353 949 graui
1389 898 1637 950 grassatores

105 965 327 1006 meruerit
368 964 542 1006 fulmine
581 966 702 1017 atque
734 965 774 1005 in
814 965 916 1005 imas
949 963 1110 1005 Tartari
1148 965 1479 1017 praecipitauerit
1511 966 1637 1008 sedes.

150 1034 263 1075 cuius
305 1034 362 1075 rei
393 1033 676 1074 testimonium
717 1033 1084 1087 argumentumque
1125 1032 1312 1074 fortunae
1343 1034 1427 1075 suis
1459 1035 1638 1087 prodidit

150 1102 193 1143 in
239 1102 489 1143 carminibus
530 1102 726 1143 Thracius
772 1102 877 1143 talos
930 1102 1140 1154 speculum
1187 1102 1389 1153 turbines,
1438 1103 1638 1145 uolubiles

151 1171 304 1212 rotulas
337 1171 377 1212 et
407 1170 549 1212 teretis
581 1170 686 1223 pilas
719 1170 758 1211 et
788 1170 1020 1224 uirginibus
1042 1183 1164 1211 aurea
1187 1171 1349 1224 sumpta
1370 1171 1419 1212 ab
1445 1171 1637 1225 Hesperi-

149 1239 267 1280 dibus
299 1239 419 1280 mala.
475 1240 561 1280 erat
593 1239 707 1280 nobis
747 1238 961 1279 consilium
999 1238 1240 1290 praeterire,
1282 1240 1534 1291 praeteruehi
1565 1240 1638 1281 illa
1653 1242 1704 1280 20

106 1325 134 1347 15
150 1308 274 1349 etiam
312 1308 528 1361 mysteria,
569 1307 714 1360 quibus
753 1307 934 1361 Phrygia
980 1306 1169 1348 initiatur
1208 1308 1329 1359 atque
1368 1308 1500 1348 omnis
1539 1320 1637 1362 gens

151 1376 240 1427 Ilia,
273 1376 352 1417 nisi
385 1388 530 1417 nomen
561 1375 850 1428 interpositum
881 1375 945 1416 his
967 1375 1076 1416 Iouis
1107 1375 1339 1428 prohiberet
1362 1387 1432 1416 nos
1461 1376 1637 1418 strictim

151 1444 319 1485 iniurias
364 1444 449 1486 eius
481 1444 809 1498 ignominiasque
841 1444 1028 1492 transire,
1073 1454 1151 1484 non
1182 1455 1258 1495 quo
1289 1443 1404 1485 nobis
1436 1444 1552 1485 dulce
1583 1445 1637 1486 sit

150 1522 234 1554 tam
266 1512 397 1554 foedis
428 1513 656 1566 inequitare
686 1512 912 1566 mysteriis,
947 1512 1018 1552 sed
1050 1512 1095 1551 ut
1126 1511 1225 1565 ipsis
1257 1512 1371 1553 uobis
1403 1514 1637 1565 promptum

150 1581 274 1622 etiam
307 1582 427 1634 atque
459 1581 583 1623 etiam
615 1581 698 1631 fiat,
732 1581 829 1633 quid
851 1581 894 1621 in
917 1592 982 1621 eos
1005 1580 1231 1634 congeratis
1267 1580 1437 1622 iniuriae
1468 1592 1637 1633 quorum

104 1650 398 1702 e,oprofitemini
445 1661 516 1691 uos
563 1662 647 1691 esse
679 1648 863 1691 custodes
902 1649 1082 1689 uindices
1120 1649 1389 1690 ueneratores.
1437 1649 1635 1701 quondam

151 1718 368 1770 Diespiter,
401 1717 608 1770 inquiunt,
641 1730 732 1758 cum
763 1717 806 1758 iu
838 1716 1020 1758 Cererem
1053 1728 1169 1757 suam
1201 1718 1373 1757 matrem
1396 1716 1638 1758 libidinibus

151 1785 348 1839 improbis
365 1787 486 1838 atque
503 1786 744 1826 inconcessis
762 1785 1057 1837 cupiditatibus
1075 1784 1337 1825 aestuaret—
1348 1797 1441 1825 nam
1456 1785 1638 1838 genetrix

150 1855 247 1895 haec
263 1854 372 1894 Iouis
390 1853 564 1907 regionis
584 1853 669 1894 eius
687 1854 736 1894 ab
752 1853 897 1894 accolis
918 1852 1095 1893 traditur
1167 1864 1294 1904 neque
1314 1855 1450 1893 tamen
1473 1853 1639 1894 auderet

150 1923 191 1964 id
223 1921 329 1976 quod
360 1922 520 1975 procaci
551 1921 800 1974 adpetitione
836 1919 841 1975 Ι
877 1924 1113 1972 conceperat
1145 1920 1403 1973 apertissima
1425 1920 1467 1960 ui
1489 1921 1637 1973 petere,
1654 1932 1676 1963 f.
1694 1930 1774 1963 108b

106 2005 136 2030 25
152 1991 382 2046 ingeniosas
413 1989 737 2031 comminiscitur
767 1989 972 2041 captiones
997 1988 1143 2040 quibus
1167 1988 1271 2029 nihil
1289 1988 1369 2028 tale
1391 1990 1636 2029 metuentem

153 2059 341 2102 castitate
373 2058 637 2100 imminueret
667 2058 934 2111 genetricem:
967 2056 1013 2097 fit
1044 2069 1089 2097 ex
1121 2056 1191 2097 deo
1223 2056 1364 2096 taurus
1397 2057 1436 2097 et
1466 2056 1539 2096 sub
1569 2070 1638 2109 pe-

153 2129 255 2171 coris
302 2128 432 2180 Specie
477 2126 720 2168 subsessoris
767 2126 950 2167 animum
998 2126 1119 2177 atque
1165 2124 1377 2165 audaciam
1424 2124 1557 2164 celans
1596 2125 1637 2165 in

153 2209 336 2240 securam
377 2196 417 2236 et
454 2196 631 2237 nesciam
671 2194 879 2248 repentina
919 2193 1163 2235 immittitur
1195 2192 1236 2233 ui
1269 2192 1426 2241 furens,
1459 2193 1547 2245 agit
1576 2192 1639 2233 in-

285 2302 306 2335 4
331 2301 354 2335 1.
382 2311 408 2335 c.
435 2300 466 2339 2,
494 2299 546 2332 17.
573 2299 615 2332 18
752 2297 797 2330 20
822 2296 843 2329 1.
870 2306 896 2329 c.
925 2296 955 2337 2,
982 2295 1035 2329 15.
1064 2295 1104 2328 16

199 2394 216 2426 1
242 2393 443 2427 trucidatur
469 2392 541 2426 Sal>
681 2401 700 2424 a
719 2390 789 2424 &ab
927 2389 947 2421 G
971 2388 1089 2421 titatis
1114 2388 1241 2420 Pcorr
1266 2386 1452 2419 Titanibus
1479 2386 1550 2420 Sal)

153 2452 173 2483 8
198 2450 330 2484 nidoris
364 2450 431 2483 Urs
571 2448 614 2481 12
645 2446 810 2481 carnibus
837 2446 871 2480 P
894 2456 976 2479 corr
1000 2449 1030 2478 c‘
1170 2443 1340 2476 Thracius·
1367 2443 1457 2476 Sao:
1490 2442 1639 2476 thracios

154 2507 188 2540 P
227 2508 325 2540 uates
357 2506 526 2539 Thracius
558 2505 623 2539 Gel
664 2504 820 2547 Orpheus
853 2502 1023 2536 Thracius
1055 2502 1074 2535 ,²
1233 2500 1419 2534 Thracius:
1461 2500 1634 2533 talos...

154 2563 244 2597 mala
269 2565 342 2596 erat
366 2567 450 2597 ante
474 2562 690 2596 Salmasimn
835 2559 876 2593 14
902 2569 940 2592 ea
964 2560 1039 2592 erat
1065 2558 1164 2592 Salm
1309 2555 1525 2600 praeteruehi
1551 2556 1640 2589 Sao.-

155 2620 371 2662 praeterueni
390 2620 423 2652 P
539 2619 581 2653 15
605 2617 722 2661 frygia.
741 2617 776 2649 P
797 2615 972 2659 Phrygiae
1000 2615 1070 2649 Sub
1097 2614 1243 2657 Phrigia
1266 2614 1305 2647 in
1333 2623 1391 2646 err
1507 2612 1549 2646 16
1574 2612 1640 2645 Ilia

155 2676 365 2710 Memmius:
399 2676 460 2709 illa
486 2675 519 2708 P
658 2675 699 2707 18
725 2673 940 2716 inaequitare
965 2672 999 2704 1’
1135 2672 1176 2705 21
1205 2671 1239 2704 111
1267 2670 1419 2704 Cererem
1447 2669 1538 2703 Sal).-
1575 2668 1640 2701 ini-

155 2743 228 2766 cere
253 2733 286 2766 P
311 2733 399 2766 inire
424 2734 579 2767 Cererem
606 2731 764 2774 &anyer
903 2739 1000 2762 suam
1022 2740 1076 2761 om
1095 2728 1164 2762 Sub
1302 2727 1346 2760 24
1371 2729 1485 2769 petere
1512 2725 1639 2759 Sabin

155 2799 234 2822 err.-
259 2790 391 2832 peteret
408 2789 441 2822 P
466 2791 580 2832 petere
605 2790 639 2822 et
658 2787 726 2821 Sal)
865 2786 907 2819 27
934 2785 1082 2829 speciem
1102 2786 1135 2819 P
1153 2795 1234 2819 corr
1251 2786 1280 2819 c‘
1418 2783 1462 2816 28
1487 2782 1642 2816 incestus

157 2844 227 2879 Sab
236 2859 246 2878 :
279 2845 447 2880 incestius
473 2846 507 2879 P
