2032 3248
351 226 432 269 190
753 222 942 258 Arnobii
972 222 1191 258 aduersus
1228 222 1437 257 nationes

349 340 469 382 nibus
510 339 755 393 polluamur.
801 339 976 380 Fentam
1013 339 1142 394 igitur
1181 339 1377 390 Fatuam,
1414 339 1534 381 Bona
1564 351 1666 393 quae
1696 339 1847 381 dicitur

350 410 455 462 Dea,
488 412 764 459 transeamus,
806 420 932 461 quam
969 408 1143 450 murteis
1175 420 1333 450 caesam
1366 408 1516 463 uirgis,
1561 408 1667 462 quod
1697 407 1847 450 marito

210 489 333 524 1107ιι
354 478 359 534 Ι
395 477 599 520 nesciente
630 477 778 520 seriam
800 477 904 519 meri
926 477 1102 519 ebiberit
1121 477 1301 531 plenam,
1334 477 1481 519 Sextus
1504 477 1670 519 Clodius
1692 477 1847 518 indicat

349 548 462 589 sexto
493 546 542 588 de
573 546 653 588 diis
685 558 841 601 graeco,
874 545 1119 600 signumque
1150 546 1384 600 monstrari,
1417 547 1525 599 quod
1556 559 1650 588 cum
1682 546 1718 587 ei
1739 545 1849 588 diui-

349 630 445 659 nam
475 630 561 658 rem
593 615 786 657 mulieres
817 614 993 665 faciunt,
1030 614 1120 656 uini
1157 614 1352 668 amphora
1383 615 1656 657 constituatur
1686 615 1848 656 obtecta
1881 631 1894 654 s

348 700 421 729 nec
452 687 632 740 myrteas
664 685 727 726 fas
759 684 814 726 sit
844 683 994 726 inferre
1025 684 1237 734 uerbenas,
1271 684 1378 726 sicut
1408 685 1491 726 suis
1522 685 1668 726 scribit
1688 684 1731 726 in
1753 696 1849 726 cau-

349 755 506 798 salibus
536 755 680 797 Butas.
728 754 799 795 sed
830 754 870 795 et
900 753 995 795 deos
1027 752 1284 795 Conserentis
1314 753 1403 807 pari
1434 765 1545 796 more
1577 766 1623 796 ac
1654 753 1846 795 dissimu-

349 825 501 867 latione
530 825 761 874 taceamus,
794 834 893 876 quos
924 835 1015 864 curn
1049 822 1197 864 ceteris
1229 823 1374 865 scribit
1404 823 1575 865 Flaccus
1605 823 1648 864 in
1678 822 1849 864 humani

349 893 462 947 penis
493 892 815 935 similitudinem
857 903 997 933 uersos
1029 892 1214 934 obruisse
1245 905 1287 934 se
1320 892 1475 943 cinere,
1514 893 1583 946 qui
1615 893 1690 934 sub
1721 891 1849 934 ollula

350 962 486 1005 fuerat
516 962 650 1004 factus
682 963 890 1003 extorum:
924 973 1044 1014 quem
1075 974 1169 1003 cum
1189 961 1391 1014 Tanaquil
1413 960 1639 1003 dimoueret
1660 962 1850 1003 Etruriae
1864 979 1895 1003 ιο

349 1032 664 1085 disciplinarum
704 1030 860 1084 perita,
901 1030 1130 1072 subrexisse
1169 1042 1210 1071 se
1242 1030 1338 1072 deos
1370 1031 1411 1072 et
1441 1030 1578 1072 neruis
1609 1030 1849 1073 obduruisse

349 1102 516 1144 diuinis.
563 1100 858 1143 Corniculanae
879 1100 974 1141 inde
996 1099 1266 1153 imperauisse
1287 1100 1487 1153 captiuae,
1519 1101 1567 1141 ut
1587 1099 1850 1154 intellegeret

350 1172 391 1212 et
420 1170 678 1225 agnosceret,
720 1168 820 1222 quid
857 1168 937 1210 sibi
967 1180 1030 1210 res
1061 1167 1206 1219 uellet;
1253 1167 1454 1210 Ocrisiam
1484 1169 1849 1222 prudentissimam

350 1239 550 1282 feminam
588 1238 704 1281 diuos
744 1238 962 1280 inseruisse
1001 1238 1197 1292 genitali,
1245 1238 1486 1292 explicuisse
1523 1240 1661 1280 motus
1701 1239 1848 1280 certos:

350 1310 450 1351 tunc
480 1308 619 1351 sancta
650 1307 898 1350 ecferuentia
927 1306 1098 1349 numina
1126 1307 1213 1349 uim
1234 1308 1441 1350 uomuisse
1462 1308 1614 1350 Lucilii
1645 1320 1691 1350 ac
1711 1320 1850 1362 regem
1864 1322 1894 1347 ιε,

287 1381 336 1421 19
353 1377 543 1419 Seruium
582 1378 726 1419 natum
766 1389 851 1419 esse
892 1377 1136 1418 Romanum.
1183 1377 1458 1419 Bacchanalia
1499 1379 1625 1419 etiam
1669 1378 1849 1431 praeter—

351 1447 567 1488 mittemus
598 1446 783 1488 inmania
813 1445 963 1500 quibus
994 1457 1143 1487 nomen
1174 1444 1440 1501 Omophagiis
1471 1458 1664 1501 graecum
1697 1448 1770 1498 est,
1808 1446 1851 1488 in

352 1515 500 1569 quibus
532 1515 666 1558 furore
697 1515 873 1557 mentito
907 1517 947 1556 et
978 1515 1232 1568 sequestrata
1262 1515 1439 1569 pectoris
1470 1516 1646 1558 sanitate
1677 1516 1849 1558 circum-

353 1585 515 1638 plicatis
546 1597 619 1626 uos
640 1585 858 1639 anguibus,
890 1585 1012 1637 atque
1034 1585 1082 1625 ut
1103 1597 1175 1626 uos
1196 1584 1338 1637 plenos
1360 1584 1426 1626 dei
1448 1585 1615 1626 numine
1636 1597 1682 1626 ac
1701 1585 1850 1627 maies-

351 1654 436 1696 tate
467 1654 657 1705 doceatis,
691 1666 902 1707 caprorum
930 1653 1245 1695 reclamantium
1276 1653 1432 1696 uiscera
1463 1654 1686 1696 cruentatis
1714 1653 1852 1696 oribus
1864 1668 1896 1693 πο

351 1722 576 1777 dissipatis.
629 1735 701 1765 nec
747 1735 828 1765 non
867 1723 908 1764 et
947 1721 1120 1777 Cypriae
1158 1722 1331 1765 Veneris
1377 1723 1565 1765 abstrusa
1610 1723 1685 1765 illa
1729 1723 1853 1764 initia

352 1791 686 1845 praeteribimus,
728 1803 901 1846 quorum
943 1791 1127 1833 conditor
1169 1790 1376 1833 indicatur
1407 1791 1574 1847 Cinyras
1614 1804 1682 1833 rex
1714 1792 1850 1842 fuisse,

352 1860 396 1902 in
428 1860 576 1913 quibus
614 1860 826 1902 sumentes
867 1872 913 1902 ea
944 1860 1075 1902 certas
1116 1860 1243 1913 stipes
1284 1860 1466 1903 inferunt
1497 1863 1544 1903 ut
1575 1861 1782 1903 meretrici
1813 1863 1853 1903 et

353 1928 534 1971 referunt
564 1929 727 1983 phallos
757 1929 925 1983 propitii
946 1929 1128 1971 numinis
1150 1930 1268 1984 signa
1289 1929 1473 1972 donatos.
1507 1929 1705 1972 obliuioni
1727 1929 1853 1972 etiam

352 1996 602 2052 Corybantia
633 2011 747 2040 sacra
779 1999 992 2049 donentur,
1025 1998 1068 2040 in
1100 1998 1249 2052 quibus
1271 1999 1460 2041 sanctum
1481 1999 1587 2041 illud
1609 1998 1854 2054 mysterium
1867 2011 1898 2036 25

491 2084 533 2118 15
557 2082 669 2118 Lucil.
687 2083 754 2119 inc.
780 2082 824 2117 14
840 2083 887 2117 M.
999 2082 1041 2117 16
1067 2082 1227 2118 Clemens
1246 2083 1342 2118 Alex.
1370 2085 1480 2128 protr.
1507 2084 1537 2125 2,
1566 2084 1612 2120 12,
1713 2083 1755 2118 21
1782 2083 1803 2117 1.
1825 2094 1851 2117 c.

352 2141 384 2184 2,
412 2141 455 2176 14
594 2141 640 2176 25
665 2142 688 2177 l.
714 2152 739 2176 c.
766 2141 797 2183 2,
825 2142 867 2176 19

399 2218 419 2251 1
444 2217 591 2251 Fentam
610 2216 920 2251 Hildebrandz'us:
944 2217 1053 2251 fetam
1070 2216 1105 2250 P
1128 2216 1260 2251 foetam
1279 2217 1352 2252 Sab
1378 2216 1538 2252 Faunam
1563 2218 1630 2252 Urs
1757 2219 1778 2253 3
1803 2229 1854 2252 se-

353 2275 443 2309 riam
470 2274 561 2309 Sab:
594 2274 777 2308 semariam
803 2274 839 2309 P
983 2273 1006 2308 4
1030 2284 1133 2318 greco
1159 2274 1194 2308 P
1225 2272 1438 2309 Graecorum
1465 2274 1662 2317 Canterus,
1696 2275 1764 2310 Urs

355 2333 373 2366 7
391 2332 504 2366 Butas
527 2331 612 2367 G-ez:
637 2332 742 2376 putas
759 2331 795 2365 P
921 2331 1166 2366 Conserenteis
1185 2330 1304 2366 Salm:
1329 2332 1540 2366 conferentis
1559 2333 1594 2367 P
1729 2334 1752 2368 8
1769 2333 1854 2368 teris

354 2390 389 2424 P
412 2400 493 2424 corr
631 2389 652 2423 9
676 2388 776 2433 penis
803 2388 893 2423 Sab:
921 2389 1041 2433 poenis
1059 2388 1095 2422 P
1224 2399 1258 2422 se
1284 2388 1358 2423 add
1382 2389 1449 2423 Urs
1588 2390 1700 2424 cinere
1725 2391 1854 2425 Meur-

352 2447 448 2482 sius.-
480 2446 590 2482 cineri
616 2446 652 2480 P
812 2444 855 2480 10
879 2445 1026 2490 tanaqui
1050 2445 1087 2480 P
1106 2456 1187 2480 corr
1213 2457 1231 2480 c
1399 2448 1435 2480 et
1459 2446 1647 2482 Ethruriae
1674 2447 1745 2483 sab
1772 2458 1854 2483 corr

353 2504 394 2538 in
419 2514 478 2538 err
616 2504 657 2538 11
684 2502 744 2537 sed
768 2503 804 2537 P
819 2513 899 2537 corr
1038 2503 1081 2536 12
1105 2502 1357 2538 Corniculanae
1377 2503 1463 2539 Gez:
1488 2504 1665 2539 cornicula
1683 2505 1718 2539 P
1741 2504 1853 2539 corni-

351 2561 451 2595 culae
476 2560 549 2596 Sab
688 2560 915 2604 imperauisse
946 2559 1033 2595 Urs:
1065 2560 1309 2604 impetrauisse
1335 2561 1370 2595 P
1505 2561 1548 2596 13
1572 2562 1681 2596 uellet
1704 2563 1854 2607 scripSz':

354 2618 488 2653 uellent
513 2619 548 2653 P
708 2617 999 2662 pudentissimam
1024 2618 1214 2653 Meursius
1375 2619 1418 2654 15
1438 2619 1642 2653 efferuentia
1666 2620 1854 2655 Oehlerus:

352 2676 390 2709 et
414 2675 590 2710 feruentia
607 2675 643 2710 P
781 2674 823 2710 16
847 2675 1173 2719 praetermittamus
1194 2675 1260 2710 G'el
1400 2676 1441 2710 17
1467 2676 1636 2710 immania
1666 2676 1750 2711 Gel:
1779 2676 1854 2711 ina-

355 2732 416 2767 nia
440 2732 477 2767 P
651 2732 840 2777 omofagiis
865 2732 901 2766 P
1076 2732 1120 2766 22
1143 2732 1415 2777 praeteribimus
1439 2734 1589 2778 scripsi.-
1621 2735 1853 2779 praeterimus

355 2789 392 2824 P
410 2791 666 2834 praetereamus
694 2790 758 2824 Gel
896 2788 1045 2834 Cinyras
1078 2789 1166 2824 Urs.-
1195 2790 1332 2835 cyniras
1358 2790 1393 2825 P
1530 2790 1574 2825 23
1600 2792 1776 2826 sumentes
1800 2791 1852 2835 ea]

355 2848 492 2891 mystae
517 2847 597 2881 deae
629 2847 647 2881 .9
784 2847 829 2881 24
853 2846 984 2881 ···fa110s
1009 2847 1046 2881 P
1067 2847 1108 2881 in
1131 2858 1188 2892 my
