2032 3248
364 190 442 232 124
986 186 1233 232 Appende.

354 297 437 336 luce
459 297 586 344 palam
604 307 643 335 se
666 297 790 344 ipsum
811 295 960 334 uenisse
982 294 1211 333 monstrauit
1228 296 1266 333 et
1283 293 1606 342 praedicationem
1621 304 1691 345 per
1706 293 1871 341 prophe-

355 367 416 404 tas
437 366 495 403 sui
517 365 730 404 ostensione
754 363 1026 413 quodammodo
1048 363 1220 402 omnibus
1243 375 1332 402 suae
1349 363 1586 411 praesentiae
1609 362 1869 411 conprobauit.

353 436 424 474 hoc
460 434 574 473 etiam
608 434 758 481 Esaias,
794 445 862 481 per
898 445 1010 482 quem
1030 433 1214 472 Dominus
1250 433 1331 481 ipse
1361 432 1617 481 praesentiam
1639 444 1748 471 suam
1770 431 1873 470 clara

352 503 656 542 adnuntiationis
694 502 1003 541 manifestatione
1039 502 1281 550 monstrauit,
1318 502 1525 550 prophetat
1558 503 1596 540 et
1618 502 1733 540 dicit:
1767 502 1871 550 ipse

353 573 432 622 qui
462 573 697 621 loquebar
727 572 859 620 ueni,
906 572 946 610 id
985 574 1064 620 est,
1102 571 1167 620 qui
1208 584 1275 620 per
1316 572 1523 620 prophetas
1559 573 1646 610 ante
1686 572 1872 610 aduentus
1886 583 1901 607 5

352 643 425 681 mei
463 642 582 680 futuri
618 642 866 691 praeloquens
910 642 1056 680 fueram
1072 672 1082 690 ,
1119 642 1152 679 is
1192 641 1344 690 propria
1383 652 1483 679 1111116
1524 643 1638 689 atque
1677 641 1873 689 praeclara

351 723 440 750 uoce
474 711 731 760 praesentiam
767 722 889 749 meam
927 711 1039 749 testis
1075 711 1150 749 mei
1179 711 1260 759 ipse
1282 710 1498 749 manifesto.
1531 711 1623 758 quid
1643 710 1870 757 euidentius,

351 781 441 829 quid
463 781 545 819 luce
566 780 815 830 praeclarius,
853 779 945 829 quid
965 781 1094 819 uerius
1115 781 1243 828 potest
1264 780 1367 819 dici?
1391 782 1434 818 ut
1455 780 1574 819 oculis
1596 779 1870 828 quodammodo

350 852 574 899 perspectus
596 852 697 889 esset
730 850 896 896 uenisse,
935 849 1017 897 ipse
1038 849 1104 898 qui
1125 849 1251 888 fuerat
1272 850 1471 897 uenturus,
1494 851 1699 898 antequam
1720 849 1870 887 ueniret

351 920 531 966 ostendit,
563 921 602 957 et
621 919 888 958 incredulitate
923 920 1073 957 mentes
1093 918 1225 967 populi
1245 918 1380 967 perfidi
1402 919 1625 957 obstruente
1655 918 1870 957 uenientem
1884 928 1917 953 10

350 1000 459 1027 nemo
490 989 682 1037 cognouit.
717 989 817 1028 sicut
847 989 947 1027 idem
974 988 1110 1027 Esaias
1131 989 1171 1027 in
1202 988 1325 1036 prima
1346 988 1606 1037 increpatione
1627 988 1760 1037 populi
1780 999 1868 1036 pro-

351 1058 491 1097 clamat
522 1058 674 1097 dicens:
707 1058 940 1107 cognouit
972 1059 1054 1096 bos
1085 1068 1425 1106 possessorem
1456 1070 1589 1096 suum
1619 1060 1666 1096 et
1697 1057 1869 1095 asinus

349 1139 585 1176 praesepe
607 1128 788 1166 domini
811 1128 899 1175 sui,
922 1128 1083 1167 Israel
1113 1130 1272 1167 autem
1302 1139 1369 1166 me
1399 1127 1620 1166 nesciuit
1650 1128 1697 1166 et
1728 1126 1868 1175 plebs

349 1209 416 1236 me
447 1210 536 1237 non
566 1197 845 1236 intellexit.
876 1197 1004 1246 palam
1038 1197 1184 1236 cunctis
1217 1197 1317 1237 sicut
1349 1197 1432 1245 ipse
1463 1197 1652 1245 praedixit
1689 1196 1867 1245 apparuit

348 1269 387 1305 et
409 1267 629 1306 sedentibus
650 1267 690 1305 in
710 1266 881 1306 tenebris
902 1267 1148 1305 manifestum
1169 1267 1271 1305 uitae
1292 1267 1420 1306 lumen
1440 1266 1599 1314 effulsit,
1622 1268 1660 1305 et
1677 1265 1867 1304 iniustitia
1881 1277 1914 1302 15

347 1336 575 1385 perfidorum
596 1339 733 1384 pectus
754 1337 948 1375 obsessum
970 1336 1183 1384 postposita
1213 1336 1367 1384 propria
1388 1348 1431 1374 ac
1453 1336 1594 1374 reiecta
1616 1335 1739 1374 salute
1760 1336 1867 1373 tene-

352 1406 440 1444 bras
462 1405 590 1453 potius
611 1406 792 1444 caecitate
815 1405 940 1445 cordis
962 1405 1092 1454 elegit.

438 1565 460 1598 4
485 1564 502 1598 ἱ)
528 1565 545 1598 ⁶?
825 1564 869 1598 12
894 1564 951 1598 Ε5.
980 1564 1011 1606 1,
1038 1565 1069 1599 3.

441 1728 460 1762 1
486 1727 601 1761 11166111
631 1727 663 1761 T
664 1731 676 1761 t
909 1726 1170 1771 praedicatione
1202 1738 1262 1772 per
1293 1739 1322 1769 r,
1356 1738 1418 1772 per
1451 1727 1751 1771 praedicationem
1777 1728 1863 1762 Bal.

346 1795 391 1819 eac
415 1795 434 1819 r
681 1784 935 1828 prophetarum
961 1784 1045 1819 Bal.
1294 1786 1316 1819 2
1341 1785 1409 1830 5111]
1437 1796 1518 1820 51105
1544 1786 1614 1831 Ζμ,
1640 1796 1706 1820 om.
1732 1786 1816 1820 Bal.

345 1842 558 1886 ostensione]
585 1842 742 1877 ostendit
769 1843 812 1884 Z,
838 1853 904 1878 om.
932 1843 1018 1878 Bal.
1194 1853 1294 1877 suam
1320 1844 1560 1887 praesentiam
1585 1855 1616 1884 v,
1642 1844 1862 1887 praesentiae

343 1901 581 1935 ostensionem
607 1901 692 1936 Bal.
875 1901 897 1935 3
923 1901 1036 1935 esaias
1057 1928 1064 1935 .
1084 1929 1091 1937 .
1112 1927 1120 1935 .
1140 1902 1162 1936 l.
1188 1904 1210 1936 4
1234 1902 1450 1936 monstrauit
1475 1912 1540 1937 om.
1568 1903 1604 1936 Z
1786 1902 1861 1946 ipse

344 1969 409 1993 om.
437 1958 489 1992 Zv
644 1958 667 1992 4
692 1958 922 2003 prophetauit
947 1960 983 1993 et
1009 1958 1099 1993 dixit
1123 1960 1157 1993 Z
1308 1970 1374 2005 ego
1402 1960 1477 2004 ipse
1502 1971 1523 1994 v
1685 1959 1708 1994 ἴ)
1732 1959 1862 1994 aduen-

344 2017 422 2050 tum
455 2026 573 2050 meum
598 2015 762 2050 futurum
788 2016 842 2050 Zv
1043 2017 1064 2051 6
1090 2017 1313 2062 praelocutus
1338 2018 1372 2052 Z
1570 2017 1602 2051 is
1627 2028 1660 2062 p.
1686 2029 1720 2052 n.
1753 2019 1862 2062 atque

342 2074 432 2118 (atq.
465 2085 558 2108 nunc
590 2076 618 2119 t)
649 2085 682 2118 p.
709 2085 742 2108 u.
768 2085 802 2118 p.
827 2085 874 2109 m.
907 2075 1012 2109 testis
1045 2076 1116 2110 mei
1148 2076 1328 2119 (testemei
1363 2076 1404 2118 T,
1437 2076 1543 2111 testis
1575 2087 1673 2111 meus
1700 2089 1736 2120 μ,
1769 2077 1862 2110 16516

342 2143 398 2166 1116
432 2132 478 2176 Ζ)
511 2132 585 2176 ipse
618 2132 708 2176 (ipso
741 2132 789 2176 Ζ)
823 2132 1013 2167 manifesto
1045 2133 1287 2177 (manifestem
1325 2134 1384 2178 Τί)
1421 2135 1539 2179 ΤΖὺμ,
1564 2135 1639 2178 ipse
1663 2145 1756 2169 nunc
1780 2133 1862 2168 ueni

342 2191 384 2223 ut
416 2189 580 2224 omnibus
612 2190 850 2234 praesentiam
882 2201 997 2225 meam
1030 2191 1105 2235 ipse
1138 2202 1203 2236 ego
1234 2192 1340 2226 testis
1372 2192 1441 2226 mei
1475 2192 1702 2227 manifestem
1727 2192 1814 2226 Bal.

341 2248 363 2282 8
389 2247 455 2282 hac
480 2248 557 2282 luce
585 2247 669 2281 Bal.
887 2248 964 2283 luce
996 2249 1212 2293 praeclarius
1238 2260 1304 2285 om.
1332 2263 1357 2294 μ
1575 2249 1705 2294 quidue
1729 2260 1763 2285 u.
1789 2249 1860 2284 dici

341 2307 461 2350 potest
487 2306 520 2339 Z
749 2305 803 2351 ut]
830 2307 871 2340 ut
895 2317 977 2351 ergo
1003 2307 1086 2341 Bal.
1321 2308 1460 2343 occulos
1485 2308 1519 2342 Z
1735 2308 1757 2343 9
1783 2318 1860 2352 per-

342 2363 494 2408 spectus]
521 2365 725 2407 persecutos
744 2364 779 2398 Z
916 2375 952 2399 se
977 2365 1115 2400 uenisse
1143 2365 1239 2407 Bal„
1265 2367 1423 2401 uenisset
1448 2368 1485 2400 et
1514 2366 1550 2400 Z
1572 2365 1734 2410 (ef.120‚
1754 2366 1813 2410 13)

341 2420 414 2454 iam
440 2421 612 2454 uenturus
637 2421 724 2456 Bal.
937 2422 981 2457 10
1005 2422 1299 2458 incredulitatem
1324 2425 1360 2458 Z
1571 2424 1703 2458 mentis
1733 2423 1812 2459 TZt

340 2477 488 2522 perfidia
513 2478 546 2512 Z
665 2478 909 2514 obstruentem
934 2480 975 2521 Z,
1004 2480 1215 2515 obseruente
1240 2483 1275 2515 et
1301 2495 1325 2526 μ
1352 2484 1389 2516 61
1405 2492 1431 2516 5.
1450 2482 1472 2516 Z.
1498 2491 1544 2515 m.
1573 2483 1596 2515 2
1725 2482 1769 2516 11
1794 2492 1855 2527 po-

340 2534 419 2579 puli
444 2545 510 2569 om.
537 2536 569 2570 Z
710 2537 754 2571 12
779 2537 914 2572 clamat
938 2538 973 2572 Z
1095 2549 1198 2573 suum
1223 2550 1290 2574 om.
1317 2553 1341 2583 μ
1476 2539 1519 2573 13
1543 2540 1763 2583 praesepium
1788 2551 1809 2575 v

341 2592 397 2625 sui
422 2602 487 2626 om.
516 2607 539 2634 μ
704 2605 759 2629 1116
784 2596 904 2629 autem
929 2596 964 2629 Z
1133 2597 1260 2631 nesciit
1286 2611 1322 2641 μ,
1349 2597 1519 2641 cognouit
1544 2598 1579 2631 Z
1740 2596 1855 2642 plebs]

340 2650 495 2693 populus
519 2651 553 2684 Z
670 2652 715 2686 14
740 2653 807 2697 me]
834 2663 913 2687 mea
938 2657 953 2688 t
1078 2654 1194 2697 palam
1215 2682 1224 2689 .
1244 2681 1250 2689 .
1271 2680 1279 2689 .
1297 2655 1475 2699 praedixit
1500 2665 1566 2690 om.
1592 2656 1626 2689 Z
1760 2655 1855 2689 sicut

341 2707 480 2741 cunctis
507 2721 530 2752 μ
690 2710 733 2744 15
758 2710 989 2745 manifestam
1014 2711 1127 2746 uitam
1154 2714 1189 2746 et
1214 2713 1249 2747 Z
1401 2712 1525 2747 efulsit
1551 2714 1586 2747 Z
1739 2713 1775 2747 in
1801 2713 1857 2748 iu-

342 2763 446 2798 stitia
471 2765 544 2801 Zt2.
570 2765 713 2800 iustitia
743 2768 855 2811 Τῖῐμυ
1049 2770 1092 2805 16
1117 2770 1266 2805 reiectas
1293 2782 1313 2805 a
1339 2771 1416 2805 luce
1442 2771 1484 2811 Z,
1510 2772 1607 2805 recta
1632 2772 1748 2805 salute
1780 2771 1812 2805 T

342 2821 384 2855 17
411 2822 618 2857 caecitatem
644 2824 685 2866 Z,
713 2825 991 2870 caecitatemque
1018 2827 1101 2863 Bal.
1129 2838 1172 2863 em
1197 2839 1217 2862 2·
