2032 3248
511 207 569 239 De
594 206 822 241 duodecim
851 206 1057 240 abusiuis
1085 207 1263 240 saeculi
1297 207 1451 240 0.1-2.
1663 210 1738 249 1515

227 315 410 351 instruere
442 313 571 351 uolens
594 314 744 360 qualem
767 313 805 351 in
829 313 889 350 his
912 313 1100 351 cautelam
1122 315 1306 353 haberent
1328 314 1565 351 ammonebat
1587 313 1738 351 dicens:

224 383 265 420 si
297 382 371 420 sal
402 383 682 429 euanuerit,
715 383 760 420 in
792 394 879 430 quo
912 382 1160 421 salietur?
1202 385 1274 422 hoc
1304 385 1382 430 est,
1413 383 1446 421 si
1476 384 1604 421 doctor
1633 394 1738 420 erra-

225 453 345 499 uerit,
369 464 390 489 a
412 464 484 499 quo
507 451 645 490 iterum
660 453 819 491 ⁴doctore
851 453 1142 491 emendabitur?
1185 455 1229 491 et
1261 453 1300 491 si
1340 454 1498 491 lumen
1540 465 1562 499 q
1574 464 1596 489 11
1608 452 1662 489 od
1695 452 1737 487 in

224 524 268 560 te
315 523 391 559 est
422 522 654 560 tenebrae
689 524 821 569 sunt,
860 522 906 570 ip
923 534 1003 560 sae
1034 523 1269 561 tenebrae
1316 524 1526 570 quantae
1566 523 1738 559 erunt?

195 606 209 628 ε»
224 591 256 629 si
278 602 438 639 namque
456 591 586 628 oculus
608 604 630 629 a
652 591 805 629 uidendi
828 591 951 631 officio
968 592 1170 639 desinerit,
1194 592 1278 640 quis
1301 604 1323 630 a
1343 604 1456 630 manu
1479 594 1544 629 aut
1566 592 1660 638 pede
1677 592 1735 628 ue]

225 660 369 708 reliquo
387 672 541 708 corpore
563 660 660 698 illud
676 660 930 699 ministerium
946 661 1102 709 exiget?
1126 663 1358 710 quapropter
1376 661 1547 699 doctores
1566 660 1736 708 cogitent

223 742 268 768 ne
291 730 464 778 ampliori
480 730 670 769 uindictae
692 730 924 778 subiaceant,
949 731 983 768 si
999 731 1247 778 plurimorum
1264 731 1487 778 perditionis
1505 730 1735 768 occasionem

224 800 482 837 abundantius
503 801 712 847 praestent.
735 812 823 837 nam
844 801 882 837 et
904 800 1078 838 Salomon
1101 801 1189 838 dum
1210 800 1353 838 multae
1377 800 1587 847 sapientiae
1609 802 1737 837 trans-

224 868 456 917 gressionem
478 868 659 916 incurrit,
681 869 799 907 totius
821 869 1056 908 Israeliticae
1078 869 1201 917 plebis
1222 869 1330 917 regni
1362 869 1636 917 dispersionem
1660 870 1738 907 solo

176 950 209 975 10
225 950 291 977 suo
313 937 448 976 merito
470 938 676 985 praestitit.
709 938 846 986 quibus
876 950 964 986 ergo
988 937 1277 977 committuntur
1307 938 1448 984 multa,
1480 938 1622 976 maiora
1653 949 1737 985 per-

224 1008 338 1053 dunt,
372 1008 404 1045 si
426 1019 500 1045 non
522 1009 623 1046 reete
647 1007 955 1055 dispensauerint
990 1007 1147 1046 rectoris
1184 1007 1244 1045 sui
1281 1018 1457 1053 munera,
1490 1019 1586 1054 quae
1608 1018 1737 1054 peree-

222 1080 372 1124 pernnt.
406 1077 466 1115 cui
488 1077 585 1114 enim
610 1078 696 1125 plus
718 1076 991 1123 committitur,
1023 1078 1110 1124 plus
1133 1078 1179 1114 ab
1213 1088 1255 1115 eo
1278 1077 1454 1124 exigitur.
1489 1078 1534 1114 et
1566 1088 1737 1114 seruus

222 1146 302 1194 qni
348 1146 531 1184 domini
582 1147 654 1184 sni
717 1147 1025 1184 uoluntatem
1088 1146 1395 1194 intellegens
1446 1158 1536 1183 non
1590 1145 1737 1187 facit,

223 1215 508 1254 acrioribus
541 1218 589 1254 et
620 1216 941 1264 grauioribus
963 1216 1145 1264 flagris
1178 1215 1435 1253 uindictae
1467 1215 1736 1262 uapulabit.

180 1344 210 1367 15
665 1332 830 1369 SENEX
862 1332 978 1369 SINE
1011 1332 1302 1370 RELIGIONE.

280 1413 473 1451 Secundus
495 1412 689 1451 abusionis
711 1414 853 1461 gradus
875 1414 954 1459 est,
979 1413 1010 1450 si
1029 1412 1110 1450 sine
1132 1413 1316 1461 religione
1334 1425 1447 1452 senex
1465 1424 1547 1451 esse
1565 1413 1738 1450 inuenia-

223 1484 298 1529 tur,
330 1482 494 1520 cuicum
517 1483 685 1520 membra
715 1482 910 1521 exterioris
940 1482 1105 1520 hominis
1138 1484 1399 1529 ueterescunt,
1431 1483 1530 1521 uires
1561 1482 1678 1520 animi
1701 1482 1738 1519 id

224 1555 283 1588 est
305 1551 495 1589 interioris
518 1551 680 1589 hominis
722 1553 890 1590 membra
934 1552 1168 1590 incrementa
1189 1552 1334 1590 roboris
1357 1565 1431 1590 non
1453 1553 1620 1600 capiunt.
1653 1551 1738 1599 plus

223 1620 322 1658 enim
344 1620 517 1658 omnibus
538 1620 716 1668 religioni
739 1632 890 1668 operam
927 1622 1014 1659 dare
1036 1622 1189 1660 senibus
1213 1622 1389 1660 conuenit
1412 1634 1504 1670 quos
1527 1622 1738 1669 praesenti>=

179 1699 212 1725 20
228 1690 369 1728 saeculi
391 1691 523 1728 florida
545 1692 650 1728 aet-as
671 1692 866 1729 transacta
884 1691 1037 1729 deserit.
1061 1691 1159 1729 sicut
1181 1703 1343 1738 namque
1366 1691 1404 1728 in
1433 1691 1550 1739 lignis
1572 1692 1655 1738 ipsa
1677 1703 1736 1728 re-

226 1760 342 1806 proba
363 1761 475 1797 arbor
493 1762 672 1807 conparet
695 1771 790 1807 quae
812 1761 899 1807 post
921 1760 1032 1798 flores
1054 1760 1200 1798 fructus
1223 1762 1384 1809 optimos
1407 1761 1543 1799 cultori
1570 1773 1634 1799 suo
1665 1772 1738 1797 non

224 1829 398 1876 exhibet,
432 1829 484 1866 sic
516 1831 553 1866 et
575 1828 614 1866 in
636 1829 851 1867 hominibus
882 1828 962 1877 ipse
993 1830 1175 1877 reprobus
1198 1833 1257 1868 est
1287 1842 1398 1878 quem
1427 1831 1495 1868 flos
1526 1829 1737 1867 iuuentuti>⁴

223 1898 363 1936 deserit
393 1900 430 1935 et
460 1900 585 1936 tamen
617 1898 654 1936 in
679 1898 738 1936 sui
767 1898 933 1946 corporis
967 1901 1160 1937 senectute
1192 1900 1372 1938 bonorum
1396 1911 1549 1947 operum
1572 1901 1738 1936 maturos

223 1967 372 2005 fruetus
394 1967 562 2015 proferre
586 1967 841 2015 paruipendit.
875 1967 966 2014 quid
988 1968 1087 2005 enim
1110 1965 1288 2006 stolidius
1311 1968 1392 2006 fieri
1414 1970 1553 2016 potest,
1577 1969 1609 2004 si
1633 1979 1736 2005 men>

312 2120 334 2152 2
358 2119 488 2153 Matth.
515 2120 546 2160 5,
575 2119 626 2153 13.
768 2120 789 2152 3
815 2120 948 2153 Mattb.
976 2120 1008 2161 6,
1034 2119 1092 2154 23.
1237 2120 1279 2153 12
1305 2120 1387 2153 Luc.
1416 2120 1468 2159 12,
1497 2120 1552 2154 47.

314 2265 334 2297 1
360 2264 534 2297 instruere
561 2264 684 2297 uolens
710 2264 905 2307 discipulos
932 2275 950 2298 υ
1105 2264 1309 2298 admoneret
1342 2264 1373 2297 V
1526 2265 1547 2297 2
1574 2264 1618 2308 si]
1646 2264 1735 2307 quod

222 2321 252 2354 si
278 2321 337 2356 Xv
502 2322 582 2366 hoc]
610 2321 647 2355 id
673 2322 712 2355 X
880 2322 901 2356 3
927 2322 1007 2365 quo]
1035 2332 1102 2365 quo
1129 2322 1223 2355 enim
1257 2322 1290 2355 V
1453 2323 1473 2353 ἴ)
1500 2322 1645 2355 desierit
1672 2333 1691 2355 1,·

221 2379 294 2422 aut]
321 2379 379 2413 uel
404 2379 450 2419 X,
478 2380 536 2413 uel
563 2390 583 2413 a
608 2391 628 2414 υ
747 2380 768 2412 (3
794 2390 813 2413 a
839 2379 975 2423 reliquo
1002 2391 1022 2414 v
1141 2379 1301 2413 doctores
1328 2389 1394 2413 om.
1424 2379 1464 2413 X
1580 2380 1598 2413 7
1626 2380 1737 2423 pluri-

222 2436 290 2469 mis
315 2448 336 2471 v
492 2437 683 2481 perditioni
712 2438 752 2471 X
930 2438 952 2471 ὅ
979 2438 1052 2481 ipse
1080 2438 1239 2471 salomon
1266 2448 1286 2471 v
1449 2439 1469 2470 9
1496 2438 1571 2471 solo
1597 2448 1659 2472 suo
1693 2438 1736 2471 G.

223 2494 313 2528 solio
344 2494 385 2535 V,
411 2494 522 2528 solius
549 2495 603 2529 sui
628 2506 649 2530 v
790 2496 834 2529 10
858 2495 998 2529 meriti÷÷
1023 2495 1064 2529 X
1201 2496 1237 2529 et
1262 2495 1397 2529 maiora
1425 2495 1464 2528 X
1591 2496 1633 2529 11
1660 2506 1736 2539 per-

223 2552 384 2595 ciperunt
410 2552 453 2587 N
599 2552 643 2586 12
668 2553 770 2586 cui..
789 2553 832 2586 ,1.
861 2555 904 2586 14
929 2552 1120 2596 uapulabit
1145 2562 1211 2586 om.
1238 2552 1277 2585 Χ
1428 2552 1472 2585 ab
1499 2563 1539 2586 eo
1566 2553 1645 2596 plus
1670 2565 1690 2587 1,·

224 2609 268 2642 14
293 2610 485 2644 artioribus
516 2610 589 2645 GV
753 2611 907 2655 flagellis
932 2621 953 2645 υ
1115 2610 1304 2654 uapulauit
1336 2610 1368 2644 G
1531 2611 1573 2644 17
1601 2614 1736 2645 uetera-

223 2668 326 2700 scunt
356 2667 408 2702 Vv
564 2669 606 2701 19
633 2668 810 2712 conuenit]
839 2668 996 2712 conpetit
1021 2668 1081 2702 Xv
1243 2668 1440 2711 praesentis
1472 2668 1504 2703 G
1530 2669 1560 2702 is
1586 2670 1627 2703 in
1653 2680 1736 2703 ras..

208 2724 398 2766 -·praesenti
425 2724 479 2757 X¹
597 2726 644 2759 20
668 2725 824 2759 deseruit
854 2726 905 2760 Vv
1023 2725 1127 2769 sicut]
1155 2725 1240 2758 licet
1271 2725 1399 2765 GXV3
1426 2725 1469 2768 cf.
1494 2737 1533 2769 p.
1563 2728 1639 2767 158,
1668 2730 1687 2760 1

222 2780 264 2813 21
291 2781 394 2815 arbor
418 2782 564 2826 reproba
590 2783 630 2815 X
744 2783 788 2816 22
814 2783 899 2826 ipse]
927 2782 988 2816 ille
1019 2782 1054 2817 V
1164 2783 1209 2816 23
1235 2782 1390 2816 deseruit
1417 2794 1436 2815 r
1547 2784 1592 2817 24
1617 2787 1733 2827 potest

225 2837 299 2870 fieri
330 2838 364 2871 V
500 2840 529 2872 si
563 2839 660 2881 (ΡΥ,
689 2841 718 2873 si
744 2841 828 2874 tunc
861 2840 955 2874 G2X

1753 1415 1776 1450 2
