2032 3248
256 757 308 797 26

317 241 400 284 238
953 234 1195 279 Appendix.

319 348 461 385 stolus:
506 344 808 392 stipendium
839 342 1033 390 peccati
1065 353 1189 380 mors
1220 343 1305 379 est.
1353 351 1448 388 quae
1487 341 1616 378 mors?
1649 339 1829 387 corporis,

319 428 432 464 quam
455 414 573 453 solam
609 413 807 451 minitatur
844 415 881 450 et
914 412 1054 450 inferre
1090 413 1216 459 potest
1251 412 1436 459 tyrannus
1459 410 1569 447 homo
1583 412 1600 447 ἱ)
1643 420 1729 455 11011,
1763 409 1828 446 sed

316 497 414 523 mors
432 485 625 532 gehennae
643 494 738 530 quae
755 482 865 519 finem
884 482 1014 520 nescit,
1042 481 1127 529 plus
1145 481 1272 528 potest
1288 480 1396 517 homo
1413 480 1599 527 tyrannus
1617 490 1728 526 quam
1745 477 1828 515 dia-

321 554 443 591 bolus.
467 552 532 589 ille
555 551 825 600 quodammodo
848 550 949 598 cogit
970 549 1134 588 hominis
1155 550 1344 596 naturam,
1377 548 1439 586 hic
1460 547 1557 585 nihil
1578 546 1682 584 aliud
1702 549 1829 594 potest

318 633 432 669 quam
453 620 680 659 sollicitare:
713 620 856 658 deicere
887 631 962 657 non
983 620 1108 667 potest
1129 618 1205 655 nisi
1226 617 1471 664 assentiaris,
1503 616 1747 655 contemsisse
1770 616 1827 653 ui-
1843 628 1856 651 5

316 691 413 729 cisse
435 692 505 728 est.

381 760 501 798 Maior
522 759 649 807 itaque
670 758 780 797 uenia
803 758 960 796 debetur
980 757 1172 795 Christum
1194 757 1233 794 in
1253 756 1450 795 tormentis
1481 756 1687 803 abneganti
1716 767 1829 804 quam

317 830 451 877 sponte
482 828 709 866 assentienti
740 827 914 873 diabolo,
954 826 1016 864 cui
1046 827 1250 865 credidisse
1284 828 1342 864 est
1377 826 1568 864 Christum
1603 827 1826 874 abnegasse.

314 897 379 936 ille
400 899 562 936 mendax
583 899 642 935 est
663 898 701 935 et
723 896 843 934 omnis
864 896 1050 934 mendacii
1072 898 1194 944 pater,
1231 898 1268 933 et
1290 895 1393 933 illius
1415 895 1602 943 promissa
1623 897 1825 943 quantum-

313 978 471 1015 cumque
507 967 631 1005 fronte
667 966 911 1004 blandiantur
945 964 1041 1003 nihil
1073 965 1177 1003 aliud
1207 967 1296 1002 sunt
1326 977 1437 1013 quam
1458 965 1689 1014 praestigiae
1710 965 1823 1013 pelli·
1840 975 1872 1000 10

314 1037 458 1075 cientes
490 1037 529 1074 in
551 1037 718 1075 exitium.
753 1047 798 1073 ne
821 1035 905 1082 quis
925 1036 1051 1083 itaque
1073 1035 1127 1072 sic
1149 1034 1223 1072 sibi
1245 1034 1481 1072 blandiatur:
1513 1027 1612 1073 ‘sum
1635 1038 1824 1083 peccator,

315 1117 397 1144 amo
418 1106 638 1153 pecuniam,
661 1105 783 1144 seruio
804 1105 976 1151 libidini,
1000 1105 1133 1142 studeo
1155 1104 1381 1150 honoribus,
1415 1104 1591 1152 indulgeo
1614 1106 1821 1153 uindictae,

316 1176 466 1214 deditus
495 1188 577 1213 sum
611 1175 892 1223 uoluptatibus:
927 1175 993 1212 sed
1015 1173 1206 1211 Christum
1238 1185 1312 1211 non
1334 1163 1547 1221 abnegaui'.
1583 1176 1623 1212 at
1644 1175 1826 1213 reclamat

315 1244 387 1282 tibi
410 1245 593 1283 Dominus
615 1244 716 1292 ipse:
740 1256 829 1282 non
850 1246 987 1292 potes
1019 1244 1135 1281 duos
1167 1243 1378 1281 dominos
1411 1243 1582 1281 colere.
1615 1245 1652 1281 et
1673 1243 1824 1281 interim

314 1316 445 1353 horres
479 1314 770 1352 abominandum
798 1313 981 1351 turificati
1010 1315 1079 1351 aut
1105 1312 1271 1350 libellati
1293 1324 1523 1360 cognomen,
1560 1313 1639 1360 ipse
1662 1314 1824 1352 fortasse
1841 1323 1871 1346 15

314 1383 515 1422 turificatis
537 1385 602 1421 aut
622 1383 807 1421 libellatis
829 1383 1006 1421 deterior.
1030 1383 1115 1420 illos
1139 1383 1324 1420 humanus
1345 1385 1468 1420 metus
1490 1382 1690 1420 uiolentior
1711 1394 1825 1430 quam

315 1454 357 1490 ut
378 1453 542 1491 hominis
572 1454 709 1491 natura
747 1452 870 1501 possit
904 1452 1053 1490 uincere
1075 1463 1117 1489 00
1140 1452 1344 1499 compulit,
1382 1454 1424 1489 ut
1445 1452 1581 1500 impias
1605 1464 1715 1491 uoces
1737 1463 1823 1499 pro-

315 1524 420 1560 mant
455 1522 587 1570 lingua
622 1523 853 1560 reclamante
889 1521 1142 1559 conscientia:
1175 1522 1217 1558 tu
1253 1522 1331 1558 tam
1369 1520 1438 1558 uili
1470 1521 1684 1559 mercedula
1716 1522 1823 1560 solli-

315 1591 455 1629 citatus
493 1593 626 1638 sponte
664 1591 792 1629 deficis
828 1591 877 1629 ad
911 1603 1017 1637 eum,
1056 1604 1077 1628 a
1106 1590 1213 1628 cuius
1245 1590 1444 1638 tyrannide
1481 1592 1519 1627 te
1552 1590 1725 1629 Christus
1759 1603 1825 1630 suo

315 1660 499 1708 sanguine
521 1660 702 1699 redemit:
735 1661 841 1699 cuius
864 1661 938 1698 iam
958 1662 1061 1698 totus
1083 1671 1123 1698 es
1145 1661 1270 1698 factus
1285 1691 1293 1707 ‚
1329 1661 1639 1708 quemadmodum
1661 1661 1716 1699 ait
1737 1672 1824 1708 apo·
1841 1669 1874 1694 20

313 1730 457 1768 stolus:
506 1730 619 1768 emti
661 1730 788 1768 estis
831 1729 991 1777 pretio
1033 1741 1223 1777 magno,
1271 1731 1318 1767 et
1354 1729 1443 1767 iam
1474 1742 1563 1767 11011
1594 1730 1718 1768 estis
1749 1742 1824 1768 ue-

315 1799 422 1836 stri.
456 1799 567 1836 huius
600 1799 776 1837 militiam
807 1799 1002 1846 professus
1025 1810 1064 1837 es
1087 1799 1134 1836 ad
1155 1799 1323 1837 salutare
1345 1799 1551 1845 lauacrum,
1576 1799 1666 1838 huic
1686 1799 1827 1837 dedisti

315 1879 462 1914 nomen,
486 1868 598 1905 huius
621 1868 867 1906 sacramentis
889 1867 1065 1905 initiatus
1087 1879 1140 1915 es,
1176 1868 1356 1916 accepisti
1387 1868 1607 1907 donatiuum
1630 1871 1668 1907 et
1688 1868 1826 1917 pignus

314 1937 485 1985 spiritus,
520 1949 566 1975 ne
597 1938 687 1985 quid
718 1937 913 1975 dubitares
945 1937 989 1974 de
1024 1937 1209 1984 promisso
1243 1937 1443 1985 stipendio,
1467 1937 1654 1985 simulque
1677 1938 1826 1976 diabolo

313 2006 548 2044 denuntiasti
583 2008 785 2054 perpetuas
817 2005 1049 2053 inimicitias,
1088 2006 1321 2044 renunciasti
1355 2006 1528 2045 omnibus
1550 2006 1654 2044 illius
1677 2007 1825 2055 pompis
1840 2017 1870 2042 25

313 2088 356 2114 ac
376 2076 654 2124 uoluptatibus,
689 2073 917 2121 exsufflasti,
956 2075 1182 2123 exsibilasti,
1221 2076 1358 2114 iurasti
1383 2076 1422 2114 in
1445 2077 1560 2115 uerba
1581 2078 1825 2116 redemtoris:

317 2156 474 2192 cumque
497 2147 554 2183 tot
577 2145 683 2183 uitiis
707 2145 868 2192 seruias,
902 2144 974 2183 tibi
994 2145 1122 2192 places
1143 2145 1243 2192 quod
1263 2146 1428 2184 nondum
1450 2146 1502 2183 sis
1523 2146 1738 2185 turificatus
1761 2149 1827 2185 aut

315 2213 523 2252 libellatus.

242 2280 295 2317 27
345 2270 408 2320 ‘Si
440 2284 524 2331 quis
560 2284 670 2321 miles
705 2283 853 2322 iuratus
884 2283 923 2320 in
960 2284 1076 2321 uerba
1098 2283 1270 2322 Caesaris
1291 2284 1510 2333 profugeret
1534 2286 1581 2322 ad
1604 2285 1763 2322 Turcam
1788 2287 1825 2322 et

313 2363 358 2389 ex
391 2351 494 2390 illius
528 2353 684 2391 arbitrio
714 2353 857 2392 faceret
882 2364 929 2391 ea
951 2364 1046 2401 quae
1069 2353 1184 2391 sciret
1205 2353 1466 2401 ingratissima
1488 2353 1659 2400 Caesari,
1701 2363 1823 2393 11011110
1838 2364 1870 2387 30

312 2422 602 2468 comprehensus
634 2423 680 2460 ad
712 2422 942 2470 supplicium
978 2424 1176 2469 raperetur
1198 2423 1240 2459 ut
1272 2423 1454 2469 desertor,
1491 2424 1533 2460 ut
1555 2422 1742 2470 periurus,
1780 2426 1823 2462 ut

311 2489 504 2537 perfuga?
545 2491 628 2538 quis
664 2493 791 2529 autem
827 2490 977 2529 audiret
1012 2502 1096 2529 eum
1131 2491 1186 2528 ita
1229 2502 1269 2529 se
1313 2491 1575 2530 defendentem
1612 2483 1703 2531 ‘non
1739 2504 1823 2530 sum

312 2557 502 2605 desertor,
535 2571 610 2597 11011
640 2560 828 2608 abnegaui
862 2549 1086 2598 Caesarem'.
1124 2571 1248 2598 annon
1278 2572 1363 2599 mox
1393 2560 1541 2598 audiret
1579 2554 1686 2608 ‘quid
1707 2562 1823 2600 refert

314 2626 347 2663 si
368 2627 500 2675 lingua
519 2628 667 2666 tacuit?
700 2640 740 2666 re
757 2629 841 2677 ipsa
861 2629 1080 2677 abnegasti,
1102 2630 1141 2667 et
1169 2629 1369 2677 plusquam
1399 2629 1614 2677 abnegasti,
1652 2630 1716 2678 qui
1746 2643 1819 2669 non

313 2696 435 2734 solum
468 2697 679 2735 deserueris
709 2698 906 2745 militiam,
939 2709 1069 2737 uerum
1091 2699 1204 2736 etiam
1227 2700 1275 2736 ad
1296 2700 1498 2747 tyrannum
1519 2700 1557 2736 et
1578 2700 1725 2737 hostem
1746 2700 1816 2737 im·
1832 2710 1863 2733 :⁴5

404 2859 423 2892 1
450 2858 550 2893 Rom.
577 2860 608 2901 6,
634 2861 688 2894 23.
830 2862 872 2895 14
896 2861 1028 2895 Matth.
1054 2862 1087 2906 6,
1112 2862 1168 2897 24.
1318 2862 1358 2895 21
1387 2861 1404 2894 Ι
1431 2861 1509 2896 Cor.
1535 2862 1566 2902 6,
1593 2861 1648 2895 20.
