2032 3248
754 263 878 297 Liber
918 264 993 298 VII.
1531 272 1612 313 243

127 375 285 429 paruuli
326 376 526 428 pusiones,
559 376 605 416 ut
644 376 799 418 animos
831 380 999 431 pascant
1030 380 1338 434 abstineantque
1369 382 1608 436 ploratibus,

126 443 377 498 passerculos
414 445 587 497 pupulos
625 444 780 486 eculeos
819 458 941 499 panes
987 448 1210 499 accipiunt,
1259 450 1405 502 quibus
1446 463 1611 493 auocare

127 525 169 554 se
200 512 370 565 possint,
402 512 460 553 ita
491 512 532 553 di
565 513 819 555 immortales
851 515 1105 567 placamenta
1136 517 1215 558 ista
1247 521 1426 568 sumunt,
1464 520 1610 572 quibus

127 582 206 622 iras
238 581 359 633 atque
391 581 548 622 animos
579 583 730 633 ponant
762 584 801 623 et
832 582 874 623 in
906 583 1082 637 gratiam
1116 586 1197 625 suis
1229 598 1321 626 cum
1350 586 1612 628 offensoribus

101 650 324 691 sredeant?
367 649 511 702 atquin
544 661 615 703 ego
647 650 764 691 rebar
802 651 916 701 deos,
958 652 990 692 si
1023 652 1139 694 modo
1178 654 1333 694 rectum
1363 655 1424 695 est
1456 657 1613 696 credere

128 717 233 771 quod
263 717 442 759 motibus
473 717 728 771 exagitentur
762 718 928 770 irarum,
962 719 1047 761 sine
1078 721 1174 761 ullis
1197 722 1387 773 praemiis
1410 722 1613 775 nullisque

128 786 379 828 mercedibus
421 786 504 828 iras
547 787 667 839 atque
706 787 861 829 animos
902 801 1046 841 ponere
1078 790 1117 830 et
1147 790 1425 842 peccatoribus
1465 791 1614 832 delicta

129 855 288 896 donare.
334 855 408 896 hoc
440 856 502 896 est
533 856 642 897 enim
673 856 878 909 proprium
912 858 1146 908 numinum,
1188 858 1374 900 liberales
1407 859 1544 900 uenias
1575 860 1615 900 et

129 923 402 964 concessiones
434 924 579 965 habere
610 925 824 978 gratuitas.
873 926 978 978 quod
1009 927 1043 967 si
1074 926 1159 967 fieri
1182 940 1258 968 non
1279 928 1425 979 potest,
1457 928 1616 979 sapien-

87 992 210 1032 mtius
243 991 377 1033 multo
409 993 470 1033 est
500 993 763 1045 pertinaciter
794 1005 858 1034 eos
891 994 932 1034 in
955 994 1172 1036 offensione
1195 996 1338 1036 durare
1369 1008 1488 1047 quam
1524 1009 1614 1036 mu-

130 1072 270 1101 nerum
292 1061 545 1113 corruptione
566 1061 789 1103 mitescere.
813 1062 959 1103 crescit
982 1062 1091 1103 enim
1108 1064 1329 1104 multitudo
1347 1064 1614 1116 peccantium,

130 1141 220 1169 cum
252 1129 477 1170 redimendi
508 1130 662 1183 peccati
694 1143 784 1182 spes
818 1131 950 1180 datur,
985 1132 1025 1172 et
1047 1132 1164 1173 facile
1186 1132 1269 1172 itur
1291 1133 1339 1172 ad
1363 1131 1514 1184 culpas,
1548 1132 1615 1172 ubi

131 1198 190 1238 est
221 1197 374 1238 uenalis
405 1198 702 1252 ignoscentium
735 1199 880 1252 gratia.
930 1211 1019 1239 ecee
1051 1199 1085 1240 si
1116 1199 1187 1240 bos
1219 1199 1367 1252 aliquis
1389 1202 1458 1240 aut
1489 1198 1652 1251 quod-⁹

130 1265 231 1307 libet
263 1279 308 1306 ex
338 1266 402 1307 his
433 1265 599 1316 animal,
633 1266 738 1319 quod
769 1266 819 1308 ad
850 1267 1065 1319 placandas
1089 1268 1269 1308 caeditur
1290 1268 1614 1320 mitigandasque

87 1347 117 1371 ιι,
131 1334 182 1375 ad
216 1334 434 1375 numinum
471 1334 619 1385 furias,
661 1346 799 1376 uocem
837 1334 1012 1375 hominis
1052 1337 1186 1376 sumat
1224 1336 1513 1388 eloquaturque
1555 1336 1616 1376 his

131 1402 262 1444 uerbis
293 1398 454 1457 ‘ergone
486 1415 507 1444 ο
529 1402 725 1456 Iuppiter,
758 1403 827 1443 aut
857 1403 1039 1455 quisquis
1062 1403 1166 1444 alius
1189 1404 1286 1444 deus
1309 1415 1360 1456 es,
1393 1404 1615 1444 humanum

132 1472 193 1511 est
237 1471 348 1512 istud
385 1472 426 1512 et
466 1474 623 1513 rectum
662 1472 732 1512 aut
779 1472 999 1524 aequitatis
1041 1472 1213 1513 alicuius
1252 1473 1292 1512 in
1334 1472 1617 1513 aestimatione

131 1539 377 1591 ponendum,
425 1540 472 1581 ut
511 1552 604 1581 cum
643 1539 748 1581 alius
786 1540 1031 1591 peccauerit,
1078 1552 1150 1592 ego
1190 1540 1347 1581 occidar
1378 1542 1418 1582 et
1451 1540 1497 1581 de
1529 1553 1616 1581 meo

132 1608 325 1661 sanguine
357 1608 443 1649 fieri
476 1608 552 1649 tibi
593 1608 763 1660 patiaris
795 1608 915 1658 satis,
951 1608 956 1662 Ι
993 1608 1061 1660 qui
1093 1621 1315 1660 numquam
1347 1609 1386 1649 te
1418 1609 1733 1658 laeserim‚s.138

88 1690 121 1714 20
133 1687 353 1728 numquam
385 1676 515 1718 sciens
548 1677 619 1718 aut
649 1676 830 1717 nesciens
861 1677 979 1717 tuum
1003 1689 1150 1717 numen
1174 1677 1508 1728 maiestatemque
1531 1677 1619 1717 uio·

131 1743 269 1795 larim,
314 1744 466 1786 animal
506 1746 552 1785 ut
597 1745 673 1786 scis
716 1745 896 1793 mutum,
937 1746 1104 1785 naturae
1151 1757 1262 1785 meae
1310 1744 1618 1797 simplicitatem

132 1822 298 1864 sequens
320 1825 392 1855 nec
414 1812 733 1854 multiformium
760 1825 920 1853 morum
943 1812 1212 1853 uarietatibus
1235 1811 1466 1852 lubricum?
1499 1825 1617 1853 num-

133 1880 229 1932 quid
259 1881 477 1933 aliquando
510 1882 601 1922 tuos
634 1881 749 1921 ludos
782 1881 918 1920 minus
951 1880 1089 1920 sancte
1121 1879 1417 1932 diligenterque
1439 1879 1618 1932 perfeci?

132 1950 328 2001 numquid
359 1950 538 2002 aliquem
569 1948 809 2002 praesulem,
842 1950 959 1988 tuum
991 1960 1135 1989 nomen
1167 1948 1235 2000 qui
1258 1948 1488 1998 offenderet,
1522 1948 1616 1988 ante

89 2031 120 2056 25
132 2016 321 2059 traduxi?
353 2018 551 2070 numquid
574 2018 707 2058 iuraui
731 2030 800 2070 per
821 2018 860 2057 te
883 2017 1014 2057 falso?
1046 2016 1241 2068 numquid
1264 2014 1472 2068 sacrilegis
1497 2015 1616 2055 furtis

134 2084 202 2125 tua
223 2086 338 2139 rapui
362 2087 615 2139 spoliauique
637 2086 830 2127 donaria?
861 2084 1059 2137 numquid
1082 2084 1166 2125 erui
1190 2084 1482 2125 sacratissimos
1506 2083 1616 2123 lucos

133 2154 204 2193 aut
234 2154 422 2207 religiosa
454 2154 650 2206 quaedam
673 2155 759 2195 loca
782 2152 1150 2194 substructionibus
1180 2151 1306 2204 pollui
1329 2151 1616 2204 profanauique

133 2220 334 2272 priuatis?
378 2236 577 2276 quaenam
618 2224 678 2263 est
718 2234 811 2275 ergo
851 2234 991 2270 causa,
1033 2223 1078 2261 ut
1117 2221 1292 2261 alienum
1339 2220 1489 2260 crimen
1530 2230 1617 2259 meo

134 2288 270 2330 luatur
302 2303 321 2332 e
352 2291 550 2345 sanguine
583 2292 622 2332 et
661 2291 701 2331 in
741 2290 854 2331 nefas
898 2290 1130 2329 extraneum
1170 2301 1259 2328 mea
1299 2288 1385 2327 uita
1424 2288 1462 2326 et
1502 2287 1618 2326 inno-

91 2367 123 2393 30
136 2358 265 2399 centia
296 2360 567 2411 producatur?
609 2372 657 2399 an
689 2358 793 2410 quod
826 2357 979 2398 animal
1011 2356 1091 2396 uile
1123 2369 1211 2396 sum
1245 2368 1314 2396 nec
1348 2354 1514 2395 rationis
1548 2365 1618 2393 uec

182 2527 199 2559 1
217 2530 256 2560 ut
273 2527 346 2561 add
363 2528 544 2562 Heralrlus
562 2539 628 2571 quo
645 2527 718 2561 add
739 2527 805 2561 (iel
912 2525 1039 2558 animis
1061 2525 1128 2558 Gec'
1145 2524 1311 2557 animosis
1331 2523 1426 2556 Nalm
1544 2533 1619 2564 pas-

137 2584 217 2616 cant
239 2585 404 2619 Goluius:
430 2587 574 2629 parcant
591 2585 626 2618 P
762 2586 782 2616 2
808 2583 951 2626 populos
978 2582 1011 2614 Ρ
1030 2592 1112 2615 corr
1136 2584 1163 2614 ε’
1302 2580 1411 2613 Panes
1437 2579 1619 2612 Heu-«luas

135 2649 234 2673 canes
259 2642 411 2675 Zinkius
572 2641 747 2684 accipiunt
773 2640 865 2673 Sub:
891 2639 1062 2682 accipiant
1089 2638 1122 2670 Ι)
1281 2638 1301 2669 3
1327 2636 1374 2669 dii
1403 2635 1617 2668 immortales

142 2695 326 2738 Camenas,
360 2699 444 2732 Urs:
478 2698 525 2731 dii
551 2697 713 2730 mortales
740 2697 774 2729 P
912 2696 952 2728 13
979 2694 1038 2727 bos·
1070 2694 1151 2727 (iel.-
1185 2704 1243 2726 uos
1272 2693 1305 2725 l‘
1430 2692 1471 2725 15
1495 2692 1537 2724 ad
1564 2690 1620 2723 del

143 2751 209 2786 Gel
324 2755 365 2788 16
389 2755 547 2798 quisquis
574 2754 741 2787 Zinkius:
767 2752 844 2795 quis
871 2752 904 2785 1²
1020 2751 1060 2783 12>
1086 2750 1155 2792 qui]
1184 2749 1272 2791 quod
1301 2749 1369 2780 Sub
1488 2748 1528 2780 21
1558 2757 1618 2779 nu-

137 2818 214 2843 men
238 2810 303 2844 Gel
429 2814 490 2845 aut
514 2813 547 2844 te
571 2810 635 2844 Gel
660 2821 702 2842 an
729 2816 761 2842 te
779 2809 962 2841 Mcursius
988 2811 1069 2840 ante
1095 2810 1127 2838 tc
1147 2805 1356 2838 iss'teececlcius
1486 2806 1527 2836 220
1547 2804 1621 2835 lua-

138 2866 196 2898 tur
219 2867 260 2900 in
284 2877 345 2901 ras
371 2868 405 2901 P
544 2866 587 2900 30
613 2865 820 2909 perducatur
845 2865 917 2898 δαὶ)

1415 2929 1484 2960 1⁶3*
