2032 3248
310 242 394 285 254
716 239 909 274 Arnobii
940 239 1152 274 aduersus
1189 239 1395 274 nationes

309 357 407 411 gata
436 357 646 409 taetreque
683 356 731 397 ut
761 356 939 398 colorata
969 356 1154 398 curatis?
1198 356 1354 399 inficite
1385 356 1528 411 thura,
1574 357 1609 399 si
1639 357 1803 410 dantur,

309 426 440 468 salsas
480 424 619 479 fruges
660 426 781 478 atque
822 425 1014 467 uniuersa
1059 425 1278 475 libamina3
1328 425 1428 468 lacti
1478 425 1564 467 oleo
1602 426 1804 480 sanguini,

311 494 380 536 hic
409 494 535 549 ponat
566 494 614 536 ut
643 505 894 548 purpureum
917 494 1105 546 colorem,
1136 494 1212 536 illa
1232 496 1280 536 ut
1301 494 1386 536 sint
1405 494 1555 547 lurida,
1586 493 1806 550 fuliginem

175 572 200 607 f.
217 571 299 605 144b
313 563 520 606 infundite
560 576 653 605 cum
693 562 861 605 fauiuis.
899 562 904 619 Ι
940 564 1047 617 quod
1077 563 1113 606 si
1142 563 1259 606 uobis
1297 563 1442 618 religio
1473 563 1589 605 nulla
1620 564 1681 606 est
1713 563 1806 606 alba

311 634 508 685 quaedam
540 631 691 674 inferre
723 633 765 674 31
795 644 889 675 suos
920 632 1142 675 retinentia
1173 632 1380 684 candores,
1411 632 1490 685 ipsi
1522 632 1681 674 uestras
1711 632 1808 674 reli·
1837 649 1853 674 s

311 702 450 756 giones
490 702 747 755 rationesque
787 702 1038 753 dissoluitis,
1085 714 1179 744 cum
1221 713 1429 744 sacrorum
1469 701 1512 743 in
1543 713 1661 754 opere
1701 700 1808 742 nihil

245 769 291 809 21
311 783 440 812 unum
479 771 805 825 perpetuumque
844 771 1033 813 seruatiS.
1079 771 1150 814 sed
1180 771 1221 813 et
1261 770 1369 812 illud
1397 770 1474 813 hoc
1511 771 1599 812 loco
1640 781 1806 812 consen-

311 841 478 882 taneum
510 841 574 882 est
605 852 652 882 ex
683 841 799 883 uobis
830 839 1049 883 addiscere.
1095 840 1131 883 si
1162 852 1279 895 caper
1311 840 1506 883 caedatur
1535 839 1647 891 Ioui,
1688 852 1808 893 quem

313 908 423 963 patri
463 909 661 951 sollemne
701 909 763 951 est
805 909 950 951 Libero
986 909 1270 963 Mercurioque
1311 908 1505 960 mactari,
1548 909 1619 950 aut
1657 908 1730 951 bos
1773 909 1809 951 si

312 977 465 1019 sterilis
497 977 673 1029 aniae‚
713 990 837 1032 quam
871 978 1138 1032 Proserpinae
1177 977 1376 1030 tribuitis,
1422 976 1528 1031 quod
1569 977 1654 1019 ritu
1686 978 1808 1031 atque
1823 993 1854 1018 ιο

312 1046 598 1089 obseruatione
634 1047 902 1101 praecipitur:
943 1046 1041 1100 quid
1071 1047 1259 1088 facinoris
1289 1046 1333 1088 in
1363 1046 1438 1088 hoc
1468 1046 1558 1095 erit,
1591 1046 1690 1099 quid
1720 1058 1808 1087 ma-

312 1115 447 1157 lorum
478 1116 696 1158 scelerisue
727 1116 996 1170 contractum,
1030 1128 1124 1157 cum
1153 1115 1259 1157 nihil
1280 1115 1444 1157 intersit
1465 1115 1662 1168 obsequii,
1694 1115 1810 1157 cuius

314 1185 506 1228 animalis
537 1199 559 1227 e
589 1185 721 1238 capite
752 1185 1014 1227 honorarium
1045 1185 1156 1227 istud
1187 1184 1373 1227 debitum
1404 1184 1686 1238 compleatur?
1717 1195 1810 1226 con-

312 1252 429 1296 fundi
467 1254 584 1309 haec,
625 1255 779 1308 inquit,
823 1255 885 1296 fas
918 1267 998 1296 non
1028 1254 1090 1296 est
1136 1266 1209 1296 nec
1246 1253 1399 1307 piaculi
1433 1253 1551 1307 parui
1583 1256 1645 1295 est
1677 1253 1811 1295 officia

314 1322 469 1365 rituum
502 1324 912 1377 procurationumque
933 1324 1118 1366 miscere.
1158 1335 1339 1374 causam,
1371 1334 1452 1374 oro,
1485 1321 1671 1364 edissere.
1715 1321 1811 1375 quia
1824 1339 1856 1363 15

314 1392 475 1447 generis
506 1392 606 1435 certi
636 1393 791 1435 hostias
825 1393 948 1435 certis
978 1393 1043 1435 ius
1075 1393 1138 1435 est
1165 1404 1398 1434 consecrare
1418 1391 1659 1434 numinibus
1680 1391 1812 1433 certa-

313 1473 389 1514 que
428 1462 468 1503 et
506 1462 834 1516 supplicamenta
871 1462 1082 1515 praestari.
1123 1462 1164 1504 et
1194 1474 1296 1515 quae
1325 1461 1478 1503 iterum
1508 1471 1628 1503 causa
1659 1459 1732 1513 est,
1764 1459 1812 1500 ut

312 1529 473 1584 generis
504 1531 606 1573 certi
636 1531 792 1573 hostias
823 1531 946 1573 certis
976 1530 1040 1572 ius
1071 1531 1127 1573 sit
1157 1542 1390 1573 consecrare
1421 1520 1659 1572 numinibus
1679 1528 1810 1570 certa-

314 1610 391 1652 que
422 1599 463 1641 et
493 1599 819 1653 supplicamenta
848 1600 1077 1653 praestari?
1116 1600 1157 1641 et
1186 1599 1261 1642 hoc
1292 1599 1399 1641 enim
1430 1599 1494 1640 ius
1524 1598 1661 1653 ipsum
1692 1596 1812 1640 debet

315 1666 464 1709 habere
508 1680 624 1710 suam
669 1681 835 1711 causam
880 1669 1081 1722 certisque
1122 1668 1172 1710 ab
1215 1668 1443 1710 rationibus
1484 1667 1654 1719 exoriri,
1701 1665 1808 1709 duci.
1824 1679 1857 1706 20

314 1736 603 1790 antiquitatem
645 1738 1060 1791 consuetudinemque
1106 1737 1290 1780 dicturus
1331 1737 1403 1780 es?
1451 1737 1669 1779 hominum
1707 1735 1812 1777 mihi

315 1804 419 1847 scita
458 1806 698 1860 pronuntias
729 1807 770 1849 et
803 1807 911 1849 caeci
950 1806 1141 1849 animalis
1181 1806 1369 1849 inuenta:
1417 1818 1490 1862 ego
1521 1807 1674 1857 autem,
1717 1817 1812 1847 cum

314 1875 476 1929 postulo
508 1887 671 1918 causam
702 1876 807 1917 mihi
829 1876 1024 1930 depromi,
1056 1876 1196 1918 audire
1224 1875 1408 1918 desidero
1431 1876 1503 1918 aut
1525 1875 1633 1917 caelo
1656 1872 1813 1927 aliquid

315 1943 478 1997 lapsum
516 1945 589 1986 aut
626 1946 732 1998 quod
770 1945 903 1999 magis
934 1957 999 1987 res
1028 1945 1179 1998 poscit,
1223 1945 1322 1998 quid
1352 1944 1596 1999 adplicitum
1626 1943 1813 1997 Iuppiter

317 2011 370 2053 ad
399 2013 510 2054 tauri
539 2013 688 2055 habeat
718 2014 976 2068 sanguinem,
1009 2016 1056 2055 ut
1087 2014 1124 2055 ei
1146 2014 1293 2056 debeat
1313 2013 1534 2065 immolari,
1565 2025 1646 2055 non
1667 2012 1813 2054 debeat
1824 2026 1858 2053 2⁸

315 2079 536 2132 Mercurio,
569 2081 745 2124 Libero?
791 2083 862 2124 aut
903 2083 1049 2124 natura
1090 2094 1193 2135 quae
1233 2082 1345 2136 capri
1378 2083 1459 2134 est,
1500 2082 1547 2123 ut
1577 2081 1641 2123 his
1671 2092 1813 2122 rursus

318 2148 597 2201 adcommoda,
619 2150 844 2193 Ionia-libus
865 2151 1109 2193 conueniens
1130 2150 1339 2193 sacrificiis
1362 2163 1443 2192 non
1459 2150 1544 2192 sit?
1566 2149 1813 2192 animalium

316 2218 425 2260 facta
464 2219 526 2260 est
565 2219 673 2261 inter
713 2219 807 2261 deos
847 2219 1026 2262 diuisio?
1075 2219 1364 2262 transactionis
1411 2219 1585 2261 alicuius
1624 2218 1813 2272 pactione

202 2297 224 2330 f.
239 2298 304 2330 145
318 2288 520 2339 conuenit,
553 2289 600 2329 ut
630 2288 701 2331 ille
731 2289 958 2330 contineret
993 2287 998 2344 Ι
1034 2288 1083 2331 31)
1114 2289 1236 2330 113133
1268 2301 1309 2331 33
1339 2288 1486 2339 1103113,
1518 2287 1586 2329 1113
1617 2288 1664 2329 31
1694 2299 1813 2328 usur-

364 2526 383 2559 1
400 2528 582 2571 taetreque
601 2527 717 2562 Sazm:
741 2529 927 2572 taetraque
944 2528 980 2562 P
1108 2529 1144 2563 31
1161 2528 1231 2563 Sab
1362 2528 1384 2562 3
1399 2526 1458 2562 hic
1477 2526 1571 2562 Sab:
1588 2526 1669 2560 huic
1688 2525 1724 2559 P

317 2581 340 2616 4
363 2582 497 2617 fabillis
522 2584 558 2618 P
707 2586 729 2620 5
754 2595 841 2629 quae
867 2586 902 2620 P
924 2595 1007 2620 corr
1030 2595 1048 2620 c
1198 2585 1288 2619 ferre
1313 2584 1385 2619 Sab
1536 2584 1557 2619 9
1582 2582 1751 2617 mercurio
1777 2581 1814 2616 P

318 2649 400 2674 corr
424 2651 442 2675 c
604 2641 648 2676 10
671 2641 832 2676 tribuitis
858 2642 950 2677 Sab:
987 2642 1159 2677 tribuitus
1184 2642 1219 2676 P
1383 2641 1475 2686 quod
1499 2638 1814 2675 Hildebrandius:

319 2707 357 2731 co
383 2697 419 2731 P
442 2707 509 2741 quo
534 2700 563 2733 ε’
715 2700 757 2733 12
784 2699 984 2734 33313113333
1010 2700 1046 2734 Ρ
1190 2699 1232 2733 13
1256 2698 1483 2733 honorarium
1508 2697 1602 2732 Sab:
1638 2695 1814 2730 honorali-

319 2764 379 2787 um
404 2754 440 2788 P
579 2756 624 2791 15
648 2757 1004 2801 procurationumque
1028 2757 1236 2791 Meursius:
1263 2755 1613 2800 procurationemque
1637 2754 1669 2786 P
1690 2763 1815 2797 procu-

319 2810 520 2856 rationeque
538 2811 610 2846 Sab
749 2814 790 2847 17
808 2816 844 2848 31
861 2813 955 2849 Sab:
974 2815 1029 2848 est
1045 2814 1081 2848 P
1098 2813 1156 2848 del
1172 2813 1358 2848 Meursius
1503 2811 1545 2846 19
1562 2813 1596 2845 et
1615 2810 1670 2845 del
1687 2810 1815 2845 Meur-

319 2868 395 2903 sius
531 2869 576 2903 22
599 2871 634 2904 et
660 2869 749 2905 Sab:
775 2871 828 2905 331
851 2870 887 2904 Ρ
1023 2870 1068 2906 25
1090 2870 1134 2905 ad
1160 2871 1253 2906 Sab:
1286 2871 1324 2904 at
1347 2869 1382 2904 P
