2032 3248
1594 223 1685 252 XLV

176 318 292 369 esset,
343 316 465 357 huius
516 315 752 355 correctoris
803 315 1047 356 memoriam
1099 316 1228 356 trium
1271 316 1545 369 epistularum
1588 316 1685 357 sub-

172 391 390 444 scriptione
419 392 619 431 testatam
651 389 805 431 seruari
834 390 1036 442 putarem.
1067 389 1109 430 in
1133 390 1243 431 calce
1275 390 1383 432 enim
1407 390 1608 443 epistulae
1630 390 1684 432 28

171 467 210 507 et
246 466 298 507 37
341 465 495 519 legitur
535 465 575 506 in
614 463 696 514 MQ
736 463 1115 505 EMENDAVIT
1146 465 1173 504 I
1180 465 1365 506 VSTJN
1372 464 1440 506 VS
1474 464 1689 506 ROMAE

172 541 361 593 idemque
395 539 573 582 occurrit
605 539 686 581 nisi
719 539 826 592 quod
857 550 933 579 uox
955 538 1173 580 ROMAE
1200 539 1456 581 desideratur
1483 541 1575 592 post
1598 539 1684 593 epi-

175 616 328 657 stulam
352 616 419 666 39,
453 628 556 668 quae
590 615 902 657 coniunctarum
924 614 968 655 in
990 614 1199 668 plerisque
1233 615 1441 656 codicibus
1474 616 1563 657 octo
1598 614 1684 668 epi-

171 691 377 733 stularum
417 690 502 745 (63.
536 691 573 732 6.
609 691 673 732 10.
705 689 772 731 28.
805 689 870 730 37.
906 690 971 730 11.
1004 689 1072 731 38.
1105 687 1178 744 39)
1217 702 1366 743 agmen
1403 689 1571 731 claudit.
1615 691 1685 732 sed

167 767 308 807 utrum
331 765 483 807 lustini
506 778 602 806 cura
622 765 685 806 liis
708 764 849 817 paucis
873 764 1062 818 epistulis
1080 776 1121 805 se
1141 764 1389 806 continuerit
1411 777 1461 806 an
1477 765 1596 819 plura
1617 765 1685 806 uel

168 841 305 882 omnia
342 841 536 893 conplexa
573 840 641 891 sit,
679 841 823 881 utrum
859 839 1058 881 memoria
1091 840 1178 881 eius
1214 852 1259 882 ex
1295 840 1467 881 alterius
1499 839 1684 882 familiae

167 916 387 970 archetypo
408 917 636 970 propagata
659 914 714 956 sit
731 927 782 956 an
800 916 914 956 extra
937 927 1031 955 eum
1054 914 1096 955 in
1120 914 1256 956 codice
1279 915 1447 956 demum
1464 914 1684 957 Monacen-

165 990 220 1031 sis
243 992 283 1032 et
305 990 514 1032 Trecensis
543 990 713 1043 parente
736 989 923 1031 Iustinus
953 989 1125 1042 quidam
1147 990 1301 1032 Romae
1331 991 1463 1032 artem
1495 990 1683 1032 criticam

168 1058 436 1115 fact'itauerit,
459 1065 680 1107 nescimus.

222 1139 354 1182 Codex
376 1140 620 1195 Reginensis
645 1139 716 1195 (T)
739 1140 782 1181 in
810 1141 1031 1194 permultis
1061 1141 1183 1183 rebus
1214 1141 1356 1194 stirpis
1387 1141 1590 1196 originem
1619 1141 1683 1182 in-

166 1215 323 1269 tegrius
346 1228 470 1269 quam
491 1215 537 1257 M
561 1216 601 1256 et
618 1214 653 1266 Q
675 1216 870 1267 seruauit,
894 1216 937 1258 in
959 1228 1037 1270 quo
1060 1229 1134 1258 nec
1156 1216 1385 1270 scripturae
1407 1228 1542 1258 sacrae
1564 1216 1685 1259 testi-

168 1291 304 1332 monia
321 1291 525 1345 castigata
541 1303 615 1332 nec
632 1291 695 1332 tot
712 1291 1081 1344 interpretamenta
1098 1292 1262 1345 recepta
1280 1291 1376 1332 sint.
1401 1291 1470 1333 sed
1488 1291 1684 1334 lectiones

167 1365 238 1406 ille
264 1378 309 1406 ex
332 1365 425 1407 aliis
455 1365 664 1406 codicibus
694 1365 872 1407 adscitas
903 1365 1067 1418 saepius
1097 1364 1270 1407 admisit
1290 1379 1364 1408 nec
1387 1366 1683 1420 coniecturis*)

165 1452 330 1493 prorsus
353 1441 457 1483 liber
479 1442 553 1492 est,
577 1441 684 1493 quod
701 1441 743 1482 111
762 1440 899 1482 codice
920 1453 1000 1482 non
1019 1440 1270 1491 mirandum,
1295 1441 1365 1495 qui
1384 1454 1407 1483 a
1424 1440 1683 1483 Monacensis

166 1518 206 1557 et
229 1516 438 1558 Trecensis
470 1517 605 1557 aetate
636 1527 728 1569 11110,
762 1516 812 1557 ab
836 1516 1048 1569 archetypi
1081 1516 1313 1558 communis
1342 1517 1474 1558 aetate
1503 1517 1681 1558 saeculis

166 1590 338 1632 fortasse
367 1591 501 1633 tribus
530 1593 756 1644 superetur.
790 1591 832 1632 in
863 1591 1063 1644 epistulis·
1086 1603 1180 1632 uero
1213 1591 1249 1633 7.
1274 1592 1312 1634 9.
1337 1592 1401 1633 12.
1429 1591 1493 1633 17.
1520 1592 1583 1633 18.
1612 1592 1677 1633 19.

167 1664 233 1707 25.
258 1666 324 1707 26.
348 1666 414 1707 29.
438 1665 504 1707 32.
529 1665 584 1707 53
614 1677 716 1718 quae
738 1678 784 1707 ex
807 1665 976 1706 alterius
1009 1665 1192 1707 familiae
1222 1667 1443 1721 archetypo
1473 1667 1558 1707 solo
1586 1679 1679 1721 pro-

167 1741 375 1794 pagantur
396 1752 468 1782 nec
490 1739 542 1781 ad
565 1740 647 1782 alia
670 1740 920 1793 exemplaria
944 1741 1152 1783 emendari
1175 1741 1379 1795 poterant,
1406 1755 1570 1784 summa
1593 1742 1680 1783 eius

168 1815 417 1868 perspicitur
445 1815 721 1868 praestantia,
753 1815 796 1856 in
827 1815 920 1857 aliis
950 1816 1066 1858 uelut
1089 1816 1156 1858 30.
1181 1817 1234 1857 31
1260 1829 1353 1858 cum
1382 1816 1683 1858 uetustissimis

168 1889 383 1932 Bobiensis
421 1889 572 1932 codicis
609 1889 854 1944 fragmentis
885 1889 954 1945 (F)
988 1891 1029 1931 et
1064 1891 1107 1931 in
1144 1891 1253 1933 ueris
1289 1890 1536 1933 lectionibus
1569 1892 1610 1932 et
1642 1890 1684 1932 in

168 1965 313 2006 erratis
343 1965 403 2006 ita
434 1965 650 2015 consentit,
681 1967 729 2007 ut
758 1965 968 2007 artissimo
990 1966 1156 2008 uinculo
1182 1980 1277 2008 eum
1299 1979 1393 2008 cum
1415 1965 1446 2006 F
1470 1966 1681 2007 cohaerere

167 2041 373 2093 appareat.
414 2053 539 2093 quare
568 2040 820 2093 ubicumque
849 2041 891 2082 in
918 2040 984 2082 his
1018 2040 1125 2082 inter
1149 2040 1181 2081 T
1214 2042 1255 2083 et
1276 2040 1359 2092 MQ
1389 2040 1680 2082 auctoritatem

170 2113 405 2168 eligendum
434 2114 527 2168 fuit,
558 2113 590 2154 T
612 2114 838 2156 maximam
860 2114 983 2156 fidem
1005 2115 1149 2157 haberi
1171 2115 1288 2157 uolui
1311 2115 1477 2168 eiusque
1500 2114 1680 2168 uestigia

171 2200 359 2240 premens
377 2189 622 2230 coniecturis
639 2189 706 2231 hic
724 2190 813 2231 illic
829 2190 1042 2245 archetypi
1061 2190 1312 2243 scripturam
1330 2192 1491 2244 assequi
1514 2192 1681 2233 conatus

167 2275 270 2313 sum,
308 2263 416 2316 quod
449 2265 575 2306 etiam
605 2279 643 2319 p.
667 2265 791 2315 523‚1
825 2265 957 2307 facere
988 2265 1199 2319 debebam,
1235 2266 1307 2307 ubi
1337 2279 1383 2307 ex
1415 2266 1618 2319 corruptis
1650 2266 1682 2307 T

166 2337 320 2380 litteris
344 2339 525 2390 pereford
554 2342 720 2380 sartam
754 2341 933 2395 genuina
957 2341 1094 2392 perito
1116 2343 1326 2382 resartam
1354 2341 1475 2382 lectio
1505 2341 1680 2382 elicitur.

169 2412 211 2453 in
232 2413 402 2466 reliquis
435 2426 530 2456 uero
562 2414 752 2468 epistulis
784 2427 887 2467 quae
913 2415 1043 2456 trium
1074 2415 1332 2457 familiarum
1355 2414 1565 2457 codicibus
1588 2427 1682 2456 con—

170 2486 354 2529 tinentur
380 2488 515 2530 tribus
537 2489 574 2530 6.
600 2489 666 2530 38.
692 2489 747 2530 60
769 2489 947 2543 exceptis
969 2490 1084 2531 nolui
1107 2489 1417 2531 adnotationem
1439 2488 1682 2543 Reginensis

171 2561 296 2602 etiam
328 2562 542 2616 scripturis
576 2563 700 2604 nimis
736 2576 897 2617 augere,
936 2576 1028 2605 cum
1054 2565 1102 2604 de
1125 2564 1298 2605 alterius
1327 2563 1512 2605 familiae
1542 2563 1683 2605 arche-

218 2687 251 2727 *)
272 2687 339 2728 Qui
373 2687 629 2721 emendationis
665 2691 809 2722 conatus
846 2699 950 2732 quam
977 2689 1021 2722 ab
1048 2689 1231 2733 archetypi
1266 2688 1402 2722 mendis
1427 2689 1496 2731 MQ
1530 2689 1682 2723 seruatis

169 2743 342 2786 pendeant
377 2745 511 2778 duobus
541 2745 625 2779 licet
655 2746 775 2779 uidere
806 2746 986 2789 exemplis.
1020 2757 1051 2790 p.
1084 2750 1208 2784 51:322
1241 2747 1403 2781 e'i'zlice'tae
1430 2748 1683 2792 myotiationz's

167 2800 364 2844 nundinas]
395 2802 528 2836 inlicite
554 2803 789 2847 cogitationes
817 2803 1002 2837 nundinas
1020 2804 1099 2846 MQ,
1127 2805 1163 2837 ίιι
1185 2804 1307 2838 illicite
1325 2805 1559 2849 cogitationes
1576 2815 1681 2838 mim-

167 2856 283 2890 ‹lmen›-
302 2859 338 2899 T,
355 2870 389 2902 p.
410 2862 533 2902 614,1o
554 2861 717 2904 unietur]
741 2862 878 2895 uitetur
896 2861 1004 2903 LMQ.
1025 2862 1184 2895 'uiolefzer
1203 2862 1239 2895 T.

1711 329 1796 355 eodd.
1814 314 1895 366 ΜΩ

1709 382 1898 414 subscriptio-

1769 436 1827 454 HQS.

1717 1158 1830 1184 Codicis
1851 1142 1884 1183 T

1710 1210 1886 1237 auctoritas.
