2032 3248
423 178 504 220 298
1046 174 1286 220 Appendix.

672 284 823 331 Iamque
836 283 871 320 N
874 282 1048 320 iniuitum
1069 282 1215 320 meritis
1235 283 1433 320 mandarat
1452 282 1569 320 Ionan

594 352 643 390 15
676 352 847 390 Praefari
868 351 1022 390 exitium
1042 352 1244 390 Dominus:
1277 351 1342 389 sed
1363 351 1533 389 conscius
1554 350 1619 389 ille

681 421 839 459 Parcere
860 421 1040 459 subiectis
1062 422 1099 459 et
1120 420 1247 458 debita
1268 421 1396 459 cedere
1417 431 1556 467 poenae

676 490 917 538 Supplicibus
940 490 1163 538 facilemque
1184 489 1284 537 boni,
1308 490 1480 527 cessabat
1502 489 1617 536 abire,

674 559 732 598 Ne
752 571 890 597 uanum
911 561 1074 605 caneret,
1095 570 1248 597 cessura
1268 570 1358 606 pace
1378 558 1574 596 minarum.

672 628 758 666 Mox
779 628 868 676 fuga
889 628 1100 674 consilium,
1123 627 1156 666 si
1178 640 1252 676 qua
1274 629 1332 665 est
1353 629 1478 666 tamen
1499 627 1575 665 ista
1596 627 1770 673 facultas,

592 697 645 734 20
674 697 828 735 Enitar-e
849 697 968 735 Deum
989 697 1210 744 Dominique
1233 698 1388 734 euadere
1410 697 1593 742 dextram,

678 767 755 811 Quo
778 766 909 804 subter
929 767 1032 804 totus
1055 766 1248 813 trepidans
1271 765 1518 813 compescitur
1539 764 1652 802 orbis.

671 836 731 872 An
752 834 847 873 ratio
870 837 927 872 est
948 836 1046 882 quod
1067 834 1147 882 agit
1169 836 1297 872 sancto
1320 835 1363 872 de
1385 835 1492 872 corde
1514 834 1740 882 prophetes?

731 904 871 942 Litoris
893 904 932 941 in
953 904 1055 942 labio
1077 906 1189 952 portu
1210 903 1449 942 celeberrima
1471 903 1543 940 fido

675 974 773 1012 Vrbs
795 985 879 1012 oras
902 973 1060 1010 Cilicum
1080 974 1210 1011 contra
1231 972 1394 1010 libratur
1414 972 1541 1019 Ioppe.

591 1043 643 1080 25
676 1043 768 1080 Inde
789 1042 908 1090 igitur
929 1042 1066 1080 Tarsos
1088 1053 1267 1089 properus
1287 1042 1368 1079 rate
1388 1040 1510 1088 poscit
1530 1040 1653 1086 Ionas,

672 1111 849 1149 Eiusdem
870 1123 936 1159 per
957 1112 1092 1158 stagna
1113 1110 1193 1148 dei:
1216 1122 1284 1148 nec
1305 1110 1462 1157 denique
1482 1109 1631 1155 mirum,

669 1181 707 1218 Si
729 1180 929 1218 Dominum
951 1180 989 1217 in
1010 1180 1122 1218 terris
1145 1179 1294 1228 fugiens
1315 1179 1460 1217 inuenit
1482 1179 1520 1216 in
1540 1177 1662 1215 undis.

670 1250 837 1287 Paruula
856 1262 943 1288 nam
964 1250 1088 1288 subito
1110 1249 1366 1287 maculauerat
1387 1259 1474 1286 aera
1494 1248 1625 1293 nubes,

668 1319 816 1357 Vellere
838 1319 1041 1366 sulphureo
1065 1319 1108 1357 de
1130 1318 1268 1357 semine
1291 1317 1436 1356 concita
1457 1317 1572 1365 uenti,

590 1389 643 1426 30
673 1386 939 1436 Paulatimque
961 1388 1114 1436 globum
1135 1387 1286 1435 pariens
1308 1399 1391 1426 cum
1413 1387 1489 1425 sole
1512 1385 1693 1432 cohaesit,

675 1457 955 1505 Deceptumque
978 1457 1075 1495 diem
1097 1457 1270 1504 caliginis
1292 1456 1441 1504 agmine
1463 1455 1588 1494 clusit.

669 1526 730 1563 Fit
752 1526 945 1573 speculum
966 1526 1060 1564 caeli
1081 1526 1248 1573 pelagus,
1271 1525 1379 1572 niger
1400 1524 1564 1561 ambitus
1586 1523 1705 1561 undas

670 1594 807 1641 Inficit,
830 1595 869 1632 in
891 1596 1068 1633 tenebras
1089 1594 1166 1632 ruit
1188 1594 1319 1632 aether
1341 1595 1378 1631 et
1398 1604 1500 1631 mare
1521 1592 1662 1640 surgit:

669 1665 747 1702 Nec
769 1664 967 1712 quicquam
988 1652 1150 1702 medium
1172 1666 1242 1710 est,
1264 1664 1399 1701 fluctus
1421 1663 1508 1701 dum
1528 1662 1659 1701 nubila
1680 1662 1817 1709 tangit,

514 1854 558 1888 14
581 1854 723 1898 iamque
746 1855 835 1895 AA,
859 1865 1009 1898 namque
1033 1865 1053 1888 v
1326 1854 1524 1888 niniuetum
1548 1858 1590 1894 A,
1615 1852 1805 1887 ninbusum
1829 1853 1866 1887 A

420 1913 465 1946 15
489 1912 644 1946 constius
669 1913 704 1945 A
872 1913 914 1946 16
939 1911 1108 1946 subiectis
1133 1913 1168 1945 A
1333 1911 1487 1946 debitam
1513 1911 1582 1945 AA
1607 1915 1640 1946 et
1664 1911 1738 1946 cod.
1765 1910 1865 1946 Pith.

423 1969 561 2004 coedere
585 1970 622 2003 A
804 1980 952 2014 poenam
977 1970 1046 2003 AA
1071 1972 1103 2003 et
1127 1969 1202 2004 cod.
1229 1970 1326 2011 Pith,
1352 1980 1413 2003 em.
1442 1970 1588 2004 [metus
1761 1969 1803 2002 17
1829 1967 1911 2002 sub-

418 2027 571 2072 plicibus
596 2027 632 2062 A
769 2027 866 2061 abire
893 2027 937 2071 (Ῥ)
963 2027 1008 2069 A,
1035 2027 1139 2061 ultire
1165 2031 1208 2069 A,
1234 2027 1330 2061 obire
1357 2027 1479 2061 Oelzler
1617 2027 1660 2061 18
1685 2036 1806 2061 canere
1830 2026 1865 2060 A

417 2095 560 2119 caesura
577 2085 623 2126 A,
648 2094 767 2119 secura
790 2084 875 2126 fort.
1025 2095 1068 2118 ne
1093 2095 1219 2118 uanam
1246 2086 1385 2118 caneret
1410 2095 1590 2119 censuram
1615 2084 1704 2119 coni.
1722 2083 1865 2118 Μᾱῑῐεν

414 2142 461 2177 20
486 2133 593 2177 dena
611 2145 644 2176 A
804 2143 848 2176 21
874 2143 934 2186 qui
959 2146 991 2176 A
1152 2143 1248 2176 totus
1274 2142 1393 2176 subter
1417 2143 1487 2176 AA
1660 2141 1841 2185 trepidans
1866 2145 1909 2182 A,

415 2201 466 2233 ire
490 2211 512 2244 p
536 2210 572 2233 m
597 2199 683 2233 dans
707 2200 743 2234 A
775 2200 851 2243 (sed
875 2211 910 2233 m
937 2203 1021 2244 post
1045 2211 1067 2244 p
1092 2200 1281 2243 incertum)
1466 2200 1510 2234 22
1534 2211 1578 2234 an
1603 2200 1683 2241 AA,
1715 2201 1753 2233 at
1784 2199 1862 2233 Iur.

415 2257 508 2290 ratio
534 2258 588 2291 est
612 2258 658 2298 A,
683 2248 794 2291 ratio}
812 2261 854 2298 A,
881 2258 951 2291 rati
976 2258 1029 2291 est
1053 2257 1129 2292 cod.
1150 2258 1258 2298 Pith„
1283 2259 1380 2291 ratus
1406 2259 1458 2291 est
1484 2258 1564 2292 Iur.
1704 2255 1815 2300 corde]
1837 2266 1908 2290 cor-

416 2324 498 2358 pore
523 2313 600 2349 cod.
627 2314 725 2349 Pith.
831 2315 1019 2359 prophetas
1045 2315 1137 2349 coni.
1164 2314 1305 2348 Muller
1408 2314 1453 2348 23
1477 2313 1610 2348 littoris
1635 2323 1656 2347 v
1746 2312 1813 2347 fide
1829 2312 1864 2346 A

417 2371 463 2405 24
486 2381 547 2404 ora
572 2372 625 2405 est
651 2371 809 2413 Cilicum,
837 2372 960 2405 contra
984 2371 1008 2405 1.
1035 2372 1163 2416 Ioppen
1190 2372 1269 2406 Iur.
1433 2372 1477 2406 25
1501 2371 1639 2405 tharsos
1663 2373 1697 2404 A
1849 2380 1909 2414 po-

420 2428 488 2461 scit
518 2428 605 2470 AA,
638 2428 777 2463 scandit
809 2428 904 2470 Im„
942 2429 1145 2463 conscendit
1175 2429 1249 2464 cod.
1282 2430 1400 2471 Pith.;
1438 2430 1554 2474 pergit
1585 2429 1644 2463 uel
1674 2427 1755 2462 inde
1788 2429 1828 2463 in
1859 2428 1909 2462 ire

418 2485 633 2519 mutandum
658 2497 729 2521 esse
754 2490 871 2521 censet
894 2486 1030 2521 Muller
1167 2487 1211 2521 26
1235 2487 1423 2531 eiusdemq.
1449 2491 1481 2520 A
1618 2497 1677 2530 per
1702 2487 1829 2530 stagna
1853 2485 1907 2519 dei

416 2559 462 2599 A,
488 2538 651 2603 psignadi
677 2563 719 2601 A,
745 2560 814 2594 fert
838 2562 916 2594 acta
941 2560 1025 2594 deus
1052 2561 1134 2595 lur.
1258 2562 1302 2596 28
1327 2572 1404 2596 aere
1430 2562 1465 2595 A
1579 2561 1623 2595 29
1648 2560 1810 2604 sulpureo
1826 2560 1862 2594 A

417 2616 555 2650 constia
578 2607 647 2650 AA
673 2617 748 2660 (sed
773 2618 813 2651 in
838 2621 871 2651 A
896 2618 963 2652 uim
988 2618 1057 2663 leyi
1075 2620 1220 2662 potest),
1247 2619 1386 2653 conotia
1411 2618 1485 2653 cod.
1512 2619 1609 2652 Pitlz.
1762 2618 1808 2652 30
1831 2617 1906 2662 glo-

415 2672 499 2707 bum
530 2673 670 2717 pariens
703 2674 783 2715 ΑΔ,
816 2675 942 2719 globus
974 2676 1106 2719 pariter
1140 2677 1218 2710 Iur.
1447 2686 1525 2710 cum
1559 2676 1653 2710 suleo
1684 2675 1803 2710 haesit
1825 2675 1859 2709 A

414 2730 460 2764 34
490 2729 645 2763 medium
663 2738 714 2774 κζ’
732 2742 778 2766 ea:
799 2731 955 2766 mediuse
980 2736 1013 2766 A
1194 2733 1430 2777 nequidquam
1462 2732 1592 2767 medios
1623 2733 1751 2767 fluctus
1777 2732 1858 2768 Iur.

418 2786 543 2820 nubila
567 2788 685 2831 tangit
712 2793 752 2824 A.
779 2788 894 2822 nibila
919 2791 1000 2823 tant
1024 2790 1069 2831 A,
1095 2790 1219 2824 nubila
1242 2792 1397 2834 tangunt
1420 2802 1441 2824 v
