2032 3248
358 192 441 234 246
991 190 1235 236 Appendix.

359 310 461 336 mum
483 297 516 336 si
539 298 689 347 saepius
711 297 892 343 inuadat,
916 309 959 335 ac
977 298 1136 336 subinde
1157 298 1363 336 maioribus
1384 298 1572 337 machinis
1602 298 1870 346 aggrediatur:

357 367 457 405 nihil
479 368 606 416 potest
627 369 811 405 aduersus
848 378 932 405 eum
954 367 1019 415 qui
1041 369 1166 405 tecum
1188 369 1258 406 est.
1293 367 1352 405 dic
1382 367 1480 406 illud
1509 367 1687 406 Ioannis:
1719 368 1871 405 maior

361 440 436 475 est
468 437 547 485 qui
581 436 630 474 in
662 436 801 474 nobis
833 438 930 482 est,
973 448 1111 484 quam
1142 437 1222 484 qui
1252 437 1299 474 in
1329 437 1427 475 isto
1458 437 1641 474 mundo.
1676 437 1871 474 succurrat

360 506 456 544 illud
476 505 629 544 Domini
659 505 824 544 dictum:
857 505 1104 543 confidite
1136 506 1361 553 quoniam
1392 517 1476 554 ego
1508 505 1606 544 uici
1636 505 1870 543 mundum.

362 575 423 613 his
444 574 680 613 orationibus
712 574 745 612 si
767 573 911 612 Christi
932 574 1041 612 miles
1072 574 1188 613 fuerit
1218 575 1448 613 exercitatus
1480 575 1528 612 ad
1562 574 1798 621 conflictum,
1834 573 1873 610 in
1887 587 1903 611 5

362 643 444 682 dies
465 643 670 691 comperiet
691 655 800 681 suum
822 643 1108 691 antagonistam
1130 644 1362 682 debiliorem.

293 719 344 756 39
419 712 499 750 Nec
534 714 661 750 tamen
681 712 931 751 remittendae
953 714 1043 750 sunt
1064 712 1255 760 excubiae,
1294 713 1328 750 si
1350 712 1499 761 quando
1531 713 1653 750 hostis
1676 712 1873 750 simulabit

359 781 692 829 tranquillitatem,
717 782 783 820 sed
805 782 1012 820 obseruans
1033 781 1139 819 illius
1161 781 1320 820 insidias
1342 781 1442 820 dicat
1464 793 1548 819 cum
1568 782 1678 819 beato
1695 781 1870 819 Abacuc:

362 862 505 899 super
551 850 826 890 custodiam
871 862 1018 889 meam
1050 852 1190 889 stabo
1231 852 1276 889 et
1307 851 1511 899 gradum
1542 850 1695 898 figam
1726 861 1872 897 super

359 922 566 968 petram,
609 919 710 959 omni
751 919 924 958 custodia
945 932 1102 959 seruans
1133 931 1196 958 cor
1219 931 1364 967 meum,
1406 931 1452 958 ne
1489 931 1563 967 qua
1592 920 1723 966 pateat
1742 918 1870 956 aditus
1887 930 1922 954 ιο

360 989 622 1028 obambulanti
655 989 926 1038 quaerentique
968 1001 1078 1037 quem
1115 989 1283 1028 deuoret.
1322 988 1559 1027 tutissimum
1589 990 1716 1026 autem
1747 986 1873 1026 cordis

359 1058 634 1096 munimentum
656 1060 713 1097 est
736 1058 921 1096 sobrietas
939 1069 1023 1096 cum
1044 1058 1207 1096 instanti
1229 1058 1399 1097 oratione
1415 1058 1570 1106 iugique
1594 1056 1872 1104 scripturarum

359 1128 619 1166 meditatione.
662 1127 815 1166 omnis
861 1127 983 1165 enim
1031 1127 1285 1175 scriptura
1327 1126 1577 1165 diuinitus
1608 1126 1871 1175 inspirata,

359 1196 510 1240 utilis
541 1198 617 1235 est
648 1196 704 1234 ad
735 1196 1018 1244 docendum,
1060 1197 1115 1234 ad
1146 1198 1463 1244 arguendum,
1503 1196 1564 1235 ad
1595 1196 1870 1243 corripien-

359 1266 486 1313 dum,
520 1266 575 1304 ad
606 1265 926 1304 erudiendum
956 1266 1004 1303 in
1035 1266 1262 1314 iustitia,
1295 1268 1346 1304 ut
1368 1266 1620 1314 perfectus
1644 1265 1711 1303 sit
1730 1266 1868 1303 homo
1886 1278 1918 1302 15

358 1335 466 1382 Dei,
499 1335 554 1373 ad
584 1345 717 1374 omne
749 1347 866 1383 opus
899 1334 1070 1373 bonum
1100 1335 1398 1374 instructus.
1440 1346 1484 1373 ex
1515 1335 1586 1373 hac
1618 1334 1741 1384 igitur
1763 1334 1870 1373 colli-

360 1403 504 1452 gendae
526 1406 617 1442 sunt
636 1404 863 1451 sententiae,
886 1415 981 1452 quas
1003 1405 1051 1442 ad
1072 1417 1224 1443 manum
1246 1406 1284 1443 et
1305 1405 1412 1444 uelut
1434 1405 1473 1443 in
1495 1405 1690 1452 procinctu
1712 1405 1871 1452 habeas,

359 1476 402 1512 ut
422 1473 483 1511 his
504 1473 678 1522 protinus
700 1475 914 1521 serpentem
949 1475 1064 1521 caput
1084 1473 1294 1522 erigentem
1324 1474 1493 1512 deiicias.
1531 1474 1658 1512 nullus
1681 1475 1739 1512 est
1770 1474 1870 1511 enim

361 1543 573 1582 animorum
593 1543 760 1589 morbus,
792 1542 852 1580 cui
873 1554 948 1581 non
977 1554 1155 1590 praesens
1177 1543 1383 1581 remedium
1414 1543 1544 1581 diuina
1565 1543 1756 1591 scriptura
1778 1554 1869 1590 sup-

359 1613 561 1661 peditaret.
584 1611 674 1650 hinc
690 1611 943 1659 comparanda
961 1613 1050 1650 sunt
1067 1612 1239 1660 exempla
1253 1611 1401 1660 piorum
1415 1613 1481 1651 sed.
1496 1611 1696 1660 praecipue
1715 1611 1870 1658 Christi,
1886 1625 1921 1650 ρο

362 1680 500 1730 quibus
522 1692 561 1719 se
579 1681 738 1729 quisque
769 1681 830 1719 uel
852 1680 994 1719 animet
1014 1681 1077 1719 uel
1093 1681 1320 1719 consoletur.
2002 1693 2012 1760 ξ

294 1749 352 1788 40
421 1749 543 1788 Venio
563 1760 663 1787 nunc
694 1749 742 1788 ad
778 1749 847 1787 illa
882 1749 983 1787 mala
1020 1761 1115 1797 quae
1145 1750 1206 1787 uel
1227 1749 1349 1797 ipsam
1370 1751 1544 1788 naturam
1566 1750 1731 1789 hominis
1752 1751 1872 1789 comi·
2000 1760 2010 1811 χ

360 1820 492 1857 tantur
513 1819 575 1857 uel
596 1818 755 1857 fortuito
777 1818 956 1857 uidentur
977 1818 1121 1858 inferri.
1153 1819 1247 1857 haec
1282 1831 1430 1868 quoque
1462 1820 1550 1868 pius
1588 1819 1736 1858 animus
1767 1822 1804 1857 et
1825 1821 1873 1857 ad
1999 1813 2010 2113 ε

359 1888 607 1937 pugnandum
622 1887 833 1927 instructus
855 1887 928 1926 sibi
943 1890 1069 1927 uertet
1081 1888 1121 1926 in
1136 1888 1336 1927 materiam
1353 1900 1523 1927 coronae.
1547 1889 1714 1936 exemplo
1731 1887 1869 1926 faciam

361 1958 459 2006 quod
492 1957 572 1995 dico
609 1956 761 1995 clarius.
804 1957 993 1995 excutitur
1029 1956 1168 2005 aliquis
1196 1957 1443 1995 facultatibus
1465 1958 1544 1995 suis
1567 1957 1646 1995 siue
1668 1957 1767 1995 bello
1791 1957 1871 1995 siue
1886 1967 1920 1992 25

360 2026 560 2076 naufragio
583 2025 663 2064 siue
697 2026 843 2074 rapina.
882 2038 928 2065 ne
949 2025 1121 2074 protinus
1142 2025 1204 2063 hic
1225 2026 1368 2074 cogitet
1402 2027 1575 2074 laqueum
1599 2028 1665 2064 aut
1686 2027 1872 2064 rationem

360 2096 472 2135 malis
493 2096 640 2134 artibus
663 2092 854 2134 sarciendi
870 2095 971 2143 quod
991 2095 1119 2143 periit,
1143 2095 1210 2133 sed
1230 2095 1286 2133 ita
1307 2107 1432 2134 secum
1449 2095 1645 2143 loquatur:
1674 2089 1872 2134 ‘Dominus
2001 2139 2005 2154 ‚

362 2167 419 2204 est
441 2166 506 2214 qui
521 2166 647 2204 tentat
665 2176 723 2203 me
746 2176 795 2202 an
816 2164 974 2212 diligam
996 2164 1120 2212 ipsum
1141 2176 1186 2202 ex
1208 2165 1287 2203 toto
1310 2164 1429 2203 corde.
1454 2164 1558 2211 ipse
1590 2164 1746 2211 dedit,
1768 2164 1874 2212 ipse
1999 2165 2005 2230 ᾖ

362 2234 592 2282 abstulit,
626 2234 691 2272 sit
720 2244 887 2272 nomen
917 2232 1109 2271 Domini
1140 2233 1461 2272 benedictum.
1495 2233 1640 2281 gratias
1663 2234 1752 2280 agat
1773 2233 1873 2281 quod

362 2304 552 2351 acceperit
573 2315 617 2342 ex
638 2302 793 2341 Domini
810 2302 1069 2351 benignitate:
1106 2304 1197 2351 agat
1217 2303 1363 2350 gratias
1395 2303 1493 2350 quod
1515 2301 1685 2339 amiserit
1706 2302 1753 2339 ad
1783 2313 1870 2349 pro·
1887 2311 1920 2336 30

361 2373 552 2411 bationem
570 2372 671 2411 fidei.
713 2371 746 2410 si
765 2372 860 2410 haec
882 2371 1021 2410 dixerit
1050 2382 1092 2410 eo
1122 2371 1246 2410 animo
1277 2383 1350 2420 quo
1372 2371 1467 2409 dixit
1489 2373 1642 2409 sanctus
1659 2370 1746 2418 Iob,
1790 2383 1873 2409 cum

363 2441 430 2480 illo
451 2442 661 2480 mercedem
683 2440 856 2489 accipiet.
892 2440 1074 2479 Dominus
1111 2440 1289 2479 aestimat
1319 2452 1394 2479 non
1416 2441 1599 2487 quantum
1630 2439 1718 2487 quis
1737 2440 1873 2487 perdat

363 2510 430 2548 sed
452 2521 563 2557 quam
584 2510 794 2558 patienter,
827 2509 1141 2558 quemadmodum
1162 2522 1236 2548 non
1257 2510 1413 2558 respicit
1433 2510 1616 2558 quantum
1632 2508 1771 2557 aliquis
1793 2508 1871 2546 lar-

366 2578 496 2627 giatur
517 2579 718 2628 egentibus
741 2580 808 2618 sed
830 2590 902 2626 quo
925 2578 1061 2618 animo.
1085 2579 1201 2618 habet
1222 2578 1362 2627 aliquis
1383 2578 1502 2616 filium
1533 2578 1642 2616 unice
1665 2589 1805 2624 carum,
1829 2589 1872 2615 eo

1992 2839 1998 2878 Ι

455 2759 477 2793 2
502 2759 553 2794 Io.
579 2760 611 2800 4,
636 2760 670 2794 4.
786 2759 809 2793 4
834 2759 884 2793 Io.
912 2759 964 2800 16,
992 2759 1047 2794 33.
1166 2759 1186 2793 9
1213 2759 1276 2793 Ab.
1303 2758 1335 2797 2,
1362 2758 1391 2793 1.
1512 2758 1555 2791 13
1580 2758 1615 2792 Π
1642 2757 1733 2794 Tim.
1759 2757 1791 2798 3,
1818 2758 1870 2791 16.

362 2816 408 2851 28
433 2816 497 2850 Iob
523 2817 554 2857 1,
579 2817 635 2852 21.
