2032 3248
346 265 427 306 20ss
750 262 939 296 Arnobii
972 263 1188 295 aduersus
1221 261 1432 295 nationes

345 379 480 433 gratio
512 390 605 419 cum
635 376 699 419 his
721 377 843 427 orbis,
875 377 975 430 quid
995 377 1136 419 Attica
1159 376 1283 431 regio,
1315 377 1414 430 quid
1435 376 1669 418 Eleusinius
1701 390 1845 432 pagus,

347 448 445 500 quid
483 446 694 488 Baubonis
733 445 951 500 tugurium
990 446 1114 499 atque
1152 445 1375 499 hospitium
1423 445 1701 496 rusticanum,
1748 447 1847 500 quid

348 515 533 570 cyceonis
564 514 767 570 significet
796 514 920 569 petie,
955 514 1053 568 quid
1074 515 1308 569 aspernatio
1338 515 1531 568 potionis,
1564 515 1663 569 quid
1684 516 1848 557 nouatio

349 586 388 626 et
419 584 616 626 reuelatio
646 583 947 637 pudendorum,
987 584 1086 637 quid
1117 583 1341 637 spectaculi
1370 583 1578 639 flagitiosa
1608 584 1779 626 dulcedo
1810 585 1851 626 et

349 666 395 694 ex
425 653 617 694 remediis
658 652 813 694 talibus
854 652 1045 694 orbitatis
1093 652 1246 695 obliuio
1293 653 1556 706 comparata?
1602 653 1746 706 quodsi
1777 665 1849 706 pro
1882 670 1895 693 ε»

349 723 412 764 his
443 722 632 764 omnibus
663 721 771 775 quod
802 721 988 774 oporteat
1019 721 1150 763 subici
1181 734 1319 763 rerum
1339 721 1629 763 immutatione
1650 723 1850 764 monstra-

349 791 417 842 tis,
449 791 527 832 erit
558 791 604 832 ut
635 790 751 833 uobis
774 791 995 832 adsensum
1023 802 1143 844 super
1164 790 1243 832 tali
1265 791 1574 833 adseueratione
1596 791 1850 833 tribuamus:

350 861 414 902 sin
465 861 607 902 autem
663 859 827 914 singula
877 859 1051 914 singulis
1101 872 1230 913 neque
1278 860 1454 914 potestis
1504 872 1731 914 supponere
1781 874 1853 902 1166

352 929 531 970 alterum
560 928 604 970 in
636 940 800 970 sensum
831 941 971 970 rerum
1002 940 1146 970 uocare
1190 929 1445 979 contextum,
1489 929 1589 982 quid
1624 930 1853 984 allegoricis

352 997 676 1040 obscuritatibus
722 998 900 1040 oneratis
945 997 989 1039 id
1033 997 1140 1051 quod
1179 998 1425 1051 simpliciter
1466 998 1666 1051 scriptum
1708 1001 1768 1040 est
1816 1000 1856 1040 et
1871 1015 1901 1038 10

284 1071 337 1111 36
353 1078 609 1108 communem
648 1066 699 1108 ad
736 1066 1066 1121 intellegentiam
1106 1066 1393 1119 publicatum?
1441 1067 1521 1109 nisi
1562 1066 1667 1109 forte
1708 1067 1856 1109 dicetis

352 1148 430 1178 non
463 1136 549 1177 toto
581 1136 624 1177 in
645 1135 841 1178 historiae
864 1148 1027 1189 corpore
1049 1135 1269 1190 allegorias
1290 1136 1362 1177 has
1383 1148 1483 1187 esse,
1518 1137 1699 1178 ceterum
1720 1137 1856 1190 partes

353 1205 455 1246 alias
487 1216 573 1247 esse
604 1204 879 1246 communiter
910 1204 1103 1257 scriptas,
1136 1204 1238 1245 alias
1269 1216 1366 1245 uero
1398 1204 1621 1258 dupliciter
1652 1206 1692 1246 et
1724 1205 1857 1247 ambi-

353 1273 457 1315 faria
488 1274 724 1315 obtentione
754 1273 926 1316 uelatas.
969 1273 1127 1316 urbana
1158 1274 1220 1315 est
1246 1274 1327 1316 ista
1356 1274 1581 1326 subtilitas,
1606 1276 1668 1316 set
1690 1274 1858 1328 quibus-

354 1343 460 1385 libet
489 1343 624 1385 brutis
655 1344 814 1396 patens.
859 1356 957 1385 nam
988 1343 1084 1397 quia
1115 1344 1261 1385 cuncta
1298 1356 1401 1397 quae
1432 1344 1586 1397 scripta
1617 1344 1713 1385 sunt
1743 1343 1860 1385 inex-
1874 1361 1904 1384 ιε,

355 1411 662 1465 peditissimum
701 1412 819 1454 uobis
860 1413 921 1454 est
952 1413 1166 1454 traducere
1203 1413 1408 1455 inuertere
1446 1413 1653 1464 deriuare,
1702 1412 1860 1467 eligitis

239 1493 340 1526 f.117
359 1482 560 1534 quaedam
590 1482 750 1523 uestrae
782 1481 1070 1523 conuenientia
1108 1481 1318 1523 uoluntati
1354 1481 1359 1536 Ι
1395 1484 1435 1523 61
1468 1494 1515 1523 ex
1545 1481 1646 1535 ipsis
1680 1481 1861 1535 optinere

357 1549 605 1593 contenditis
663 1550 810 1593 nothas
860 1552 983 1603 atque
1033 1550 1242 1592 adulteras
1291 1551 1487 1592 lectiones
1537 1550 1723 1593 interiori
1775 1561 1861 1591 esse

358 1619 636 1672 superpositas
676 1619 856 1660 ueritati.
910 1618 1017 1672 quod
1055 1620 1195 1661 tamen
1235 1619 1283 1660 ut
1323 1619 1441 1661 uobis
1481 1620 1545 1661 ita
1585 1632 1672 1662 sese
1714 1618 1861 1660 habere

359 1688 706 1741 quemadmodum
737 1687 875 1730 dicitis
916 1687 1166 1739 adnuamuS,
1207 1688 1277 1741 qui
1308 1688 1424 1730 scitis
1456 1689 1527 1730 aut
1558 1688 1664 1730 unde
1695 1698 1909 1741 cognos—20

358 1757 475 1808 citis,
522 1757 617 1799 utra
655 1769 749 1810 pars
789 1757 845 1798 sit
886 1755 1103 1798 sententiis
1143 1756 1339 1799 historiae
1387 1757 1540 1811 scripta
1586 1756 1861 1810 simplicibus,

359 1826 452 1868 utra
496 1838 590 1868 uero
636 1826 691 1868 sit
735 1825 912 1868 dissonis
958 1826 1079 1879 atque
1125 1826 1270 1868 alienis
1311 1826 1684 1880 significationibus
1726 1825 1865 1866 tecta?

359 1895 496 1948 potest
537 1895 650 1936 enim
689 1895 797 1946 fieri,
839 1896 887 1937 ut
928 1895 1036 1949 quod
1075 1907 1148 1937 uos
1185 1895 1435 1938 existimatis
1466 1896 1525 1938 sic
1555 1908 1642 1937 esse
1674 1894 1794 1936 aliter
1825 1906 1866 1935 se

360 1963 531 2014 habeat,
564 1964 610 2005 ut
640 1965 748 2017 quod
779 1964 902 2006 aliter
933 1964 1101 2006 creditis
1133 1964 1469 2018 conceptionibus
1501 1964 1594 2006 aliis
1629 1963 1864 2006 contrariis-

362 2045 440 2085 que
470 2033 679 2085 prolatum
709 2033 777 2074 sit.
825 2033 898 2074 ubi
930 2033 1039 2075 enim
1073 2033 1224 2075 dicitur
1254 2033 1297 2075 in
1328 2034 1449 2075 unius
1471 2033 1669 2075 materiae
1701 2043 1867 2086 corpore
1882 2046 1911 2070 ¹25

361 2114 455 2154 pars
486 2113 574 2143 esse
604 2102 820 2156 allegorice
851 2102 1017 2156 scripta,
1050 2102 1319 2144 indubitabili
1357 2103 1488 2144 altera
1519 2114 1703 2144 sermone
1734 2101 1867 2142 recto-

362 2183 452 2224 que,
485 2183 560 2212 nec
589 2170 696 2212 inest
726 2170 770 2212 in
800 2183 842 2213 re
873 2170 1038 2225 signum
1060 2183 1138 2224 quo
1161 2171 1361 2213 differitas
1383 2171 1557 2213 indicari
1578 2170 1869 2225 ambiguorum

410 2332 431 2364 2
463 2330 610 2365 baubois
644 2331 680 2365 P
708 2341 788 2365 corr
818 2341 836 2365 6
1021 2330 1241 2365 rusticanum
1275 2330 1368 2365 Sab:
1406 2330 1586 2364 rusticano
1620 2329 1655 2364 P
1689 2329 1870 2363 rusticana

366 2388 467 2423 Salm
604 2388 626 2422 3
651 2388 856 2432 signifigest
881 2388 917 2422 P
941 2398 1024 2423 corr
1049 2391 1079 2423 ε’
1217 2388 1340 2432 pontio
1366 2387 1402 2422 P
1425 2398 1509 2422 corr
1533 2390 1563 2422 θ’
1703 2386 1725 2421 8
1750 2386 1871 2430 singu·

365 2446 409 2479 lis
437 2445 558 2480 Salm:
594 2445 633 2479 in
665 2444 817 2489 singulis
850 2444 885 2478 P
1070 2455 1266 2489 supponere
1299 2445 1507 2479 Meursius:
1543 2454 1715 2488 opponere
1747 2443 1784 2477 P

365 2514 428 2537 nec
452 2502 496 2537 ad
526 2502 592 2537 Gez
727 2502 749 2536 9
775 2502 929 2536 alterum
954 2512 1010 2536 om
1032 2501 1097 2536 θεῖ
1122 2502 1166 2536 ad
1191 2512 1312 2536 uerum
1338 2502 1531 2537 Meursius
1668 2501 1706 2534 in
1733 2510 1873 2534 sensum

366 2559 441 2595 add
465 2559 568 2595 Salm
718 2558 898 2603 allegoriis
923 2559 1123 2593 obscuratis
1150 2558 1223 2594 Sab
1379 2559 1422 2593 10
1446 2559 1601 2594 oneratis
1624 2558 1773 2601 scripsi:
1811 2556 1873 2590 110-

367 2618 478 2652 nestis
492 2618 527 2652 P
542 2616 739 2652 honestatis
752 2616 1049 2651 Hildebrandius
1159 2616 1202 2650 12
1219 2618 1396 2650 caeterum
1410 2615 1503 2651 sab.-
1521 2616 1733 2649 *ceterarum
1748 2614 1783 2649 P

368 2676 412 2710 14
435 2675 496 2709 sed
527 2675 717 2710 Oehlerus:
743 2676 779 2708 et
803 2674 839 2708 P
858 2675 896 2708 at
926 2674 963 2709 Ο.
988 2674 1171 2708 Barthius
1333 2674 1376 2708 17
1402 2673 1666 2708 conuenientiae
1693 2672 1765 2707 Sab
1792 2681 1875 2706 corr

367 2734 407 2767 in
431 2743 491 2768 err
645 2732 688 2766 18
712 2731 838 2766 nothas
865 2731 955 2766 Sub.-
979 2733 1083 2765 notas
1109 2731 1145 2766 P
1283 2731 1447 2765 interiori
1479 2730 1551 2765 Sab
1576 2731 1616 2764 in
1641 2740 1719 2763 err:
1751 2728 1874 2762 interi-

369 2801 445 2825 ores
477 2790 512 2824 P
542 2789 723 2824 interioris
754 2789 827 2824 Sab
1013 2789 1056 2823 19
1087 2788 1327 2833 superpositas
1362 2788 1455 2823 Sab:
1497 2786 1717 2831 superposita
1750 2785 1786 2820 P

369 2848 413 2883 23
437 2849 535 2892 potes
552 2846 587 2880 P
603 2857 684 2881 corr
799 2845 846 2879 24
870 2847 931 2880 aut
949 2845 1023 2880 Sab
1139 2846 1183 2880 26
1208 2845 1415 2889 *allegarioe
1433 2845 1469 2879 P
1480 2855 1563 2880 corr
1579 2855 1599 2878 r
1714 2843 1758 2877 27
1776 2841 1874 2876 diffe-

371 2905 485 2939 rentia
511 2903 584 2938 Sab
734 2902 898 2937 indiciari
924 2903 960 2937 P
985 2912 1068 2937 corr
1091 2913 1112 2936 r
1148 2902 1300 2937 iudicari
1326 2902 1398 2937 Sal>
1550 2900 1813 2946 ambiguiorum
1840 2899 1875 2933 P

371 2973 456 2998 corr
479 2972 499 2995 r
