2032 3248
537 214 794 247 1)61’;13611;1
821 215 1055 256 computus
1081 225 1108 248 c.
1137 215 1279 248 16-18.
1573 217 1657 258 265

159 320 227 357 bus
249 319 296 357 ab
318 318 425 356 initio
448 330 520 356 non
538 321 684 356 tantum
703 319 850 357 diabolo
869 322 906 356 et
923 319 1067 366 angelis
1090 319 1170 356 eius
1194 321 1258 357 sed
1281 321 1318 356 et
1329 320 1500 357 omnibns
1524 331 1655 367 pecca—

157 388 302 425 toribus
324 399 345 424 a
368 388 442 425 Deo
472 387 572 434 ignis
596 391 654 425 631
674 390 933 435 praeparatus.
958 388 995 424 in
1016 387 1122 425 6111113
1144 388 1294 424 ssannna
1324 388 1381 425 uri
1413 387 1476 424 1116
1498 388 1657 426 Finaeus

158 456 262 494 diues
285 456 434 502 abipso
457 456 524 493 Dei
547 456 623 494 filio
655 457 712 493 est
734 457 1024 494 amnonstratus.
1067 456 1127 493 hic
1155 458 1212 493 est
1244 456 1435 503 gehennae
1473 456 1585 503 ignis,
1620 457 1659 494 in

158 525 263 562 cuius
285 523 532 561 similitudine
558 525 727 562 caminus
749 524 904 571 imperio
926 524 1026 572 regis
1049 525 1188 571 septies
1218 526 1364 562 tantum
1396 525 1569 562 incensus
1591 537 1657 572 per

129 605 143 627 ε,
157 594 221 629 XL
245 595 282 631 et
299 593 413 629 VIIII
431 593 558 631 cubita
581 593 746 630 excreuit
769 595 807 630 et
825 592 1061 631 aduersarios
1079 593 1250 630 Ananiae
1267 593 1423 630 Azariae
1443 595 1480 630 et
1497 593 1658 631 Misahel

157 661 412 708 consumpsit,
450 662 488 699 et
526 661 628 708 ipsos
651 663 729 699 tres
752 673 888 708 pueros
927 673 948 698 a
971 661 1038 698 Dei
1062 661 1143 698 filio
1181 663 1369 708 protectos
1403 662 1456 707 (in
1478 662 1657 709 mysterio

157 730 284 767 nostro
307 729 370 775 qui
393 741 519 766 sumus
542 730 695 767 tertium
718 740 836 776 genus
860 727 1068 778 hominum)
1091 740 1164 767 non
1187 729 1352 766 uexauit.
1377 730 1561 776 suppletis
1583 730 1656 767 ita-

157 809 227 845 que
249 798 432 835 XLYHH
455 798 563 835 annis
586 799 670 845 post
693 798 789 834 LXX
812 797 1048 844 captiuitatis
1071 797 1161 835 facti
1178 799 1266 834 sunt
1283 798 1371 835 anni
1389 798 1577 836 CXVIIII.
1594 798 1659 846 qui

158 866 335 903 CXVHII
353 866 440 904 anni
457 867 733 913 coniunguntur
751 866 828 903 illis
846 867 910 913 (1111
926 867 973 904 ab
986 867 1112 903 Exodo
1131 878 1247 912 usque
1265 866 1312 903 ad
1326 867 1538 904 Iechoniam
1556 879 1658 905 com-

112 949 143 973 16
156 937 279 983 putati
303 937 391 973 sunt
413 935 501 973 anni
522 934 785 980 DCCCCXCV,
810 936 847 971 et
869 935 963 972 fiunt
985 934 1023 971 in
1046 946 1085 972 se
1115 934 1202 972 anni
1223 945 1338 981 nsque
1357 935 1402 971 ad
1421 934 1657 972 Hierusalem

157 1004 373 1042 restitutam
396 1004 569 1051 suppleta
592 1004 757 1051 septima
781 1003 991 1050 septimana
1012 1006 1029 1041 ῖ
1051 1003 1206 1041 CXIIII.

214 1073 379 1120 Septima
388 1074 512 1110 autem
522 1072 733 1119 septimana
747 1072 920 1118 suppleta
930 1083 1081 1110 necesse
1091 1073 1148 1109 est
1161 1083 1227 1109 nos
1237 1072 1280 1108 ad
1294 1071 1398 1108 LXII
1410 1071 1660 1109 hebdomades
1676 1070 1727 1107 18

156 1142 268 1187 uerti,
292 1152 386 1188 quae
409 1140 602 1179 continent
629 1152 745 1177 annos
768 1140 1080 1177 CCCCXXXIIII.
1125 1141 1261 1188 quibus
1283 1139 1469 1186 suppletis
1493 1137 1661 1187 oportuit

159 1210 351 1248 Christum
373 1210 579 1247 secundum
603 1220 750 1246 carnem
786 1209 901 1247 nasci.
939 1210 983 1246 de
1020 1221 1091 1255 quo
1114 1210 1152 1246 in
1187 1209 1391 1247 continenti
1422 1209 1570 1246 Simeon
1601 1208 1660 1246 uir

114 1293 144 1317 15
159 1278 282 1315 iustus
305 1279 457 1324 portans
480 1289 563 1316 eum
588 1277 666 1316 suis
687 1278 861 1315 manibus
884 1278 978 1315 dixit
998 1279 1044 1315 ad
1077 1278 1234 1315 Mariam
1251 1280 1408 1315 matrem
1431 1278 1532 1314 eius:
1551 1287 1660 1314 ecce

160 1346 238 1384 hic
270 1347 463 1394 positus
494 1348 567 1384 est
599 1346 646 1383 in
678 1358 835 1383 casum
874 1348 920 1383 et
952 1346 1369 1384 resurrectionem
1402 1346 1660 1383 multorum

160 1416 208 1452 in
247 1415 408 1453 Israel
439 1416 485 1452 et
523 1415 569 1452 in
616 1415 806 1462 signum
839 1414 913 1452 6111
959 1415 1352 1452 contradicetur.
1399 1426 1472 1452 non
1512 1415 1661 1451 tantum

161 1486 286 1521 autem
309 1484 457 1521 Simeon
479 1484 544 1521 sed
566 1486 604 1521 et
626 1484 698 1531 ipsi
721 1483 940 1521 CCCCXXX
971 1484 1008 1521 et
1029 1484 1109 1520 IIII
1130 1483 1218 1520 anni
1250 1485 1287 1521 et
1309 1483 1458 1530 signum
1479 1482 1600 1520 6111613
1623 1484 1661 1520 61

161 1555 308 1599 tempus
330 1553 519 1599 passionis
543 1555 580 1590 et
601 1552 757 1590 tertium
776 1553 873 1591 diem
890 1552 1177 1590 resurrectionis
1195 1551 1274 1589 61113
1293 1552 1659 1589 demonstrauerunt.

115 1636 149 1662 20
163 1633 234 1668 (1110
256 1622 381 1658 autem
398 1621 506 1659 modo
524 1620 740 1658 uideamus:
764 1621 936 1668 superius
959 1621 1058 1658 enim
1076 1621 1237 1658 diximus
1254 1620 1429 1657 Abrahae
1447 1619 1662 1657 centenario

162 1690 292 1726 natum
309 1688 428 1726 filium
457 1689 494 1725 in
509 1689 687 1737 mysterio
705 1689 860 1735 Christi,
879 1690 917 1726 et
934 1689 1273 1726 demonstrauimus
1290 1688 1475 1726 neminem
1493 1688 1531 1725 in
1547 1689 1663 1726 Israel

162 1757 462 1795 benedictionem
484 1760 728 1795 consecutum
745 1759 811 1794 aut
832 1769 931 1795 nune
952 1758 1059 1795 modo
1081 1768 1190 1804 posse
1209 1757 1507 1794 benedictionem
1531 1768 1662 1794 conse-

164 1825 240 1873 qui,
264 1825 336 1863 nisi
359 1826 397 1862 in
420 1827 560 1864 semine
584 1826 702 1874 ipsius
725 1826 902 1863 Abrahae
925 1826 989 1872 (1111
1011 1827 1068 1863 631
1091 1825 1278 1862 Christus
1311 1826 1348 1862 et
1369 1825 1451 1863 ideo
1473 1825 1512 1861 in
1534 1837 1662 1863 sacra-

163 1898 286 1932 mento
310 1894 452 1932 Christi
474 1896 518 1932 (16
541 1895 842 1932 CCCCXXXIIII
864 1894 972 1932 annis
994 1894 1113 1941 primo
1146 1895 1396 1941 segregantur
1432 1894 1593 1939 centum,
1625 1896 1663 1931 et

421 1963 559 1978 11111

164 2034 200 2068 61
222 2034 481 2069 remanserunt
502 2032 705 2069 XXXIIII:
744 2033 787 2069 de
809 2032 944 2079 quibus
967 2032 1138 2069 deductis
1160 2031 1218 2068 III
1240 2033 1392 2079 propter
1414 2032 1512 2068 diem
1534 2042 1661 2068 resur-

257 2154 299 2187 15
325 2154 405 2188 Luc.
431 2155 462 2195 ⁶2,
489 2154 545 2188 34.

257 2246 274 2278 1
301 2245 387 2289 eius]
415 2245 482 2278 erit
507 2246 526 2278 l»
695 2246 716 2278 2
742 2246 873 2279 finaous
900 2256 964 2279 om.
991 2256 1008 2278 6
1170 2246 1191 2278 3
1215 2244 1259 2278 ab
1285 2245 1372 2289 ipso]
1401 2245 1443 2278 ab
1471 2244 1574 2278 initio
1601 2255 1618 2278 6

164 2302 324 2345 gehenna
349 2314 366 2337 6
515 2302 538 2335 4
563 2301 833 2335 similitudinem
861 2313 878 2337 6
1028 2303 1049 2336 5
1074 2302 1229 2336 exercuit
1254 2303 1272 2334 b
1424 2302 1444 2334 (ἰ
1470 2302 1566 2346 ipsus
1590 2304 1663 2335 tres

163 2370 289 2403 pnerus
315 2359 371 2392 dei
395 2359 469 2393 filio
495 2360 671 2403 protectus
697 2370 714 2393 6
883 2360 901 2393 7
929 2360 1111 2393 11011111111111
1138 2370 1202 2393 om.
1229 2370 1247 2392 6
1419 2359 1576 2403 impletis
1602 2370 1619 2393 6

162 2418 184 2449 ὅ
210 2417 302 2451 LXX
328 2428 393 2451 om.
420 2427 438 2451 6
542 2416 789 2460 captiuitatem
814 2428 832 2451 6
940 2418 960 2450 9
987 2416 1168 2460 CXVIIII]
1197 2416 1335 2450 CXIIII
1363 2417 1382 2449 b
1489 2416 1530 2449 11
1557 2416 1665 2460 septi-

162 2484 265 2508 mana
283 2474 366 2507 anni
384 2475 424 2508 bv
542 2474 584 2508 12
610 2475 727 2507 autem
747 2484 812 2508 om.
831 2485 849 2508 6
965 2474 1076 2517 LXII]
1098 2473 1230 2506 LXXII
1256 2484 1273 2507 6
1383 2472 1573 2507 hebdomas
1600 2474 1619 2506 b

167 2531 208 2564 13
232 2532 362 2565 reuerti
388 2542 406 2566 6
545 2532 589 2565 14
615 2531 652 2565 in
678 2530 889 2573 continenti]
916 2531 1247 2564 contenentissimus
1275 2542 1292 2563 6
1433 2531 1475 2564 15
1500 2530 1663 2563 manibus

165 2587 237 2621 suis
262 2599 280 2622 6
437 2589 479 2621 1ss
504 2588 697 2622 multorum
731 2588 784 2625 W,
811 2590 1026 2622 mortuorum
1053 2588 1092 2620 hc
1256 2587 1296 2620 17
1323 2587 1577 2620 contradicitur
1602 2587 1621 2621 b

169 2645 209 2677 18
234 2645 485 2680 CCCCXXIIII
513 2646 596 2679 anni
622 2656 639 2680 6
668 2679 673 2682 ,
738 2646 783 2679 20
807 2655 874 2688 quo
901 2646 1019 2678 autem
1046 2654 1113 2688 quo
1139 2643 1238 2677 modo
1265 2654 1282 2677 6
1382 2644 1428 2677 23
1451 2644 1576 2678 61111311
1603 2644 1622 2678 b

165 2702 209 2734 ‘24
231 2702 272 2735 de
297 2714 361 2736 em.
388 2703 407 2737 l»
524 2702 802 2737 CCCCXXXVII
831 2702 913 2735 anni
940 2702 959 2734 Ιι
1076 2701 1123 2734 25
1146 2700 1398 2736 CCCXXXVII
1425 2701 1444 2735 h
1585 2701 1667 2734 anni

167 2757 262 2801 CCC}
290 2759 454 2792 trecentis
480 2760 498 2791 Ιι
662 2774 679 2793 τ
705 2771 769 2794 om.
796 2760 826 2799 Ι),
852 2760 913 2792 tau
941 2769 957 2791 6
1127 2758 1239 2792 erneis
1265 2769 1329 2791 om.
1356 2769 1374 2791 c
1544 2758 1588 2791 2ss
1614 2756 1665 2800 de]

169 2825 207 2847 ex
233 2826 250 2849 6
391 2815 455 2859 III]
483 2818 554 2850 tres
579 2817 598 2849 I)
739 2816 832 2850 diem
858 2827 922 2850 om.
950 2826 967 2849 6
