2032 3248
1611 205 1670 233 LV

170 294 335 344 possent
365 295 401 333 et
432 292 680 342 laborarent,
718 293 873 346 (57520
908 293 949 333 id
978 293 1179 335 enitimur
1209 297 1243 334 et
1276 293 1523 335 laborarint&
1560 294 1673 349 (nam

179 367 241 408 his
278 366 376 408 locis
414 367 561 420 reliqui
598 368 753 408 codices
785 369 825 409 et
855 367 1062 408 similibus
1098 368 1275 418 415‚13;
1314 369 1488 418 680,15;
1526 369 1672 420 699‚7;

179 443 323 493 725‚6;
346 442 501 492 52722
524 454 660 483 omnes
679 442 904 495 composita
922 442 1123 497 tuentur),
1147 443 1301 492 69324
1322 443 1522 485 crudescit
1540 445 1674 498 (prae-

176 518 285 559 cedit
319 516 490 571 erescit).
529 517 753 568 scripturae
787 528 923 557 sacrae
954 516 1063 558 locos
1096 517 1273 571 497,16;
1311 517 1486 567 64Ο,14;
1525 518 1673 568 671,4;

177 592 302 642 6792)
325 592 508 632 consulto
531 591 666 641 omisi,
690 591 759 632 ubi
783 591 939 632 ethaeo
957 592 996 632 et
1014 592 1148 633 multo
1172 592 1362 646 grauiora
1379 605 1425 634 ex
1443 593 1525 634 alia
1546 593 1675 634 inter-

176 666 419 720 pretationis
451 667 601 708 ueteris
635 667 866 707 recensione
900 666 1064 707 inuecta
1095 666 1301 708 uidentur.
1336 667 1516 719 apertius
1549 668 1674 708 etiam

176 740 480 793 interpolatoris
529 753 675 782 manus
722 741 969 794 perspicitur
1009 741 1052 782 in
1095 741 1405 783 additamentis.
1456 753 1536 782 non
1585 741 1675 782 dico

181 815 348 869 exiguas
371 828 490 856 uoces
508 816 554 856 ut
571 815 889 868 praepositiones
908 817 948 857 et
965 816 1191 868 particulas
1213 816 1369 868 passim
1392 815 1676 869 explicationis

177 889 311 944 gratia
342 890 521 931 adiectos
553 889 613 945 (id
642 890 774 931 multo
806 889 1060 942 frequentius
1093 890 1135 931 in
1156 890 1238 942 MQ
1267 890 1475 942 occurrit),
1509 890 1579 931 sed
1604 890 1677 931 ad-

179 964 333 1006 duntur
362 964 563 1017 ampliora
591 965 707 1006 uelut
735 964 863 1014 4802
892 964 1069 1014 iuniori,
1097 965 1252 1014 481,19
1280 964 1497 1017 fulyebunt
1519 965 1621 1005 iusti
1642 967 1678 1005 et

179 1041 394 1090 tamquam
434 1039 645 1080 scintillae
686 1039 733 1080 in
769 1038 1051 1080 harzmdtueto
1091 1039 1340 1089 discurrent,
1380 1040 1507 1090 493‚8
1543 1040 1679 1080 amus

177 1116 315 1154 autem
351 1113 424 1165 qut
459 1113 711 1166 ayonizatur
744 1114 790 1154 in
821 1114 1011 1155 omuibus
1047 1114 1262 1156 continens
1297 1117 1367 1164 est,
1403 1114 1559 1164 51520
1595 1126 1679 1154 non

178 1187 304 1241 facite
332 1188 575 1229 tribuantur
604 1188 769 1242 (quibus
799 1188 943 1230 lacuna
964 1201 1043 1241 qua
1063 1190 1246 1242 proxima
1266 1189 1383 1230 hiant
1405 1187 1676 1243 suppleatur),

178 1262 334 1312 58424
367 1263 650 1315 fraternitate,
689 1264 815 1313 625,4
851 1263 1073 1313 robustam,
1111 1264 1262 1313 632,11
1301 1277 1328 1304 a
1359 1263 1488 1312 nobis,
1524 1262 1679 1312 64620

179 1336 347 1377 nullam
374 1337 636 1377 ‹uindemiam
656 1351 832 1389 premes,
862 1338 1016 1389 (56823
1038 1341 1073 1379 et
1094 1340 1257 1379 moneat
1278 1338 1491 1389 scriptura
1512 1337 1680 1386 diuina,

182 1411 335 1465 714,23
371 1412 728 1464 quotienscumque
763 1413 876 1453 enim
912 1412 1079 1454 ederitis
1107 1438 1155 1442 ——
1191 1412 1485 1465 quodaclusque
1521 1412 1680 1461 ueniat,

190 1486 343 1537 71320
373 1488 483 1539 (cum
506 1486 731 1540 Cyprianus
761 1487 1012 1540 scripsisset:
1044 1487 1130 1528 nist
1159 1487 1195 1527 st
1219 1487 1265 1527 in
1295 1486 1516 1539 sacrificiis
1545 1488 1680 1526 matu-

182 1561 286 1601 tinis
313 1560 383 1602 hoc
412 1562 506 1613 quis
538 1564 712 1610 uerctur,
745 1575 792 1602 nc
807 1575 886 1613 per
907 1574 1094 1613 saporem
1115 1562 1211 1602 ‘uim'
1233 1560 1411 1603 redoleat
1432 1560 1681 1613 sanquinem

183 1634 361 1690 Clu-isa)
478 1639 644 1677 uer-etur
684 1650 734 1676 ne
773 1636 921 1676 uinum
961 1637 1119 1688 offerat,
1160 1650 1211 1676 oze
1239 1649 1318 1688 per
1358 1648 1545 1687 saporem
1585 1634 1682 1676 aiut

183 1710 301 1751 odore
330 1711 555 1763 frayrante
587 1711 847 1764 (fraylantia
876 1711 924 1761 R,
957 1711 1211 1764 flayrantem
1233 1709 1281 1765 C)
1313 1710 1364 1751 ab
1398 1709 1559 1763 infideli
1591 1722 1682 1750 eon-

181 1784 356 1825 scientia
398 1785 466 1838 (ab
510 1785 670 1838 infideli
711 1785 962 1826 conscicntia
1002 1785 1163 1826 omittit
1199 1784 1254 1838 R)
1296 1784 1394 1824 octor
1434 1784 1530 1824 uini
1570 1783 1683 1824 horis

184 1858 361 1912 (umbris
383 1858 429 1912 C)
458 1858 682 1900 matutinis
701 1859 833 1911 fuerit
854 1859 1024 1912 (tyotitus
1045 1861 1080 1899 et
1102 1861 1368 1912 coynoseatur
1388 1871 1469 1898 esse
1490 1857 1683 1899 christia-

183 1945 277 1981 ηας,
309 1932 410 1973 (lum
431 1945 503 1972 nos
524 1933 774 1986 scmyuz'uem
797 1934 1021 1987 (sanquine
1042 1932 1089 1987 C)
1114 1933 1275 1975 Christi
1300 1933 1345 1974 in
1363 1933 1461 1973 uim
1482 1932 1684 1973 oblatione

184 2006 249 2059 (iu
271 2007 367 2047 utut
396 2007 598 2047 oblatione
626 2008 785 2048 omittit
807 2006 855 2062 C)
879 2007 1192 2060 confundimur.
1224 2020 1270 2048 ex
1291 2008 1356 2048 his
1379 2019 1480 2059 quae
1502 2007 1550 2048 de
1573 2007 1682 2047 codi-

190 2093 282 2122 cum
305 2080 372 2122 CR
402 2081 635 2123 condicione
666 2082 830 2134 exposui
860 2096 984 2135 quam
1015 2083 1132 2123 caute
1160 2082 1202 2123 in
1226 2082 1320 2123 crisi
1351 2081 1570 2123 adhibendi
1600 2081 1683 2122 sint

188 2156 374 2208 apparet3
418 2156 605 2208 equidem
646 2169 795 2210 paucas
831 2170 970 2198 eorum
1005 2156 1229 2208 scripturas
1261 2155 1392 2208 recepi
1430 2154 1498 2210 (cf.
1536 2156 1682 2205 507,3;

189 2229 366 2279 582,10;
390 2231 546 2281 585,15
569 2243 642 2283 sq,
666 2232 813 2281 599,6;
837 2232 982 2281 678,7;
1007 2230 1165 2285 663,7),
1198 2232 1359 2284 saepius
1380 2230 1482 2271 meis
1504 2230 1683 2270 inuentis

196 2317 316 2357 quam
341 2317 480 2346 eorum
502 2305 886 2359 interpolationibus
909 2307 1160 2358 acquiescere
1182 2306 1324 2347 malui.

252 2379 330 2420 His
362 2379 568 2420 codicibus
598 2380 705 2420 inter
736 2380 817 2420 tres
848 2380 1029 2421 familias
1057 2380 1202 2421 diuisis
1224 2380 1446 2434 adiungam
1469 2379 1684 2420 nonnullos

191 2465 288 2505 quos
307 2466 527 2505 paucarum
547 2454 818 2506 epistularum
832 2453 872 2495 in
887 2454 980 2496 crisi
998 2454 1180 2503 adhibui,
1197 2454 1374 2495 mixtum
1393 2466 1519 2507 genus
1537 2452 1685 2494 utrim-

198 2539 285 2579 que,
318 2527 358 2568 in
381 2528 528 2579 quibus
551 2529 592 2568 et
614 2529 766 2580 scripta
796 2529 957 2582 singula
979 2541 1024 2569 ex
1046 2528 1252 2569 codicibus
1282 2527 1401 2568 modo
1423 2527 1544 2567 huius
1567 2527 1685 2567 modo

193 2600 306 2641 illius
344 2602 526 2642 familiae
564 2602 805 2655 deprompta
841 2602 925 2642 sint
962 2603 1001 2642 et
1038 2602 1262 2655 scripturae
1300 2601 1476 2655 singulis
1514 2600 1685 2642 familiis

194 2675 379 2727 propriae
401 2676 512 2716 uarie
534 2676 836 2717 confundantur
857 2676 1070 2716 accedente
1093 2676 1219 2716 etiam
1242 2675 1346 2716 mira
1369 2675 1684 2728 interpolatione

195 2748 597 2802 coniecturarumque
628 2750 844 2804 farragine.
877 2750 1009 2802 primo
1038 2750 1310 2790 nominandus
1334 2750 1395 2790 est
1417 2749 1538 2790 codex
1561 2749 1686 2789 Bam-

1743 2393 1858 2419 (edices

1719 2438 1883 2470 interpolati

1707 2485 1891 2511 recentiores.
