2032 3248
393 231 448 274 74
811 231 998 267 Arnobii
1024 231 1232 267 aduersus
1256 231 1463 266 nationes

388 359 509 403 malis
536 359 615 402 iste
636 358 830 402 formidat
850 359 1053 411 admissis,
1092 360 1197 402 alter
1219 359 1398 413 concipit
1427 372 1516 413 spes
1549 360 1685 411 bonaS‚
1718 361 1751 402 si
1781 359 1886 402 nihil

389 429 552 472 sceleris
582 428 708 472 faciat
738 430 780 471 et
811 442 903 472 cum
934 430 1068 472 officio
1099 430 1231 472 uitam
1264 430 1504 484 iustitiaque
1534 430 1735 472 traducat.
1791 429 1886 471 inde

388 499 450 541 est
480 498 587 553 quod
616 499 724 541 inter
754 499 894 542 doctos
917 499 1026 542 uiros
1058 499 1098 541 et
1128 499 1385 554 ingeniorum
1410 498 1651 541 excellentia.
1682 499 1885 553 praeditos

388 568 437 611 de
468 571 699 611 animarum
731 568 933 622 qualitate
963 568 1170 611 certamen
1201 569 1262 610 est
1284 570 1324 610 et
1356 580 1422 610 eas
1452 568 1523 610 alii
1552 568 1695 611 dicunt
1722 568 1884 610 mortali

386 650 471 681 esse
501 638 646 680 natura
676 650 749 681 nec
769 638 955 681 diuinam
985 650 1100 692 posse
1131 638 1404 681 substantiam
1436 638 1653 693 sustinere,
1687 638 1759 680 alii
1790 650 1885 680 uero
1904 659 1919 684 5

385 708 600 763 perpetuas
645 720 717 750 nec
761 708 804 750 in
850 709 1040 751 naturam
1077 719 1193 762 posse
1225 708 1468 763 degenerare
1507 708 1736 750 mortalem.
1777 709 1881 762 quod

384 778 497 820 istud
528 779 576 820 ut
606 777 690 830 fiat,
714 778 952 821 medietatis
983 778 1161 820 efficitur
1181 778 1283 833 lege,
1316 778 1423 832 quod
1454 780 1494 820 et
1525 777 1610 820 illis
1641 780 1884 833 argumenta

384 849 482 890 sunt
502 849 677 902 praesto,
700 848 848 902 quibus
870 860 938 890 eas
957 848 1142 902 passiuas
1164 849 1286 902 atque
1308 846 1535 890 interibiles
1557 860 1643 889 esse
1661 847 1880 897 inuenitur,

385 919 425 959 et
455 916 519 959 his
551 918 690 960 contra
720 930 799 960 non
841 918 988 960 desunt
1028 918 1174 972 quibus
1205 930 1292 960 esse
1337 917 1497 959 diuinas
1546 917 1881 970 immortalesque

317 988 370 1028 32
384 988 650 1030 monstratur.
683 987 783 1030 haec
811 1000 906 1029 cum
937 987 998 1030 ita
1027 1000 1070 1030 se
1108 987 1286 1030 habeant
1317 988 1358 1029 et
1388 1000 1481 1029 cum
1513 987 1563 1029 ab
1610 1000 1769 1029 summo
1800 987 1881 1028 tra·
1902 1006 1933 1029 10

384 1057 518 1099 ditum
549 1058 762 1100 teneamus
792 1057 970 1108 auctore,
1020 1069 1100 1099 non
1132 1069 1218 1099 esse
1249 1057 1409 1099 animas
1453 1057 1574 1111 longe
1605 1056 1654 1098 ab
1700 1056 1880 1099 hiatibus

382 1126 527 1169 mortis
557 1127 598 1168 et
627 1127 816 1170 faucibus
847 1127 1113 1182 constitutas,
1146 1138 1261 1180 posse
1298 1127 1437 1169 tamen
1479 1127 1698 1181 longaeuas
1729 1126 1880 1169 summi

381 1195 578 1250 principis
608 1210 776 1239 munere
815 1209 861 1239 ac
890 1196 1081 1239 beneficio
1111 1196 1211 1248 fieri,
1244 1197 1278 1238 si
1310 1195 1429 1238 modo
1460 1196 1580 1238 illum
1611 1196 1814 1249 temptent
1835 1208 1880 1238 ac

380 1266 632 1309 meditentur
653 1267 897 1322 adgnoscere
926 1292 982 1298 —
1014 1267 1099 1309 eius
1130 1267 1239 1309 enim
1262 1266 1442 1321 cognitio
1474 1266 1720 1309 fermentum
1752 1265 1878 1319 quod-

381 1336 475 1377 dam
505 1337 569 1378 est
610 1336 721 1379 uitae
765 1349 812 1379 ac
842 1337 900 1379 rei
946 1336 1220 1379 dissociabilis
1266 1336 1478 1391 glutinum
1509 1361 1563 1366 —
1594 1337 1685 1378 tum
1731 1334 1877 1377 deinde
1898 1351 1928 1376 15

380 1404 545 1449 feritate
567 1406 690 1461 atque
719 1406 1022 1449 inhumanitate
1043 1406 1239 1460 depositis
1269 1407 1479 1448 resumant
1510 1405 1677 1460 ingenia
1698 1404 1876 1455 mitiora,

380 1475 428 1517 ut
458 1475 509 1518 ad
541 1475 645 1518 illud
677 1477 784 1530 quod
815 1476 981 1519 dabitur
1018 1488 1104 1519 esse
1135 1475 1292 1530 possint
1334 1478 1510 1529 paratae,
1551 1475 1649 1529 quid
1681 1477 1741 1516 est
1772 1476 1876 1528 qnod

380 1557 403 1586 a
433 1544 550 1587 uobis
595 1545 808 1599 tamquam
838 1543 950 1588 bruti
997 1548 1039 1588 et
1068 1545 1209 1589 stolidi
1240 1545 1489 1596 iudicemur,
1535 1544 1569 1586 si
1599 1544 1763 1599 propter
1805 1543 1876 1585 hos

380 1615 516 1656 metus
546 1613 758 1657 liberatori
789 1614 1022 1657 dedidimus
1043 1616 1084 1657 et
1105 1615 1434 1669 mancipauimus
1465 1627 1536 1657 nos
1558 1613 1661 1656 deo?
1681 1615 1875 1656 aduersus

258 1690 358 1724 1.-i3b
379 1683 485 1725 ictus
514 1684 653 1727 noxios
680 1683 686 1740 Ι
742 1684 782 1726 et
812 1685 1030 1727 uenenatos
1062 1684 1322 1727 colubrarum
1353 1696 1513 1726 morsus
1543 1683 1726 1725 remedia
1757 1695 1874 1736 saepe
1893 1696 1926 1720 20

378 1753 655 1807 conquirimus
686 1755 726 1796 et
763 1753 1017 1809 protegimus
1047 1765 1119 1796 nos
1149 1753 1373 1805 lamminis,
1409 1752 1562 1808 Psyllis
1593 1752 1744 1795 Marsis
1775 1765 1873 1794 uen-

377 1821 567 1864 (lentibus
597 1822 770 1877 aliisque
815 1823 1075 1866 institoribus
1121 1826 1242 1878 atque
1281 1824 1432 1878 planis,
1479 1836 1525 1865 ac
1562 1836 1612 1865 ne
1654 1822 1770 1865 nobis
1801 1822 1874 1864 fri-

377 1903 475 1945 gora
505 1891 690 1946 solesque
734 1892 1037 1936 incommodent
1080 1893 1234 1948 rapidi,
1282 1894 1538 1936 munimenta
1582 1892 1796 1934 domorum
1828 1904 1874 1933 ac

310 1954 361 1993 :33
377 1958 557 2001 uestium
603 1959 807 2003 sollicitae
852 1972 1144 2015 praeparamus
1190 1960 1409 2016 diligentia
1454 1961 1666 2003 cautionis.
1727 1960 1872 2002 mortis

376 2027 492 2071 nobis
523 2041 617 2071 cum
646 2030 897 2083 proponatur
917 2029 1052 2072 metus
1082 2030 1125 2072 id
1157 2030 1219 2072 est
1241 2029 1470 2072 animarum
1502 2030 1709 2082 interitus,
1742 2030 1871 2084 quid?
1891 2044 1922 2067 2ῑ,

376 2110 454 2139 non
487 2111 532 2140 ex
563 2099 766 2142 commodi
797 2099 972 2142 facimus
1003 2112 1123 2143 sensu
1154 2113 1232 2154 quo
1265 2112 1450 2142 amamus
1479 2113 1551 2142 nos
1582 2112 1733 2150 omnes,
1766 2098 1870 2153 quod

375 2179 469 2209 enm
499 2168 568 2222 qui
602 2168 719 2211 nobis
751 2169 922 2223 spondet
958 2170 1036 2212 tali
1067 2183 1091 2212 a
1123 2170 1302 2225 periculo
1342 2170 1614 2213 liberaturum
1646 2169 1869 2212 retinemus

374 2237 665 2290 amplectimur
696 2238 925 2292 animisque
955 2239 1055 2293 ipsis
1076 2239 1240 2291 nostris,
1272 2240 1306 2281 si
1336 2240 1456 2282 modo
1486 2239 1595 2282 iusta
1617 2241 1678 2281 est
1710 2237 1869 2280 uicissi-

374 2305 485 2359 tud0‚
517 2308 834 2362 praeponimus?
864 2320 936 2352 uos
967 2310 1195 2352 uestrarum
1227 2310 1457 2352 animarum
1488 2310 1665 2352 salutem
1696 2310 1736 2351 in
1767 2308 1867 2363 ipsis

419 2443 440 2477 6
464 2444 630 2479 naturam
654 2456 686 2488 r,
712 2445 832 2481 Sacm:
857 2447 986 2481 natura
1012 2447 1046 2482 P
1183 2448 1327 2483 mortali
1347 2447 1420 2483 Sab
1592 2446 1677 2491 quid
1704 2447 1776 2481 Sal)

373 2500 395 2534 8
419 2500 614 2537 interibiles
640 2501 733 2538 Sao.-
759 2503 976 2538 interribiles
1003 2504 1038 2539 Ρ
1142 2515 1215 2539 esse
1240 2505 1316 2540 add
1346 2505 1501 2540 Orellius
1646 2504 1668 2539 8
1692 2504 1746 2538 his
1773 2503 1864 2539 Sal).-

374 2556 426 2590 hii
451 2558 487 2592 P
669 2560 713 2595 10
742 2562 963 2596 monstratur
998 2561 1090 2597 Sab:
1128 2564 1375 2597 monstrantur
1407 2563 1443 2597 P
1626 2563 1668 2597 12
1699 2562 1864 2607 longeuas

374 2615 411 2658 (u
437 2625 482 2650 θαι
506 2616 542 2660 b)
568 2617 604 2652 P
741 2618 784 2653 13
807 2619 921 2653 ullum
947 2618 1017 2654 Sab
1042 2630 1121 2654 corr
1145 2621 1184 2654 in
1209 2631 1269 2655 err
1405 2620 1447 2654 21
1473 2619 1604 2664 Psyllis
1623 2619 1696 2654 Sab
1720 2620 1761 2654 in
1786 2630 1864 2654 err:

373 2671 505 2717 phyllis
531 2674 567 2708 P
703 2675 874 2711 Mar-sisne
906 2676 1076 2712 Oehzerus
1213 2677 1257 2711 22
1282 2676 1508 2712 institoribus
1528 2676 1620 2712 Sab:
1645 2677 1864 2712 institutori-

373 2728 438 2764 bus
464 2732 500 2766 P
636 2733 680 2767 23
705 2735 926 2769 munimenta
951 2734 1050 2770 Sab:
1086 2734 1301 2770 monimenta
1326 2735 1361 2769 P
1507 2734 1551 2768 24
1577 2733 1767 2779 diligentia
1793 2735 1864 2770 Sal)

375 2787 417 2822 in
442 2799 521 2823 err.-
546 2789 770 2834 diligentiam
797 2792 832 2826 P
892 2781 897 2786 κ
967 2792 1012 2827 25
1037 2792 1122 2837 quid
1146 2802 1216 2826 non
1241 2793 1350 2838 uulsso
1376 2792 1462 2837 quin
1495 2791 1564 2826 Urs
1702 2792 1745 2827 26
1771 2803 1863 2827 com-

372 2846 469 2880 muni
502 2846 570 2882 Urs
716 2849 863 2884 facimus
891 2850 983 2885 Sab:
1008 2849 1146 2885 facinus
1174 2851 1209 2884 P
1353 2860 1474 2884 sensus
1500 2849 1535 2883 P
1558 2860 1639 2885 corr
1777 2850 1860 2894 quin

372 2903 432 2938 uel
456 2903 540 2947 quid
572 2904 641 2939 Urs
781 2906 826 2940 28
851 2906 1060 2941 uicissitudo
1087 2907 1178 2942 Sab:
1205 2909 1245 2942 ut
1270 2907 1478 2943 uicissitudo
1505 2907 1541 2941 P
