2032 3248
350 219 434 260 202
764 216 952 251 Arnobii
983 216 1197 251 aduersus
1228 217 1435 251 nationes

350 333 588 388 opinionum
628 332 821 374 uideatur
860 331 1053 386 audacia,
1106 332 1193 374 sine
1232 332 1362 373 ullius
1401 332 1540 374 tamen
1579 331 1848 374 insectatione

349 414 544 456 personae
573 401 696 444 fidem
726 400 847 443 rebus
869 412 950 442 non
970 401 1258 442 adcommodat
1283 400 1503 442 inuolutis:
1536 400 1577 442 et
1597 400 1668 454 qui
1690 401 1848 456 generis

350 472 564 514 adseuerat
605 482 670 513 eos
710 470 837 512 fuisse
876 469 1049 520 terreni,
1091 470 1279 523 quamuis
1321 481 1387 511 eos
1423 469 1559 522 priuet
1590 469 1848 512 sublimitate

350 540 556 590 caelitum,
589 539 809 582 subsiciuis
840 540 981 581 tamen
1011 539 1252 581 adcumulat
1283 538 1488 589 laudibus,
1520 539 1725 592 siquidem
1755 539 1847 581 illos

351 610 586 652 diuinitatis
633 609 684 650 ad
730 609 927 650 meritum
972 608 1179 650 beneficiis
1218 609 1409 649 autumat
1449 608 1490 650 et
1529 608 1735 650 uirtutum
1776 609 1848 650 ad-
1883 626 1896 644 ·»

282 678 331 717 31
349 679 637 721 mirationibus
669 678 919 721 subleuatos.
966 689 1038 720 uos
1069 690 1177 728 uero,
1210 677 1279 731 qui
1310 677 1492 719 uindices
1525 677 1566 718 et
1595 688 1735 718 eorum
1756 689 1847 719 con—

212 750 236 782 f.
254 749 336 781 114¹‘
349 747 519 790 tenditis
540 747 869 789 immortalitatis
891 759 978 788 esse
999 746 1334 801 propugnatores,
1367 759 1495 787 unum
1519 759 1566 787 ex
1585 745 1650 786 his
1677 744 1681 800 Ι
1708 759 1850 799 quem-

349 817 463 870 piam
493 816 767 871 praeteristis,
799 815 1008 857 transistis
1040 815 1190 857 uestris
1221 815 1581 856 maledictionibus
1612 815 1847 857 inuulnera-

349 884 470 925 tum?
517 884 589 925 aut
618 896 746 937 genus
777 883 913 924 ullum
944 883 1007 924 est
1035 882 1175 936 probri
1205 883 1292 924 tam
1322 882 1529 924 communi
1551 884 1849 926 existimatione

350 952 583 994 damnabile
614 952 722 1006 quod
751 951 794 992 in
825 964 891 993 eos
923 951 1104 993 conferre
1134 951 1365 993 metueritis
1396 952 1464 994 uel
1491 953 1668 994 nominis
1700 954 1848 995 saltem

350 1021 594 1063 auctoritate
625 1020 812 1062 tardati?
844 1020 934 1073 quis
967 1019 1119 1062 caduca
1141 1021 1182 1062 et
1202 1021 1396 1063 mortalia
1419 1034 1585 1075 corpora
1605 1023 1700 1064 deos
1722 1022 1850 1064 edidit

350 1091 537 1132 amasse?
569 1101 648 1131 non
678 1091 779 1131 uos‘?
811 1089 903 1142 quis
934 1089 1010 1131 illa
1040 1089 1150 1131 furta
1181 1089 1423 1132 dulcissima
1453 1091 1497 1132 in
1531 1091 1677 1133 alienis
1708 1092 1848 1146 genia-

348 1158 459 1200 libus
488 1159 772 1212 perpetrasse?
811 1171 890 1200 non
921 1158 1025 1200 uos?
1069 1158 1160 1211 quis
1192 1171 1286 1200 cum
1317 1158 1522 1202 matribus
1554 1160 1724 1211 liberos,
1758 1161 1857 1214 quis·

350 1241 444 1269 cum
476 1228 560 1269 suis
601 1228 834 1282 uirginibus
874 1240 1017 1269 rursus
1058 1229 1194 1282 patres
1225 1228 1427 1270 infaustos
1458 1229 1673 1271 miscuisse
1705 1241 1850 1272 concu-

348 1297 491 1339 bitus?
532 1309 613 1339 non
643 1299 747 1339 uos‘?
788 1297 879 1351 quis
921 1297 1090 1339 scitulos
1129 1297 1320 1351 pusiones
1352 1299 1475 1351 atque
1505 1299 1666 1340 adultos
1700 1311 1850 1340 uenus-

347 1366 521 1408 tissimis
550 1366 670 1408 lineis
702 1366 907 1419 adpetitos
944 1379 1030 1408 esse
1065 1366 1249 1408 inceste?
1284 1378 1361 1408 non
1398 1369 1500 1409 uos‘?
1531 1367 1622 1420 quis
1658 1368 1848 1419 absciSOS,

349 1436 440 1489 quis
485 1436 681 1488 exoletos,
729 1436 820 1489 quis
860 1435 1119 1489 uersipelles,
1165 1436 1257 1489 quis
1289 1436 1417 1487 fures,
1463 1436 1553 1490 quis
1592 1437 1636 1478 in
1673 1437 1850 1479 uinculis

348 1504 531 1555 habitos,
579 1504 672 1558 quis
710 1505 754 1546 in
795 1505 973 1555 catenis,
1019 1505 1110 1558 quis
1152 1503 1325 1558 denique
1357 1505 1602 1546 fulminibus
1633 1506 1848 1559 adpetitos,

349 1574 439 1627 quis
470 1573 727 1626 numeratos,
769 1573 860 1626 quis
901 1573 1033 1615 obisse
1071 1585 1280 1626 supremos
1312 1573 1421 1624 dies,
1462 1575 1694 1627 sepulturas
1725 1575 1850 1617 etiam

349 1643 548 1685 meruisse
578 1643 788 1684 terrenas?
830 1655 910 1684 non
941 1644 1044 1684 uos?
1083 1654 1175 1683 cum
1207 1642 1338 1697 igitur
1369 1655 1393 1684 a
1422 1643 1539 1684 uobis
1570 1644 1633 1684 tot
1664 1644 1704 1685 et
1734 1644 1878 1686 tanta2

349 1710 525 1754 conflata
565 1711 649 1753 sint
688 1711 856 1753 deorum
886 1711 930 1752 in
961 1712 1231 1753 contumelias
1262 1711 1457 1762 crimina,
1500 1712 1661 1754 audetis
1693 1712 1849 1754 obicere

348 1781 477 1822 nostri
523 1780 703 1822 nominis
749 1793 872 1822 causa
916 1779 1135 1821 numinum
1181 1792 1266 1821 esse
1312 1780 1484 1823 offensas
1529 1782 1709 1831 menteS,
1756 1794 1850 1823 cum

349 1849 591 1892 iamdudum
623 1861 695 1891 uos
725 1849 883 1902 liqueat
920 1850 1076 1891 irarum
1112 1862 1198 1891 esse
1236 1850 1448 1892 tantarum
1479 1862 1566 1891 reos
1607 1851 1649 1892 et
1687 1850 1850 1892 diuinae

281 1917 645 1973 32indignationis
682 1919 900 1960 auctores?
946 1918 1016 1960 sed
1047 1931 1176 1970 erras,
1219 1919 1373 1972 inquit,
1417 1920 1457 1961 et
1486 1919 1637 1962 laberis
1668 1920 1848 1973 satisque

348 1987 390 2028 te
421 1999 507 2028 esse
537 1987 800 2041 imperitum,
840 1987 1051 2029 indoctum
1083 2000 1129 2030 ac
1160 1988 1363 2030 rusticum
1400 1989 1489 2041 ipsa
1527 2001 1663 2030 rerum
1701 1989 1848 2030 harum
1864 2005 1895 2029 25

348 2056 616 2098 insectatione
647 2057 916 2099 demonstras.
963 2070 1059 2099 nam
1090 2058 1197 2099 istae
1228 2069 1367 2099 omnes
1398 2057 1609 2109 historiae,
1641 2070 1743 2111 quae
1770 2058 1849 2100 tibi

347 2126 487 2178 turpes
528 2125 723 2167 uidentur
760 2126 882 2179 atque
913 2126 963 2168 ad
998 2126 1136 2168 labem
1167 2127 1372 2180 pertinere
1402 2126 1609 2178 diuinam,
1652 2127 1849 2182 mysteria

391 2318 412 2352 3
438 2318 662 2353 sublimitate
687 2318 781 2353 Sab:
806 2319 1044 2354 sublimitates
1062 2319 1098 2354 P
1233 2320 1256 2354 4
1280 2319 1467 2354 subcisiuis
1493 2318 1566 2354 Sab
1704 2321 1725 2355 5
1750 2320 1849 2354 bene-

346 2375 435 2409 ficiis
463 2375 554 2410 Sab:
591 2376 774 2411 ueneficiis
800 2377 835 2411 P
967 2378 1129 2411 autumat
1159 2376 1243 2411 Gel:
1278 2378 1467 2411 autumant
1492 2378 1526 2411 P
1653 2378 1673 2412 7
1697 2388 1850 2422 propug-

346 2436 490 2467 natores
513 2433 601 2468 Urs.-
623 2435 874 2478 propagatores
891 2434 927 2469 P
1063 2445 1148 2468 num
1173 2434 1242 2468 Urs
1380 2444 1452 2468 esse
1474 2437 1723 2479 propagatores
1739 2447 1850 2470 unum

347 2501 385 2524 ex
409 2490 465 2524 his
489 2490 530 2524 in
553 2501 615 2525 ‘ras
639 2492 675 2525 P
812 2492 854 2525 11
879 2491 1013 2526 tardati
1040 2491 1132 2526 Sab:
1156 2491 1309 2526 tradatis
1332 2492 1368 2526 P
1505 2492 1548 2526 14
1571 2491 1790 2527 miscuissem
1815 2493 1851 2527 P

346 2557 427 2582 corr
451 2551 479 2582 ε’
634 2548 678 2582 15
702 2548 781 2593 quis
806 2548 897 2583 Sab:
929 2549 990 2593 qui
1016 2549 1052 2583 P
1208 2548 1333 2582 adulos
1358 2549 1394 2583 P
1417 2559 1499 2583 corr
1651 2550 1694 2584 16
1718 2550 1849 2584 inceste

346 2604 654 2639 Hildebrandius:
679 2604 810 2639 iniuste
827 2606 864 2640 P
886 2605 1071 2640 inhoneste
1094 2605 1161 2640 Urs
1285 2605 1459 2640 abscissos
1478 2605 1549 2640 Sab
1682 2607 1724 2640 18
1741 2607 1847 2651 adpe-

346 2673 433 2707 titos
449 2683 488 2706 r:
513 2674 665 2717 apetitos
684 2674 719 2708 P
741 2674 919 2718 appetitos
939 2674 1010 2709 Sab
1142 2674 1185 2708 19
1210 2667 1373 2719 suppmos
1390 2675 1426 2709 P
1554 2674 1597 2708 21
1623 2675 1847 2709 contumeliis

353 2729 416 2763 Gel
562 2731 606 2765 23
630 2731 765 2775 liqueat
790 2731 882 2765 Sab:
914 2742 981 2776 que
1006 2731 1050 2766 ad
1075 2732 1111 2766 P
1258 2732 1303 2766 25
1324 2733 1449 2766 harum
1474 2731 1603 2766 addidi
1741 2733 1785 2766 26
1810 2733 1847 2766 in

347 2787 538 2821 sectatione
563 2787 636 2822 Sab
797 2789 1017 2823 demonstras
1044 2790 1136 2823 Sab:
1168 2789 1414 2825 demonstrans
1438 2789 1473 2823 P
1640 2789 1788 2824 histriae
1814 2791 1849 2824 P

346 2855 426 2878 corr
564 2845 607 2879 27
632 2846 790 2880 misteria
815 2846 851 2880 P
874 2857 957 2881 corr
981 2857 1000 2880 r
