2032 3248
336 225 482 254 LXXVI

336 315 409 357 liis
440 319 476 357 et
506 317 738 369 sumptibus
767 317 962 371 mayistri
990 317 1269 359 Berthotdi
1298 316 1528 360 Rembolt
1560 321 1595 360 et
1617 319 1842 360 Ioannis

335 391 623 433 vvaterloes
646 392 1013 446 catcoyraphorum
1029 392 1384 445 peritissimorum
1407 406 1455 434 ac
1478 393 1843 435 ueracissimorum

336 466 554 508 collecta
574 470 616 509 et
638 467 917 520 impressa:
938 480 1113 519 quorum
1134 466 1347 508 distinctio
1366 467 1503 521 fronte
1523 468 1706 520 sequenti
1727 472 1843 510 nota-

336 544 419 584 tur.
442 542 501 583 ibi
523 554 618 584 uero
640 543 885 595 opusculum
911 541 1170 584 Cardinalia
1196 541 1358 584 Christi
1378 556 1502 594 opera
1522 543 1704 596 primum
1725 545 1844 597 poni-

337 617 419 667 tur,
453 617 559 670 quod
588 617 630 658 in
653 617 831 659 editione
853 631 876 659 a
896 617 1066 670 reliquis
1099 618 1334 671 separatum
1364 617 1477 659 foliis
1512 618 1692 660 numeris
1723 619 1841 660 nouis

338 691 553 733 instructis
581 691 818 733 I—XXXV
849 686 1105 746 postremum
1140 691 1366 743 exhibetur,
1398 705 1470 734 nec
1502 692 1545 733 in
1576 692 1745 746 reliquis
1778 694 1844 735 hic

338 766 460 807 index
481 766 729 821 scriptorum
750 767 885 809 ordini
906 768 1136 821 respondet.
1165 767 1521 809 Schoenemannus
1544 767 1611 809 cui
1631 767 1842 822 integrum

341 841 534 883 editionis
564 842 772 895 exemplar
800 853 878 883 non
907 843 1068 895 praesto
1098 843 1205 884 esset
1235 842 1389 884 errauit
1418 842 1462 897 (1.
1494 855 1527 884 c.
1557 856 1595 896 p.
1630 841 1743 898 114).
1779 843 1845 884 in-

341 916 474 959 dicem
497 917 706 970 excipiunt
726 916 897 959 Roberti
914 917 1134 959 Fortunati
1155 917 1359 971 praefatio
1376 917 1426 959 ad
1442 917 1658 959 Ruricium
1674 918 1844 960 Blesen-

340 1003 428 1033 sem
459 992 701 1042 senatorem,
734 990 778 1032 in
799 1004 892 1044 qua,
925 1004 1019 1033 cum
1050 991 1136 1045 ipse
1167 991 1289 1033 rebus
1319 991 1598 1034 familiaribus
1621 994 1843 1047 occupatus

342 1064 535 1120 Cypriani
572 1078 692 1119 opera
727 1077 1012 1120 recognoscere
1042 1077 1122 1107 non
1152 1067 1301 1119 posset,
1338 1065 1615 1108 Guilielmum
1646 1067 1843 1109 Potetum

342 1141 605 1182 Biscutinum
634 1153 736 1193 opus
765 1141 933 1194 insiyne
962 1140 1152 1195 releyisse
1172 1140 1425 1183 emaculasse
1445 1143 1480 1182 et
1501 1142 1846 1184 annotationibus

341 1215 591 1268 quibusdam
638 1228 723 1256 non
771 1215 1032 1269 neyliyendis
1079 1216 1336 1268 locorumque
1376 1215 1548 1257 Bibliac
1587 1219 1624 1258 et
1664 1216 1842 1259 aliorum

343 1290 611 1332 citationibus
632 1290 688 1331 ad
703 1290 937 1344 marginem
951 1290 1201 1343 perpulchre
1221 1290 1427 1343 multoque
1447 1304 1541 1332 cum
1562 1291 1698 1333 labore
1718 1291 1848 1333 dona-

343 1365 453 1406 uisse
484 1367 638 1418 narrat,
670 1365 808 1407 Poteti
835 1366 886 1407 ad
906 1366 1102 1408 lectorem
1132 1378 1309 1417 carmen,
1344 1366 1458 1408 Hier.
1482 1366 1706 1408 Alexandri
1737 1368 1840 1420 prof.

345 1440 476 1482 Paris.
510 1453 674 1482 carmen
702 1440 746 1481 in
768 1440 1165 1482 commendationem
1193 1440 1452 1493 impressoris
1474 1440 1697 1492 Rembolti‚
1731 1454 1849 1494 prae-

346 1514 448 1556 fatio
481 1514 672 1556 editionis
701 1514 882 1556 Venetae
913 1527 950 1557 a.
982 1514 1104 1565 1483⁷
1137 1514 1382 1569 Hieronymi
1413 1516 1454 1556 et
1481 1515 1690 1556 Lactantii
1724 1515 1845 1557 testi-

345 1589 492 1639 monia,
532 1589 653 1630 index
690 1601 838 1631 rerum.
876 1589 1040 1644 singula
1075 1601 1196 1642 opera
1225 1601 1272 1630 ex
1304 1588 1446 1631 eadem
1482 1589 1660 1631 editione
1689 1589 1847 1632 Veneta

345 1664 522 1717 repetita
550 1663 592 1705 in
614 1675 768 1705 nouum
797 1663 983 1706 ordinem
1011 1663 1176 1706 redacta
1206 1664 1314 1715 sunt,
1346 1664 1408 1705 ita
1429 1664 1476 1705 ut
1497 1664 1679 1717 primum
1708 1664 1844 1706 locum

347 1738 561 1780 obtineant
593 1739 793 1793 epistulae
822 1739 865 1781 in
895 1739 1089 1791 quattuor
1118 1738 1246 1780 libros
1279 1739 1450 1790 diuisae,
1487 1751 1662 1792 quorum
1691 1740 1849 1792 primus

347 1813 528 1855 continet
564 1814 764 1867 epistulas
798 1814 866 1856 60.
896 1814 964 1856 57.
994 1814 1062 1856 59.
1093 1814 1159 1855 67.
1193 1814 1257 1855 13.
1289 1814 1356 1856 69.
1387 1814 1453 1856 65.
1484 1814 1553 1855 43.
1586 1815 1622 1854 1.
1652 1813 1691 1855 2.
1714 1814 1752 1855 4.
1782 1814 1846 1855 70.

346 1888 451 1930 alter
472 1888 537 1940 72,
560 1888 748 1930 libellum
764 1888 835 1929 Aa
851 1889 1080 1940 Donatum,
1103 1889 1299 1943 epistulas
1321 1889 1387 1931 63.
1411 1889 1478 1930 37.
1502 1889 1569 1930 38.
1596 1888 1660 1929 10.
1684 1888 1750 1930 30.
1775 1889 1841 1931 52.

346 1963 416 2004 47.
444 1963 513 2005 45.
535 1963 604 2004 44.
627 1963 695 2013 51,
726 1962 876 2005 tertius
905 1963 972 2005 61.
994 1963 1061 2005 46.
1086 1963 1153 2006 54.
1175 1963 1244 2005 32.
1266 1963 1333 2005 20.
1360 1964 1424 2005 12.
1449 1963 1514 2005 78.
1537 1963 1604 2004 64.
1628 1963 1667 2005 3.
1693 1963 1756 2004 14.
1779 1964 1848 2006 49.

347 2037 415 2079 50.
447 2038 513 2079 68.
546 2038 613 2079 53.
640 2038 704 2079 16.
732 2038 797 2080 15.
825 2038 890 2080 17.
916 2038 980 2080 18.
1005 2038 1070 2079 19.
1093 2039 1161 2080 26.
1184 2038 1252 2080 25.
1276 2038 1314 2080 9.
1337 2038 1404 2080 29.
1428 2038 1495 2079 56.
1521 2038 1558 2079 7.
1582 2038 1647 2089 76,
1680 2038 1850 2090 quartus

348 2112 387 2153 6.
418 2112 485 2155 55.
515 2111 583 2153 28.
617 2113 680 2153 11.
705 2112 771 2154 39.
794 2112 861 2154 58.
885 2112 939 2154 69
963 2110 1230 2168 (dimidiam),
1262 2111 1330 2153 48.
1354 2112 1421 2154 66.
1444 2112 1533 2161 40.;
1563 2111 1632 2154 fol.
1656 2111 1846 2153 LXIX—

347 2184 487 2227 XCIII
519 2198 611 2227 cum
645 2186 909 2239 inscriptione
933 2186 1174 2238 Sequuntur
1204 2186 1323 2227 uarii
1353 2188 1557 2227 tractatus
1587 2177 1726 2228 eiusde
1755 2186 1849 2228 diui

353 2259 563 2313 Cypriani
599 2262 758 2303 exstant
794 2260 927 2302 libelli
955 2260 1005 2301 X.
1037 2260 1109 2302 IV.
1130 2261 1183 2314 ,ΙΙ
1222 2259 1288 2315 (cte
1323 2259 1528 2301 idolorum
1562 2260 1752 2302 uanitate
1786 2261 1850 2302 in-

349 2334 560 2390 scriptus),
601 2335 818 2376 Aduersus
853 2335 1031 2376 Iudaeos
1070 2335 1119 2376 de
1151 2335 1358 2377 montibus
1394 2335 1513 2387 Syna
1547 2338 1583 2376 et
1618 2334 1745 2387 syon,
1786 2335 1850 2376 De

348 2409 600 2451 reuelatione
620 2410 774 2463 capitis
794 2410 826 2451 b.
851 2409 1059 2451 Iohannis
1079 2410 1292 2462 baptistae,
1322 2410 1392 2452 fol.
1415 2408 1851 2451 XCIIII——CXXVIH

350 2482 613 2538 inscriptione
642 2485 868 2539 praemissa
889 2485 1131 2537 Sequuntur
1157 2485 1277 2526 uarii
1297 2497 1500 2526 sermones
1521 2483 1615 2524 diui
1640 2483 1850 2536 Cypriani

350 2557 485 2599 libelli
500 2558 573 2600 XI.
590 2559 709 2601 XIII.
726 2559 821 2601 XII.
842 2560 959 2602 VIII.
979 2560 1049 2601 VI.
1067 2560 1162 2611 VII,
1186 2560 1255 2602 fol.
1281 2559 1496 2601 CXXVIII
1518 2571 1604 2612 sqq.
1629 2558 1849 2611 Expositio

350 2631 444 2673 diui
470 2633 678 2685 Cypriani
709 2635 759 2675 in
781 2634 1017 2687 Symbolum
1047 2633 1339 2687 apostolorum,
1371 2633 1539 2675 libellus
1561 2633 1633 2684 IX,
1666 2632 1733 2674 De
1763 2632 1850 2673 sin-

348 2706 576 2760 yularitate
597 2708 849 2760 clericorum,
871 2708 1006 2750 libelli
1028 2708 1094 2749 ΠΙ
1116 2709 1194 2749 duo
1217 2708 1315 2750 libri
1338 2706 1426 2762 (fol.
1445 2705 1651 2748 CLXXIX
1674 2707 1717 2748 in
1739 2707 1848 2748 calce

350 2778 524 2834 legitur:
563 2782 692 2824 Finis
723 2782 894 2825 secundi
925 2786 961 2823 et
991 2782 1132 2823 ultimi
1164 2781 1263 2823 libri
1284 2780 1394 2823 Diui
1420 2778 1661 2836 Cypriani),
1700 2779 1849 2821 Passio

353 2853 501 2897 Sancti
517 2854 726 2908 Cypriani
735 2870 815 2909 per
828 2856 1088 2899 Pontianum
1098 2855 1188 2897 eius
1200 2855 1424 2897 diaconum
1434 2854 1566 2905 edita;
1580 2854 1649 2895 fol.
1663 2853 1845 2896 CLXXX
