2032 3248
376 210 449 248 [04
1003 203 1247 247 AppendiX.

368 312 536 350 tionibus
566 311 756 348 continuis
788 310 974 348 incumbe.
1008 310 1091 348 alea
1113 322 1159 348 ne
1181 310 1334 356 luseris,
1369 310 1434 348 ubi
1455 310 1563 348 lusus
1583 311 1741 349 nociuus
1764 313 1821 349 est
1843 313 1881 349 et

369 381 511 419 crimen
538 380 710 425 mortale,
748 379 812 417 ubi
842 379 1033 417 dementia
1054 379 1135 417 sine
1158 379 1472 425 consideratione,
1510 380 1576 417 ubi
1596 379 1703 417 nulla
1724 380 1880 427 ueritas,

369 452 433 489 sed
469 447 748 488 mendaciorum
785 451 955 487 mandra.
987 450 1138 488 abscide
1173 450 1260 488 inde
1282 462 1435 487 manum
1458 451 1562 487 tuam
1584 452 1622 488 et
1643 452 1771 488 auerte
1794 450 1881 488 inde

369 532 431 558 cor
452 521 579 557 tuum:
614 520 768 556 extrahe
791 517 994 567 caliginem
1015 519 1159 557 inimici
1181 520 1227 557 ab
1250 519 1370 557 oculis
1392 519 1468 557 tuis
1491 520 1528 556 et
1549 519 1706 566 purifica
1728 531 1880 557 manum

369 591 474 626 tuam
495 601 517 626 a
539 588 736 626 sacrificiis
760 588 925 626 diaboli:
958 588 1064 626 abice
1087 589 1154 626 abs
1177 591 1213 626 te
1236 589 1384 626 furaces
1405 599 1543 634 mores,
1566 590 1647 627 esto
1669 589 1820 636 patiens
1842 590 1881 627 et
1896 604 1910 627 5

369 658 611 704 christianus,
636 658 715 695 esto
738 657 809 695 tibi
826 659 863 695 et
880 657 981 695 uitae
1002 658 1091 695 tuae
1113 657 1152 694 in
1175 658 1458 705 operationibus
1479 657 1604 695 iustus
1626 659 1664 695 et
1685 658 1880 705 prouidus,

367 726 455 774 fuge
478 724 672 764 diabolum
694 728 983 774 persequentem
1005 727 1042 764 et
1063 726 1152 775 fuge
1175 727 1295 765 aleam
1316 726 1508 764 inimicam
1531 738 1685 774 operum
1706 728 1879 766 tuorum:

370 795 538 833 studium
560 795 611 833 sit
631 795 705 833 tibi
738 795 961 843 sapientiae,
998 795 1231 844 euangelicis
1252 795 1408 833 monitis
1429 796 1589 843 erudire,
1612 807 1726 843 puras
1747 808 1882 835 manus

368 865 415 902 ad
451 865 644 903 Christum
676 866 887 912 extendere,
924 866 967 903 ut
996 865 1200 913 promereri
1229 865 1431 904 Dominum
1463 866 1599 913 possis.
1644 865 1767 904 aleam
1803 865 1883 905 noli

368 933 568 982 respicere.
600 945 722 972 amen.
1896 948 1930 972 10

488 1374 613 1438 VII.
658 1374 753 1438 DE
799 1372 1176 1438 MONTIBVS
1222 1372 1395 1437 SINA
1440 1373 1532 1437 ET
1577 1372 1758 1437 SION.

331 1642 350 1677 1
425 1632 462 1685 P
465 1647 611 1685 robatio
654 1647 905 1694 capitulorum
958 1658 1052 1695 quae
1093 1646 1132 1684 in
1174 1646 1374 1694 scripturis
1430 1646 1574 1685 deificis
1628 1647 1881 1687 continentur.

371 1727 467 1764 quae
503 1716 542 1753 in
579 1718 707 1753 uetere
741 1717 969 1754 testamento
1006 1715 1218 1763 figuraliter
1249 1715 1391 1763 scripta
1421 1717 1522 1761 sunt,
1555 1727 1623 1763 per
1643 1727 1738 1754 nouo
1758 1717 1882 1754 testa-

371 1787 497 1823 mento
521 1784 745 1833 spiritaliter
775 1785 1036 1833 intellegenda
1068 1786 1176 1832 sunt,
1203 1797 1297 1833 quae
1333 1796 1400 1833 per
1418 1785 1611 1822 Christum
1647 1784 1686 1822 in
1716 1785 1879 1823 ueritate

371 1855 565 1902 adinpleta
603 1856 703 1893 sunt.
736 1855 846 1893 nobis
883 1855 983 1892 enim
1003 1866 1070 1903 per
1091 1855 1216 1892 Iesum
1239 1854 1432 1892 Christum
1454 1854 1640 1902 spiritalis
1660 1854 1880 1892 intellectus
1895 1871 1928 1896 15

371 1925 484 1962 datus
507 1925 565 1961 est
587 1923 667 1971 ipso
690 1924 778 1961 Iesu
800 1923 969 1962 dicente:
1001 1924 1142 1962 uobis
1172 1923 1361 1971 quidem
1391 1924 1552 1961 datum
1582 1925 1656 1961 est
1685 1923 1881 1961 intelle-

368 2003 479 2040 gere
520 1994 827 2030 sacramenta
866 1993 973 2040 Dei,
1020 1993 1138 2030 aliis
1171 1995 1330 2030 autem
1361 1992 1409 2030 in
1441 1992 1881 2039 similitudinibus,

2020 1751 2032 1838 :g

2017 1839 2032 1946 ἒξ

2019 1967 2032 2119 ξ

461 2161 503 2196 16
529 2161 635 2195 Marc.
660 2161 693 2202 4,
720 2162 774 2196 11.

458 2322 478 2355 1
504 2321 681 2356 continuis
707 2332 771 2356 om.
804 2321 833 2366 Ω
984 2321 1098 2355 aleam
1123 2321 1162 2355 D
1312 2320 1457 2355 nocibus
1488 2320 1553 2365 ΩΤ
1701 2321 1723 2354 2
1747 2321 1881 2355 inmor-

365 2378 439 2412 tale
469 2378 534 2423 ΩΤ
684 2380 707 2414 4
731 2379 870 2413 inimici
895 2389 962 2413 om.
995 2378 1025 2423 Ω
1177 2378 1199 2412 5
1224 2378 1329 2423 abige
1360 2378 1445 2423 ΩΤυ
1587 2378 1605 2413 7
1631 2378 1679 2422 ct]
1705 2379 1741 2412 te
1773 2378 1838 2423 ΩΤ

367 2446 512 2479 operum
537 2437 680 2470 tuorum
703 2437 752 2478 D,
778 2447 896 2471 rerum
921 2438 1064 2470 tuarum
1095 2435 1180 2481 ΩΤυ
1320 2436 1342 2470 8
1367 2437 1430 2481 sit]
1457 2436 1488 2470 si
1515 2436 1547 2470 Τ
1684 2436 1880 2480 euangeliis

367 2494 417 2528 M
421 2493 529 2538 ¹Q1T,
556 2494 735 2538 euangelii
760 2494 902 2539 M²Q¹v
1040 2494 1061 2528 9
1087 2493 1234 2528 extende
1267 2493 1317 2538 Ωυ
1343 2515 1386 2518 -
1413 2493 1569 2538 Explicit
1593 2493 1635 2527 <le
1661 2493 1881 2527 aleatoribus

366 2550 419 2591 Ι),
454 2550 633 2585 Aduersus
665 2552 840 2586 aleatores
873 2551 1018 2596 explicit
1052 2551 1100 2596 Ω,
1138 2551 1306 2596 Epistula
1341 2551 1511 2596 Cypriani
1543 2550 1587 2585 ad
1619 2551 1792 2586 aleatores
1824 2562 1882 2585 ex-

367 2608 471 2652 plicit
498 2609 541 2642 T.
567 2629 607 2633 ——

460 2665 592 2710 Incipit
623 2666 665 2700 de
703 2666 839 2701 duobus
875 2666 1058 2701 montibus
1090 2667 1179 2708 ΜΤ,
1218 2667 1260 2701 de
1298 2666 1434 2701 duobus
1472 2665 1653 2700 montibus
1686 2666 1728 2700 de
1758 2667 1881 2700 monte

368 2723 463 2767 Syna
489 2725 524 2757 et
549 2725 643 2768 Syon
668 2724 835 2759 aduersus
861 2724 988 2759 Iudeos
1015 2738 1050 2769 μ.
1084 2745 1120 2748 --
1148 2725 1190 2759 12
1215 2725 1364 2759 initium
1387 2725 1498 2759 huius
1521 2724 1606 2758 libri
1622 2723 1788 2757 mutilum
1806 2733 1879 2757 esse

367 2781 518 2815 uidetur
621 2782 663 2815 13
688 2783 801 2816 ueteri
826 2794 873 2827 μυ
972 2793 1034 2827 per
1059 2793 1191 2816 nouum
1214 2783 1468 2817 testamentum
1495 2793 1542 2826 μυ
1638 2781 1681 2816 14
1706 2771 1880 2825 spfialiter

369 2851 394 2882 μ
421 2842 462 2872 ut
485 2838 572 2872 solet
711 2839 845 2874 christo
872 2840 906 2874 Τ
1043 2840 1084 2874 17
1111 2839 1350 2874 similitudine
1366 2857 1382 2874 »κ
1402 2840 1449 2875 M
1472 2850 1507 2873 m
1533 2850 1625 2873 eras.
