2032 3248
347 218 462 249 LXIV

349 309 458 364 quod
474 311 600 352 etiam
613 311 656 352 in
669 311 875 365 proximas
892 311 992 353 duas
1011 312 1066 366 (X
1077 313 1118 354 et
1133 312 1213 366 XI)
1233 314 1528 357 Orationes
1545 314 1670 364 cadit,
1688 327 1862 367 quarum

347 386 524 439 priorem
548 386 600 427 ad
621 386 804 428 codicem
821 387 867 438 T,
891 387 1065 429 alteram
1087 389 1137 430 ad
1159 390 1494 432 uetustissimum
1516 390 1793 432 Veronensem
1807 390 1860 440 X,

350 460 388 502 8.
412 472 514 502 saec.
537 461 642 502 VIII
669 460 758 517 (Y),
792 462 862 515 qui
892 461 1002 504 inter
1023 462 1253 517 Augustini
1282 465 1436 518 scripta
1465 477 1555 506 eam
1585 464 1654 506 fol.
1689 464 1768 506 151
1800 476 1858 517 sq.

348 535 512 577 exhibet
534 535 602 590 (cf.
621 536 950 578 Reifferscheidii
967 536 1082 578 B-ibl.
1105 550 1143 591 p.
1167 538 1255 593 21),
1279 539 1407 593 exegi.
1433 565 1486 570 ——
1507 540 1590 581 XII
1612 542 1700 583 De
1724 542 1860 583 duo-

349 613 532 654 decim
553 613 810 655 abu-§iuis
831 614 1044 655 saeculi
1063 613 1266 656 tractatus
1288 613 1489 669 Cypriano
1510 615 1745 671 Augustino
1764 615 1857 658 Ori-

348 687 443 743 geni
464 687 508 729 in
529 682 751 739 codicibus‘,
781 689 937 730 Erardo
967 688 1132 730 cuidam
1160 690 1327 743 propter
1347 690 1621 744 marginalem
1641 691 1739 732 libri
1760 703 1858 733 mss.

346 762 658 817 inscriptionem
675 776 698 805 a
713 764 911 815 Pamelio,
935 763 973 806 S.
991 764 1174 806 Patricio
1190 764 1469 806 Hibernorum
1490 766 1674 819 apostolo
1696 766 1793 819 quia
1812 767 1857 808 in

348 838 539 893 linguam
556 838 790 893 Anglorum
813 839 998 881 ueterem
1019 839 1250 882 translatus
1267 839 1550 882 Homiliarum
1567 839 1860 882 Saxonicarum

350 913 574 967 exemplari
609 914 844 956 asseruatur
879 914 929 955 ab
962 914 1114 970 Anglis
1151 915 1382 968 adscriptus
1419 915 1559 957 nullas
1595 915 1861 969 antiquitatis

349 990 466 1031 notas
487 1003 584 1043 prae
602 1002 643 1032 se
661 989 753 1032 fert.
776 1002 823 1031 ex
839 990 1066 1032 innumeris
1084 990 1171 1032 eius
1189 990 1398 1033 codicibus
1419 991 1504 1032 tres
1527 991 1634 1046 elegi
1655 990 1860 1032 uetustio-

350 1077 415 1106 res
429 1063 739 1119 Sangallensem
757 1065 811 1107 89
830 1078 932 1107 saec.
949 1065 1009 1106 IX
1028 1065 1118 1122 (G),
1140 1065 1417 1108 Parisiensem
1437 1066 1576 1108 18095
1595 1066 1714 1119 (olim
1729 1065 1860 1107 Notre

352 1140 484 1182 Dame
513 1137 617 1192 228)
643 1152 746 1182 saec.
768 1140 807 1181 X
830 1139 918 1196 (X),
949 1140 1306 1183 Vindobonensem
1335 1141 1447 1183 1010
1468 1154 1571 1183 saec.
1594 1141 1655 1182 XI
1679 1140 1767 1197 (V).
1801 1139 1861 1182 G¹

353 1216 393 1257 et
413 1216 452 1257 X
473 1215 657 1257 diuersas
679 1215 943 1269 recensiones,
974 1214 1033 1257 G2
1054 1216 1095 1257 et
1117 1215 1154 1257 V
1176 1229 1223 1257 ex
1244 1217 1418 1269 utraque
1438 1216 1627 1267 mixtam,
1659 1215 1793 1269 qualis
1816 1215 1859 1256 in

350 1291 646 1333 recentioribus
675 1291 795 1332 libris
818 1291 880 1332 est
900 1290 1247 1344 frequentissima,
1278 1291 1513 1333 ostendunt.
1547 1291 1598 1332 ad
1621 1290 1678 1333 G1
1699 1291 1859 1332 textum

351 1367 558 1409 constitui.
583 1391 639 1396 ——
659 1366 767 1407 XIII
788 1369 877 1409 De
897 1368 1298 1421 sinyularitate
1322 1368 1658 1410 clericorum]
1687 1378 1860 1419 opuscu-

349 1443 439 1484 lum
471 1442 522 1484 ad
557 1442 739 1484 codicem
759 1442 1036 1484 Parisiensem
1059 1444 1195 1485 13331
1231 1444 1332 1485 olim
1355 1443 1750 1498 Sangermanensem
1773 1441 1858 1483 839

351 1529 452 1559 saec.
474 1516 536 1557 IX
560 1516 642 1574 (0),
666 1517 736 1570 qui
757 1530 780 1558 a
801 1517 1013 1570 scriptoris
1035 1519 1171 1560 aetate
1193 1530 1273 1559 non
1295 1519 1480 1560 multum
1503 1518 1656 1560 distare
1677 1517 1858 1567 uidetur,

351 1591 580 1634 emendaui.
611 1592 794 1634 ceterum
814 1592 1070 1634 Parisienses
1092 1593 1135 1646 ip
1161 1594 1202 1634 et
1225 1592 1582 1635 Vindobonensem
1615 1592 1725 1633 1064
1755 1603 1857 1633 saec.

349 1666 469 1719 XIII,
492 1667 535 1708 in
557 1679 635 1720 quo
657 1667 726 1708 fol.
748 1667 823 1708 42²
840 1665 1008 1721 Origeni
1031 1667 1287 1722 adsignatur,
1310 1667 1482 1721 inspexi.
1507 1667 1577 1709 sed
1599 1679 1740 1720 operae
1762 1680 1855 1721 pre-

349 1742 458 1783 tium
500 1754 580 1784 non
621 1742 842 1784 uidebatur
889 1742 1167 1795 discrepantes
1207 1742 1405 1784 lectiones
1444 1755 1599 1793 eorum,
1650 1742 1720 1795 qui
1760 1754 1857 1795 prae

348 1817 575 1859 Parisiensi
603 1817 762 1859 nullam
793 1817 980 1858 obtinent
1011 1817 1316 1867 auctoritatem,
1348 1817 1520 1859 adicere.
1551 1817 1856 1859 —tractatum

347 1892 449 1934 XIV
483 1895 571 1935 De
613 1894 831 1946 duplici
870 1893 1153 1945 martyrio
1193 1888 1249 1934 ‘in
1285 1892 1571 1934 uetustissima
1607 1890 1859 1933 bibliotheca

347 1960 570 2023 repertum'
592 1969 790 2011 Erasmus
810 1967 1004 2023 Cypriani
1025 1968 1216 2022 operibus
1238 1980 1273 2009 a.
1299 1967 1410 2009 1530
1430 1967 1593 2020 adiecit,
1617 1978 1697 2007 non
1719 1970 1856 2018 aper-

348 2045 491 2086 sonato
540 2045 720 2097 quodam
760 2043 918 2086 Isidoro
964 2056 1059 2085 eum
1099 2043 1331 2097 profectum
1372 2054 1457 2084 esse
1496 2041 1734 2091 arbitratus,
1785 2039 1855 2081 sed

347 2132 370 2161 a
393 2119 595 2174 Cypriano
618 2119 719 2173 ipso.
752 2119 906 2161 indicia
928 2131 1023 2160 uero
1045 2117 1407 2172 Pseudocypriani,
1431 2117 1501 2170 qui
1522 2115 1854 2169 persecutionum

345 2194 594 2236 Diocletiani
612 2195 652 2235 et
668 2193 887 2235 Maximini
905 2192 1111 2249 (23126),
1132 2192 1314 2235 Caesaris
1335 2191 1641 2244 Turcarumque
1660 2187 1852 2246 (238‚29)

346 2269 598 2311 mentionem
629 2268 768 2318 faciat,
803 2281 898 2310 cum
926 2268 1213 2310 manifestiora
1241 2267 1324 2308 sint
1354 2279 1476 2320 quam
1507 2278 1610 2319 quae
1630 2265 1853 2306 Erasmum

345 2343 487 2398 fugere
516 2343 739 2398 potuerint,
773 2343 908 2385 nescio
939 2355 1071 2385 annon
1092 2343 1179 2384 iure
1201 2341 1380 2384 Grauius
1402 2343 1443 2383 et
1464 2340 1537 2382 alii
1558 2340 1695 2393 ipsum
1717 2338 1852 2380 libelli

345 2419 619 2461 subiectorem
659 2431 746 2461 esse
787 2418 871 2460 sint
894 2418 1125 2485 §suspicati
1167 2418 1276 2459 certe
1312 2415 1467 2457 nemini
1501 2415 1595 2468 post
1629 2414 1851 2455 Erasmum

344 2494 500 2535 librum
529 2505 627 2535 mss.
660 2493 798 2534 uidere
829 2493 1017 2548 contigit.
1047 2518 1103 2522 -—
1128 2491 1207 2532 XV
1235 2492 1487 2534 Paschae
1518 2489 1852 2541 Computum

346 2581 440 2609 cum
469 2568 587 2610 nouis
619 2567 837 2623 praesidiis
858 2568 984 2609 nullis
1008 2568 1224 2609 emendare
1245 2579 1420 2620 possem,
1453 2578 1498 2606 ex
1521 2564 1740 2607 Oxoniensi
1761 2562 1848 2604 edi-

343 2642 452 2684 tione
484 2644 535 2685 ad
567 2643 741 2685 uerbum
772 2642 855 2684 fere
885 2643 928 2683 in
948 2643 1051 2684 hanc
1081 2643 1287 2695 receptam
1320 2653 1405 2683 esse
1434 2652 1551 2681 nemo
1580 2638 1845 2693 uituperabit.

342 2717 410 2759 hic
430 2717 536 2759 liber
558 2718 693 2760 codice
715 2718 906 2759 Remensi
930 2717 992 2773 (b)
1017 2716 1217 2771 Cypriano
1239 2715 1344 2758 falso
1367 2715 1599 2769 adscriptus
1623 2714 1691 2769 (cf.
1720 2713 1848 2754 Tille-

344 2792 460 2833 mont
494 2791 603 2833 Hist.
634 2791 749 2834 Eccl.
783 2791 825 2835 S.
851 2791 1036 2844 Cyprien
1069 2793 1147 2832 art.
1171 2790 1282 2832 LXV
1313 2791 1343 2830 t.
1367 2789 1427 2830 IV
1457 2803 1495 2843 p.
1521 2787 1620 2843 193)
1652 2786 1848 2830 Gordiani

344 2879 448 2909 anno
471 2867 613 2919 quinto
631 2867 804 2908 Arriano
822 2868 862 2908 et
879 2866 992 2920 Papo
1014 2865 1250 2908 consulibus
1271 2877 1307 2906 a.
1326 2876 1348 2905 a
1365 2862 1527 2906 Christo
1549 2877 1587 2905 n.
1608 2862 1691 2905 243
1713 2861 1847 2903 editus
