2032 3248
366 201 445 241 128
994 193 1237 238 Appendix.

364 303 448 341 odio
486 304 621 341 durata
661 314 766 341 mens
802 303 871 340 est.
915 301 1105 348 etiamque
1143 300 1299 348 spiritus
1335 302 1490 338 sanctus
1533 300 1572 337 id
1608 302 1665 338 est
1702 300 1875 338 Christus

366 372 549 410 Dominus
588 374 716 410 noster
752 371 817 418 qui
851 370 1043 419 profectus
1065 382 1110 408 ex
1142 370 1220 408 Deo
1241 372 1349 417 patre
1371 370 1478 407 uenit
1498 371 1541 407 ut
1563 369 1709 407 saluum
1733 369 1876 408 faceret

366 442 465 489 quod
480 441 646 489 perierat
662 440 837 479 Israelis:
861 439 926 488 qui
942 440 1060 478 maior
1082 452 1126 478 ac
1146 439 1280 478 fortior
1300 440 1348 477 ad
1371 439 1581 487 subigenda
1597 439 1875 477 contumacium

368 509 466 549 colla
499 510 538 547 in
574 510 747 548 timorem
784 510 843 548 sui
876 509 1041 548 nominis
1075 510 1113 547 et
1148 510 1375 557 potestatem
1412 519 1475 546 eos
1511 508 1576 556 qui
1609 509 1793 547 aduersus
1816 509 1875 547 sui

367 578 630 617 luminationis
665 578 878 617 claritatem
914 578 1107 616 obstinata
1139 578 1255 616 etiam
1276 579 1365 616 tunc
1386 578 1525 616 mentis
1546 578 1726 616 caecitate
1760 578 1905 616 dura—5

366 648 458 686 bant
479 649 526 686 ad
546 647 723 686 notitiam
754 647 941 686 claritatis
975 650 1014 686 et
1034 647 1178 695 gloriae
1200 658 1288 685 suae
1307 648 1385 685 tam
1407 646 1519 685 facile
1541 646 1740 693 conuertit,
1763 658 1875 694 quam

366 719 408 755 ut
439 728 566 755 omnes
603 716 729 755 saluos
766 717 908 755 faceret
943 716 1185 765 prouidentia
1205 716 1357 754 diuinae
1379 716 1656 754 misericordiae
1694 727 1783 754 suae
1814 715 1872 753 di-

365 787 504 834 gnatus
526 786 691 825 aduenit.

327 856 352 894 8
424 854 523 892 Nam
552 856 595 892 ut
631 854 715 893 duri
751 855 874 893 cordis
907 857 999 893 tunc
1022 857 1060 893 et
1082 855 1219 902 impiae
1241 854 1366 902 plebis
1388 854 1435 892 ad
1457 853 1608 892 Domini
1628 855 1770 892 metum
1792 854 1874 902 ipso

362 922 523 961 Domino
552 924 838 971 euangelizante
871 935 1073 962 conuersas
1095 926 1241 962 mentes
1263 923 1409 970 sileam,
1449 925 1490 961 ut
1511 922 1768 971 apostolorum
1792 923 1874 961 eius
1889 937 1923 962 10
1992 935 1996 973 ζ

361 992 639 1041 praedicatione
690 992 984 1040 multiplicatum
1021 993 1060 1030 in
1096 993 1184 1031 orbe
1220 994 1300 1030 toto
1337 993 1375 1030 et
1411 992 1596 1031 refersum
1638 991 1875 1031 credentium

317 1047 327 1057 ”
361 1061 542 1110 populum
579 1061 839 1100 conticiscam:
886 1061 982 1099 illud
1017 1061 1253 1109 praeclarum
1288 1063 1403 1109 atque
1443 1061 1685 1100 memora-bile
1727 1060 1872 1109 glorio-

363 1142 521 1178 sumque
561 1130 710 1168 Iasonis
751 1130 917 1168 Hebraei
960 1130 1167 1168 Christiani
1196 1132 1233 1169 et
1266 1130 1419 1177 Papisci
1454 1129 1705 1168 Alexandrini
1739 1129 1871 1167 Iudaei

362 1199 647 1247 disceptationis
684 1200 859 1245 occurrit,
897 1199 1043 1237 Iudaici
1080 1199 1203 1238 cordis
1235 1199 1466 1237 obstinatam
1502 1198 1683 1237 duritiam
1703 1197 1871 1237 Hebraei

364 1268 618 1307 admonitione
640 1280 684 1306 ac
704 1268 782 1306 leni
803 1268 1061 1317 increpatione
1085 1268 1285 1316 mollitam,
1307 1269 1505 1307 uictricem
1525 1269 1565 1306 in
1585 1267 1739 1316 Papisci
1760 1267 1872 1305 corde
1888 1282 1919 1307 1⁵

366 1338 513 1376 Iasonis
556 1338 601 1376 de
632 1337 790 1385 spiritus
832 1338 953 1375 sancti
996 1337 1186 1376 infusione
1228 1338 1460 1386 doctrinam,
1502 1349 1576 1385 qua
1607 1337 1791 1385 Papiscus
1825 1337 1874 1374 ad

366 1406 602 1445 intellectum
643 1406 820 1445 ueritatis
862 1406 1048 1445 admissus
1081 1409 1119 1445 et
1147 1408 1195 1445 ad
1225 1407 1399 1445 timorem
1430 1406 1581 1445 Domini
1610 1407 1692 1454 ipso
1715 1405 1874 1444 Domino

368 1476 571 1514 miserante
613 1475 799 1514 formatus
839 1477 878 1513 et
918 1476 1044 1514 Iesum
1086 1476 1279 1514 Christum
1314 1476 1384 1514 Dei
1425 1475 1546 1514 filium
1582 1475 1742 1514 credidit
1773 1476 1811 1513 et
1832 1477 1875 1512 ut

368 1544 608 1593 signaculum
661 1547 826 1584 sumeret
878 1546 1102 1593 deprecatus
1142 1546 1314 1584 Iasonem
1352 1545 1574 1594 postulauit.
1627 1545 1764 1593 probat
1803 1544 1873 1582 hoc

371 1614 560 1661 scriptura
601 1614 891 1653 concertationis
928 1614 1108 1662 ipsorum,
1141 1626 1235 1662 quae
1259 1614 1518 1653 collidentium
1540 1614 1640 1652 inter
1661 1625 1700 1651 se
1721 1612 1919 1661 Papiscieo

374 1683 612 1721 aduersantis
634 1682 789 1721 ueritati
810 1685 849 1721 et
869 1683 1017 1721 Iasonis
1039 1684 1250 1721 adserentis
1272 1686 1310 1722 et
1340 1683 1568 1721 uindicantis
1590 1681 1874 1731 dispositionem

455 1897 475 1930 1
503 1896 675 1931 obdurata
700 1896 785 1931 Bal.
813 1907 855 1931 επ
880 1907 900 1931 r
1063 1897 1174 1931 etiam
1200 1897 1292 1942 quod
1319 1912 1342 1942 μ
1509 1898 1658 1943 spiritus
1677 1924 1684 1931 .
1704 1924 1711 1931 .
1731 1924 1738 1932 .
1757 1898 1793 1932 id
1818 1899 1872 1932 est

364 1964 430 1988 om.
456 1955 490 1988 Z
627 1954 649 1988 2
674 1954 736 1998 qui
762 1965 828 1989 om.
854 1966 875 1990 v
1021 1954 1211 2000 profectus]
1239 1955 1433 2000 prophetus
1459 1969 1495 2000 μ,
1522 1966 1584 2000 pro
1609 1967 1645 1990 se
1668 1957 1768 1990 totus
1793 1956 1828 1989 Z

362 2012 414 2056 ex]
441 2022 461 2045 a
486 2012 521 2046 Z
688 2012 710 2046 3
734 2011 840 2046 israel
864 2012 921 2046 his
950 2012 1008 2054 Τί,
1032 2012 1138 2047 israel
1163 2013 1220 2057 Ζμ
1390 2024 1429 2048 ac
1454 2014 1548 2058 prior
1573 2024 1612 2049 ac
1637 2013 1768 2048 fortior
1793 2013 1829 2047 Z

361 2069 418 2113 ad]
445 2080 484 2103 ac
513 2069 577 2104 TZ
729 2070 933 2104 subicienda
957 2084 982 2115 μ
1132 2071 1155 2105 4
1179 2071 1309 2105 timore
1333 2072 1410 2116 Ζμῖ
1560 2073 1739 2116 potestate
1764 2072 1824 2115 Ζμ

361 2126 416 2160 sui
442 2128 538 2170 (suae
554 2127 599 2171 t2)
624 2127 872 2162 luminationis
891 2128 947 2170 Τί,
973 2127 1120 2162 luminis
1138 2129 1192 2162 sui
1209 2140 1268 2172 μυ,
1292 2129 1439 2163 luminis
1456 2130 1490 2163 Z
1585 2130 1607 2164 5
1632 2129 1774 2164 obstina
1794 2129 1828 2163 Τ

362 2194 460 2218 mens
486 2185 520 2218 Z
679 2185 865 2219 cecitatem
891 2185 925 2219 Z
1076 2185 1097 2219 6
1123 2185 1274 2230 gloriam
1300 2187 1335 2220 Z
1496 2196 1580 2220 suae
1603 2187 1679 2220 tam
1703 2196 1769 2220 om.
1794 2185 1830 2219 Z

363 2244 382 2277 7
409 2253 492 2277 suae
518 2243 660 2277 diuinae
686 2243 947 2278 misericordiae
971 2255 992 2279 v
1087 2244 1271 2289 dignatus]
1299 2255 1339 2278 ac
1364 2244 1572 2289 dignatione
1600 2256 1618 2279 r
1725 2243 1748 2280 9
1774 2244 1869 2288 nam]

362 2312 453 2336 nunc
478 2302 510 2335 Z
672 2304 713 2336 ut
738 2313 805 2336 om.
835 2303 892 2343 Τί,
918 2302 956 2336 111
981 2302 1016 2336 Ζ
1182 2314 1274 2337 nunc
1299 2303 1339 2344 Ζ,
1365 2314 1430 2337 om.
1457 2317 1481 2347 μ
1650 2302 1694 2336 10
1718 2303 1868 2347 mentes]

362 2370 482 2393 mones
512 2359 545 2393 Τ
674 2360 798 2394 sileam
824 2360 872 2404 et]
900 2359 970 2394 sibi
995 2360 1116 2394 amitti
1141 2360 1176 2393 Z
1304 2360 1390 2405 eius]
1418 2362 1534 2395 metus
1559 2360 1592 2394 Z
1724 2360 1766 2393 11
1792 2360 1869 2393 toto

365 2416 449 2451 orbe
474 2428 495 2452 v
589 2417 759 2451 refersum
781 2418 839 2458 Τί,
864 2427 1058 2461 respersum
1077 2431 1112 2461 μ,
1139 2417 1372 2452 reformatum
1390 2419 1432 2460 Ζ,
1459 2428 1638 2452 reuersum
1655 2428 1695 2457 v;
1722 2416 1769 2458 cf.
1789 2426 1869 2450 con-

362 2474 473 2508 sersus
498 2474 588 2508 Luc.
616 2478 649 2515 6,
667 2476 715 2509 38
737 2475 779 2509 in
797 2474 872 2509 cod.
891 2474 1008 2510 Rehd.
1030 2475 1133 2518 apud
1149 2476 1342 2516 Haasium,
1367 2475 1481 2509 farsus
1503 2475 1597 2509 Tert.
1625 2474 1748 2509 Ieiun.
1774 2475 1823 2507 12

363 2530 408 2565 12
432 2531 663 2566 conticescam
688 2543 710 2566 v
880 2532 984 2566 illum
1013 2533 1052 2573 T,
1079 2532 1165 2567 illuc
1190 2533 1225 2566 Z
1396 2533 1439 2567 13
1464 2532 1620 2576 hebraei]
1648 2530 1765 2566 ebichi
1790 2531 1825 2565 Z

363 2587 568 2622 christianis
598 2590 631 2623 T
780 2589 824 2624 14
849 2589 1119 2633 ‹nspectationis
1145 2603 1169 2634 μ
1327 2589 1440 2625 cordis
1465 2589 1597 2623 iudaici
1623 2590 1658 2623 Z
1805 2587 1866 2621 he-

362 2645 446 2679 brea
474 2646 593 2689 ΤΖίμ,
618 2646 717 2680 breui
743 2646 827 2681 Bal.
856 2657 900 2681 em
924 2657 944 2680 r
1173 2648 1216 2682 15
1241 2648 1473 2682 monitionem
1502 2648 1540 2688 T,
1567 2646 1767 2681 municione
1791 2646 1826 2680 Z

359 2705 395 2736 et
420 2702 606 2736 uictricem
632 2703 715 2737 Bal.
842 2703 993 2748 papisci]
1019 2704 1115 2748 pacis
1141 2705 1173 2738 Z
1302 2705 1346 2739 16
1371 2696 1440 2750 spii
1459 2709 1473 2739 ί
1594 2714 1700 2747 quam
1727 2703 1822 2737 ΤΖίι

364 2759 408 2793 18
431 2759 546 2793 filium
573 2759 628 2794 dei
653 2771 674 2795 v
875 2763 911 2795 et
935 2771 1000 2795 01η.
1027 2762 1061 2795 Ζ
1260 2763 1304 2797 19
1329 2762 1534 2807 designauit
1557 2760 1755 2807 postulauit
1780 2761 1821 2804 μι

366 2817 431 2851 hoc
457 2828 522 2851 om.
549 2817 581 2851 Z
688 2818 731 2851 21
758 2819 923 2853 ueritatis
948 2821 1006 2863 t¹a
1124 2822 1160 2854 et
1184 2820 1400 2855 uindicantis
1425 2831 1491 2854 om.
1518 2819 1552 2854 Z
