2032 3248
551 228 609 261 De
635 226 970 271 singularitate
995 226 1258 260 clericorum
1283 234 1310 257 c.
1340 225 1368 257 1.
1627 223 1709 266 173

210 334 455 372 uobiscum
495 345 591 371 sum
633 332 853 371 omnibus
892 333 1062 370 diebus
1102 343 1247 379 usque
1287 331 1341 368 ad
1373 327 1709 368 consummati-

210 414 341 440 onem
373 402 571 440 saeculi.
605 414 680 440 non
700 401 833 438 fiamus
856 412 944 448 ergo
967 402 1047 438 sine
1071 401 1220 438 Christo
1243 400 1281 437 in
1301 400 1371 437 hoc
1393 402 1562 446 tempore
1583 399 1710 435 trans-

209 471 333 517 itorio,
355 482 401 508 ne
423 470 503 508 sine
524 470 633 508 nobis
655 470 830 507 Christus
852 481 934 507 esse
957 469 1115 517 incipiat
1135 469 1174 506 in
1196 468 1334 507 futuro.

235 956 388 1019 XIII.
432 955 527 1019 DE
573 954 1159 1019 SINGVLARITATE
1206 953 1683 1018 CLERICORVM.

179 1301 193 1324 5
264 1273 521 1325 Promiseram
544 1287 694 1334 quidem
725 1286 832 1324 uobis
861 1287 949 1323 ante
977 1287 1126 1333 tempus
1155 1284 1374 1332 epistolam,
1404 1284 1473 1321 filii
1503 1283 1709 1331 carissimi,
1726 1289 1747 1326 1

208 1368 301 1403 quae
324 1356 488 1393 omnium
515 1367 659 1393 morum
680 1354 858 1392 instituta
880 1356 924 1392 de
956 1353 1040 1402 lege
1062 1354 1326 1391 commendans
1349 1353 1565 1391 summatim
1586 1352 1713 1390 omnia

207 1424 414 1462 contineret
436 1435 688 1471 quaecumque
723 1422 911 1460 uniuersis
947 1423 1094 1460 clericis
1135 1422 1363 1469 generaliter
1392 1423 1439 1459 ad
1476 1421 1713 1469 dirigendam

207 1492 377 1540 regulam
395 1493 610 1539 competunt
627 1491 860 1538 disciplinae.
879 1491 945 1528 sed
962 1491 1049 1538 quia
1066 1502 1163 1528 nunc
1181 1491 1405 1529 feminarum
1421 1489 1711 1528 commoratione

207 1561 418 1609 uulgariter
439 1561 536 1598 inter
558 1572 623 1599 uos
645 1560 798 1607 quidam
818 1559 1046 1607 ignominiae
1063 1559 1231 1597 deuoluti
1253 1561 1353 1605 sunt,
1377 1559 1491 1597 etiam
1512 1560 1557 1597 de
1578 1559 1650 1597 hac
1670 1570 1711 1596 re

164 1646 195 1670 10
211 1630 426 1678 specialiter
460 1630 567 1668 uobis
608 1629 758 1667 Domini
794 1628 1026 1676 correptione
1062 1628 1224 1666 scribere
1261 1629 1475 1675 compulsus
1513 1640 1614 1665 sum:
1647 1626 1712 1675 qui

207 1699 385 1737 miserum
414 1710 472 1737 me
503 1710 570 1746 pro
602 1700 729 1736 uestra
758 1697 1001 1746 neglegentia
1023 1709 1106 1735 cum
1129 1697 1332 1735 seueritate
1355 1696 1580 1734 conueniens
1602 1708 1709 1733 man-

209 1768 296 1806 dare
317 1767 528 1815 praecepit,
560 1777 606 1804 ne
641 1766 769 1804 clerici
803 1778 886 1804 cum
907 1766 1057 1803 feminis
1094 1767 1382 1804 commorentur.
1417 1766 1454 1803 et
1489 1764 1579 1803 licet
1619 1765 1712 1803 haec

209 1835 412 1874 admonitio
436 1836 516 1874 sola
536 1835 747 1873 litterarum
768 1847 934 1873 mearum
955 1835 1180 1872 auctoritate
1203 1835 1403 1879 sufficeret,
1435 1836 1561 1871 tamen
1584 1845 1628 1871 ne
1650 1845 1709 1872 me

209 1904 470 1943 somniatorem
515 1904 678 1942 inrideat
721 1905 940 1951 quisquam,
993 1904 1092 1941 sicut
1133 1904 1269 1950 Ioseph
1306 1904 1445 1941 fratres
1490 1902 1712 1949 inriserunt,

163 1973 479 2020 15SC1‘ipturalum
511 1973 682 2010 addimus
718 1972 953 2019 firmitatem,
989 1974 1032 2010 ut
1064 1984 1190 2010 omnes
1219 1973 1340 2010 sciant
1369 1973 1439 2011 hoc
1468 1973 1583 2010 etiam
1603 1972 1712 2010 modo

207 2053 273 2089 per
294 2041 562 2079 reuelationem
582 2041 781 2079 Dominum
803 2041 951 2087 iubere,
986 2041 1085 2089 quod
1106 2041 1247 2079 litteris
1265 2041 1503 2089 cognoscitur
1524 2042 1610 2078 ant-e
1631 2041 1711 2078 ius-

208 2110 322 2156 sisse,
354 2121 422 2148 nec
451 2121 518 2147 nos
547 2121 629 2148 esse
651 2110 911 2147 adulterantes
940 2110 1096 2147 uerbum
1117 2110 1267 2147 Domini
1288 2111 1353 2147 aut
1373 2110 1543 2147 uolentes
1565 2110 1711 2147 iactan-

208 2179 266 2217 ter
294 2179 338 2216 de
360 2178 654 2216 reuelationibus
677 2178 854 2226 gloriari,
892 2179 957 2216 sed
987 2178 1040 2216 sic
1062 2180 1147 2216 ante
1171 2180 1409 2225 conspectum
1432 2178 1580 2215 Domini
1609 2177 1709 2215 refe-

211 2247 323 2285 rendo
344 2258 418 2284 non
439 2247 592 2285 mentiri
613 2247 712 2295 quod
732 2247 940 2295 loquimur:
964 2247 1062 2285 sicut
1083 2259 1105 2284 a
1125 2247 1282 2285 Domino
1304 2246 1524 2284 confidimus
1546 2257 1613 2284 nos
1635 2257 1708 2283 non

300 2437 321 2471 2
346 2437 471 2471 fiamus
496 2438 592 2481 ergo]
619 2438 729 2471 simus
755 2437 876 2481 itaque
903 2437 951 2478 X,
978 2437 1101 2481 itaquo
1128 2437 1240 2470 simus
1265 2448 1295 2471 v.
1323 2456 1364 2460 —
1391 2435 1547 2480 Explicit
1573 2436 1614 2469 de
1639 2435 1711 2469 XII

212 2495 369 2528 abusiuis
396 2494 527 2528 saeculi
556 2494 597 2534 G,
631 2494 787 2537 Explicit
812 2494 862 2528 sci
894 2494 955 2528 ioh
982 2493 1215 2529 chrisostomi
1241 2504 1279 2527 ex
1305 2493 1459 2537 epistula
1483 2492 1580 2527 beati
1606 2492 1710 2527 Pauli

210 2551 362 2595 apostoli
388 2551 431 2585 ad
457 2552 651 2586 corinthios
676 2552 790 2595 prima.
815 2552 893 2594 (sic)
922 2551 970 2593 Χ,
997 2562 1062 2586 om
1098 2551 1137 2585 V.
1163 2570 1206 2575 -—

300 2608 435 2653 Incipit
459 2608 500 2642 dc
526 2609 779 2652 singularitate
812 2608 1018 2643 clericorum
1053 2608 1226 2652 (cypriani
1260 2608 1344 2642 add.
1371 2619 1465 2642 mem.
1491 2609 1575 2652 rec.)
1602 2607 1640 2643 C.
1667 2627 1709 2631 —

211 2664 232 2698 5
255 2665 486 2708 promiseram
520 2665 555 2705 C,
583 2665 766 2698 emiseram
792 2675 811 2699 v
981 2666 1002 2699 6
1028 2666 1145 2699 omnia
1171 2666 1279 2699 etiam
1304 2677 1325 2699 v
1494 2666 1516 2699 8
1540 2664 1582 2698 (16
1607 2664 1711 2698 femi-

210 2731 333 2755 narum
362 2733 380 2756 υ
579 2723 600 2756 9
626 2722 841 2766 ignominiae
868 2722 905 2763 C,
931 2722 976 2756 ad
1001 2722 1236 2766 ignominiam
1262 2722 1353 2756 coni.
1382 2722 1581 2760 Partzelc'us,
1608 2721 1711 2765 igno-

211 2779 360 2812 miniose
385 2780 475 2814 coni.
503 2780 683 2813 Erasmus
836 2779 880 2813 10
905 2779 1056 2813 scribere
1082 2790 1146 2813 om.
1179 2780 1208 2814 0
1361 2779 1403 2813 11
1429 2778 1641 2812 conueniens
1672 2777 1711 2819 C,

211 2835 401 2879 corripiens
426 2847 447 2870 v
588 2837 630 2870 13
655 2847 710 2870 me
734 2847 799 2871 om.
832 2837 861 2872 G
999 2837 1041 2871 14
1066 2836 1182 2870 rideat
1208 2836 1237 2871 C
