2032 3248
429 227 511 270 228
1059 225 1306 270 Appendix.

429 332 617 381 promissa
638 332 794 370 Christi.
827 332 974 370 nullum
1013 332 1111 370 enim
1147 332 1439 370 instrumentum
1477 331 1781 379 indubitabilius,
1823 345 1933 380 quam

430 403 530 450 quod
551 403 609 440 tot
630 404 837 449 martyrum
861 401 1044 449 sanguine
1067 401 1260 449 signatum
1283 402 1353 440 est.
1392 401 1462 439 hoc
1492 401 1668 439 nimirum
1700 402 1758 439 est
1779 401 1934 449 implere

428 471 585 510 uerbum
607 470 689 518 Dei,
712 471 782 508 hcc
804 472 861 508 est
882 469 1027 518 replere
1050 469 1303 517 euangelium.

362 539 411 576 11
489 539 561 578 Sed
582 539 733 577 interim
754 539 1004 587 grauissimus
1042 537 1147 577 dolor
1183 539 1353 577 oboritur
1375 539 1498 577 animo
1520 550 1622 585 meo,
1660 538 1808 585 dilecti,
1849 540 1937 577 dum

430 620 576 647 mecum
596 610 742 656 reputo,
765 620 847 646 cum
871 609 993 646 adhuc
1014 619 1146 646 recens
1168 607 1233 646 ille
1256 607 1401 646 Christi
1439 608 1593 656 sanguis
1624 608 1770 646 feruere
1803 608 1937 646 debeat
1952 623 1966 647 5

427 678 467 716 in
488 677 664 716 cordibus
685 677 866 723 fidelium,
889 679 967 714 tam
991 677 1128 715 multos
1150 688 1231 715 esse
1254 678 1293 714 in
1315 677 1452 725 quibus
1473 677 1622 715 refrixit
1644 677 1794 724 caritas,
1818 679 1933 724 atque

426 748 498 786 hoc
518 747 673 795 grauius
694 746 914 792 discrucior,
937 747 1035 794 quod
1057 746 1154 784 tales
1174 757 1247 784 non
1264 758 1403 794 paucos
1420 749 1592 795 pastores
1609 747 1748 785 habeat
1763 746 1934 793 ecclesia,

431 816 496 864 qui
517 828 590 854 non
612 816 734 855 solum
754 827 828 853 non
851 817 1045 863 opponunt
1067 826 1224 862 corpora
1246 827 1313 853 sua
1343 817 1528 855 aduersus
1548 816 1723 863 luporum
1744 815 1932 863 incursus,

428 897 559 923 uerum
581 884 695 923 etiam
716 884 791 932 ipsi
812 884 923 932 lupos
940 886 1078 932 agunt,
1110 884 1198 922 dum
1227 885 1394 923 mactant
1425 897 1467 923 ac
1488 885 1652 933 perdunt
1673 884 1819 923 animas
1841 884 1932 922 sim-

423 954 592 1003 plicium,
625 954 699 1002 ipsi
733 953 858 991 uentri
894 965 973 1001 suo,
1011 953 1184 1001 quaestui
1222 956 1259 992 et
1291 954 1489 992 ambitioni
1522 954 1744 999 seruientes,
1768 953 1934 1000 adeoque
1951 967 1984 991 10

426 1035 502 1061 non
523 1023 683 1070 implent
692 1023 848 1061 uerbum
865 1022 948 1068 Dei,
971 1024 1014 1060 ut
1034 1022 1130 1060 illud
1149 1024 1408 1070 cauponentur
1424 1022 1549 1070 potius
1571 1025 1609 1060 et
1630 1022 1757 1070 impiis
1779 1023 1936 1070 dogma-

426 1093 530 1130 tibus
552 1092 788 1130 adulterent:
811 1102 880 1129 nec
902 1092 1072 1140 cogitant
1093 1092 1191 1139 quod
1209 1091 1274 1129 ille
1290 1094 1483 1139 pastorum
1499 1092 1674 1139 princeps
1692 1091 1934 1130 seuerissimo

423 1161 563 1199 iudicio
585 1163 756 1209 reposcet
773 1160 947 1209 singulas
969 1172 1071 1207 oues,
1097 1172 1163 1208 pro
1186 1160 1323 1207 quibus
1339 1160 1567 1199 redimendis
1584 1147 1807 1208 sanguinem
1826 1172 1936 1198 suum
2030 1209 2032 1215 ἐ

427 1231 591 1276 fuderat,
615 1230 659 1268 de
689 1230 864 1268 manibus
886 1241 1025 1268 eorum.
1050 1231 1116 1268 sed
1145 1230 1232 1268 illos
1262 1242 1371 1268 suum
1401 1232 1529 1269 manet
1551 1230 1800 1278 supplicium:
1838 1241 1938 1268 nunc
2029 1226 2032 1277 ἦ

427 1299 565 1337 melius
587 1301 644 1337 est
667 1301 710 1337 ut
731 1299 882 1337 omissis
904 1299 1070 1347 querelis
1091 1311 1160 1337 nos
1181 1300 1347 1338 inuicem
1384 1301 1428 1337 ad
1466 1299 1627 1337 officium
1666 1300 1764 1347 quod
1786 1299 1937 1337 Christo
1954 1314 1985 1337 15

428 1369 608 1407 debemus
630 1368 883 1406 exhortemur.

376 1438 427 1475 12
487 1437 639 1485 Triplex
661 1449 684 1474 a
705 1436 856 1475 Christo
878 1437 1136 1475 testimonium
1160 1437 1394 1485 accepimus,
1431 1437 1571 1484 triplex
1594 1437 1651 1475 illi
1673 1437 1937 1476 testimonium

426 1507 627 1545 reddamus
672 1507 832 1554 oportet.
876 1506 1089 1544 rudimenta
1125 1506 1289 1544 fideliter
1324 1507 1518 1545 tradamus
1558 1506 1809 1554 baptizandis,
1851 1518 1937 1555 per-

423 1576 583 1614 fectiora
602 1576 819 1624 baptizatis.
859 1576 1121 1614 confirmemus
1155 1577 1241 1615 illos
1264 1577 1452 1615 fructibus
1483 1576 1640 1625 spiritus
1662 1577 1710 1614 ad
1730 1576 1934 1615 caelestem

422 1644 544 1684 uitam
565 1647 826 1693 prouocantes,
855 1648 892 1683 et
914 1646 947 1684 si
968 1656 1029 1684 res
1050 1647 1239 1694 postulet,
1270 1646 1433 1684 libenter
1454 1646 1568 1684 etiam
1589 1646 1708 1684 uitam
1729 1645 1929 1684 commisso
1947 1659 1981 1684 ρει

417 1713 527 1752 nobis
548 1714 656 1762 gregi
678 1714 942 1762 impendamus
963 1717 1168 1764 nostraque
1191 1717 1311 1754 morte
1334 1715 1503 1754 uicissim
1525 1715 1644 1753 Deum
1666 1714 1932 1753 clarificemus

420 1784 459 1821 et
478 1794 525 1821 ne
549 1783 608 1822 cui
629 1783 805 1821 uideatur
829 1784 966 1822 mirum
988 1786 1108 1822 morte
1130 1785 1324 1823 hominum
1347 1785 1552 1833 glorificari
1573 1785 1705 1831 Deum,
1731 1785 1818 1822 audi
1840 1784 1929 1822 bea—

414 1852 496 1890 tum
518 1852 698 1891 Ioannem
719 1853 758 1891 in
780 1853 978 1902 euangelio
1002 1854 1045 1891 de
1067 1854 1195 1901 Petro,
1226 1854 1285 1892 cui
1307 1854 1491 1892 Dominus
1512 1854 1753 1902 praedixerat
1774 1853 1853 1891 fore
1887 1855 1929 1890 ut

415 1921 480 1959 ubi
502 1921 702 1968 senuisset,
725 1922 772 1959 ab
794 1922 868 1961 alio
891 1922 1108 1970 cingeretur
1130 1924 1167 1960 et
1189 1924 1388 1962 duceretur
1420 1935 1491 1971 quo
1523 1923 1652 1974 nollet,
1686 1923 1739 1960 ita
1771 1923 1929 1969 loquen-

416 1991 516 2028 tem:
559 1990 865 2038 significans
897 2003 986 2039 qua
1016 1993 1167 2030 morte
1199 1994 1334 2030 esset
1366 1992 1755 2040 glorificaturus
1773 1991 1927 2029 Deum.
1946 2004 1976 2028 25

422 2061 608 2108 quotquot
628 2059 747 2107 igitur
775 2060 823 2098 ab
855 2060 943 2098 orbe
981 2061 1130 2098 condito
1160 2063 1315 2109 propter
1336 2061 1468 2107 Deum,
1499 2063 1654 2109 propter
1675 2060 1861 2099 iustitiam
1886 2071 1929 2097 ac

416 2128 600 2176 pietatem
621 2129 761 2167 mortui
783 2130 883 2176 sunt,
906 2131 1025 2168 morte
1044 2141 1112 2167 sua
1128 2130 1437 2177 glorificauerunt
1453 2130 1585 2169 Deum.
1609 2142 1696 2168 nam
1718 2129 1925 2177 eleemosy—

414 2209 484 2236 nas
505 2197 646 2236 ieiunia
677 2198 914 2246 precationes
948 2197 1098 2246 aliaque
1119 2199 1276 2247 pietatis
1298 2199 1589 2238 exercitamenta
1611 2198 1791 2237 simulant
1812 2199 1925 2237 etiam

414 2266 655 2315 hypocritae:
677 2268 836 2306 mortem
857 2279 965 2306 nemo
989 2267 1155 2315 suscepit
1178 2268 1375 2315 alacriter,
1398 2268 1472 2306 nisi
1494 2268 1557 2316 qui
1579 2269 1679 2306 certo
1701 2279 1923 2315 persuasum
2014 2314 2016 2323 λ

418 2335 588 2382 haberet,
620 2336 717 2373 nihil
734 2336 884 2374 aduersi
905 2347 1015 2384 posse
1036 2337 1205 2375 accidere
1228 2337 1276 2374 iis
1299 2337 1363 2385 qui
1384 2338 1593 2385 persistunt
1614 2337 1650 2374 in
1670 2337 1828 2374 caritate
1843 2335 1924 2374 Dei.
1942 2353 1975 2377 so
2011 2353 2017 2380 ι

348 2408 400 2444 13
472 2404 604 2452 Neque
626 2406 752 2443 tamen
770 2405 899 2442 statim
916 2407 1061 2453 martyr
1077 2407 1136 2443 est
1155 2406 1218 2453 qui
1237 2406 1432 2453 occiditur,
1451 2406 1671 2444 occiduntur
1689 2408 1727 2443 et
1744 2405 1870 2443 sicarii
1888 2408 1927 2442 et

413 2473 581 2521 piratae:
598 2485 671 2512 non
689 2474 918 2522 supplicium
934 2474 1028 2512 facit
1045 2476 1250 2523 martyrem
1273 2476 1338 2513 sed
1360 2487 1484 2513 causa.
1505 2476 1602 2523 quod
1619 2475 1651 2512 si
1663 2475 1727 2523 qui
1747 2476 1925 2522 leguntur

415 2542 489 2579 sibi
505 2542 654 2581 fortiter
670 2542 901 2581 consciuisse
918 2554 1058 2590 necem,
1081 2546 1147 2581 aut
1168 2544 1369 2582 infirmitas
1387 2546 1466 2582 erat
1478 2546 1597 2582 morte
1615 2555 1800 2591 quaerens
1819 2543 1923 2580 dolo-

414 2623 497 2649 rum
513 2611 623 2649 finem
641 2614 708 2650 aut
725 2612 881 2651 ambitio
898 2614 964 2650 aut
985 2613 1186 2652 dementia.
1209 2624 1279 2652 nec
1300 2613 1370 2652 hoc
1391 2614 1450 2651 est
1465 2613 1725 2651 testimonium
1743 2612 1923 2659 praebere

411 2680 492 2718 Deo
514 2679 551 2716 id
573 2679 696 2718 facere
726 2681 824 2728 quod
847 2682 884 2719 et
906 2680 983 2719 Deo
1006 2681 1183 2729 displicet
1221 2684 1259 2719 et
1295 2681 1465 2729 gentium
1488 2681 1600 2719 etiam
1624 2681 1772 2728 legibus
1793 2681 1922 2727 prohi-
1940 2696 1975 2719 35
2005 2692 2010 2724 ε

2005 2744 2008 2764 l

2015 2176 2019 2197 i

2015 2199 2019 2228 ἕ

511 2854 555 2887 25
581 2854 630 2888 lo.
658 2855 712 2889 21⁴
740 2855 792 2889 19.
