2032 3248
792 232 1007 265 Carmina.
1561 237 1644 279 285

397 337 638 384 Heredesqne
661 338 744 382 mei,
768 338 892 375 uarios
916 339 1103 384 decerpite
1128 339 1284 385 fructus,

398 406 496 450 Quos
518 417 668 443 nemora
690 408 726 444 et
748 407 879 453 pingui
902 408 1062 444 reddunt
1084 408 1128 444 de
1151 409 1290 455 cespite
1317 409 1450 456 campi.

314 474 367 511 50
456 475 558 512 Haeo
582 475 645 511 ubi
668 475 860 521 disseruit,
884 475 984 513 laeta
1006 476 1203 523 paradisus
1226 476 1264 513 in
1287 478 1372 514 aula

398 544 606 580 Instruitur
628 544 812 591 primique
835 547 1007 591 aspectat
1029 546 1171 582 lumina
1193 546 1297 583 solis.

400 611 577 658 Gignitur
599 614 692 649 haec
714 613 812 650 inter
834 614 954 660 pomis
977 614 1159 651 letalibus
1182 615 1305 660 arbos,

400 680 646 718 Coniunctum
669 692 854 728 generans
878 682 978 719 uitae
999 683 1203 730 mortisque
1228 695 1411 729 saporem.

397 749 566 786 Aedibus
589 750 627 787 iu
645 750 777 787 mediis
800 762 891 797 puro
915 751 998 788 fluit
1019 752 1168 799 agmine
1189 752 1339 797 flumen,

315 818 366 854 55
400 818 505 863 Quod
527 819 627 865 rigat
650 819 819 866 insignes
841 819 998 867 liquidis
1021 821 1065 857 de
1089 820 1264 857 fluctibus
1287 822 1391 858 ortus

397 888 707 935 Quadrifidosque
730 891 833 926 secat
854 890 1020 927 undante
1043 901 1088 926 ex
1108 890 1212 928 fonte
1235 892 1392 927 meatus.

394 956 509 993 Fison
531 957 705 994 auriferis
727 958 923 1004 praediues
945 958 1102 995 fluctuat
1124 959 1234 996 undis

397 1024 698 1073 Conspicuasque
720 1027 810 1063 terit
831 1038 941 1064 rauco
964 1028 1008 1064 de
1029 1027 1179 1075 gurgite
1201 1038 1390 1074 gemmas:

397 1093 579 1130 Prasinus
601 1095 689 1132 huic
710 1106 861 1142 nomeu,
881 1095 940 1132 illi
962 1098 1020 1132 est
1042 1096 1291 1133 carbunculus
1312 1096 1461 1142 ardens,

312 1162 364 1199 60
396 1163 696 1210 Perspicuusque
719 1165 824 1201 uadis
847 1166 986 1201 terram
1007 1164 1234 1211 praelambit
1256 1165 1397 1202 Euilat.

396 1233 487 1270 Post
509 1234 606 1270 hunc
628 1233 837 1280 Aethiopas
860 1232 983 1271 Gaeon
1004 1234 1184 1280 adlapsus
1207 1234 1359 1281 opimat.

397 1301 547 1339 Tertius
569 1303 627 1339 est
649 1302 786 1349 Tigris,
819 1302 968 1339 Eufrati
990 1303 1191 1340 adiunctus
1213 1314 1382 1348 amoeno,

397 1370 593 1418 Assyriam
614 1370 726 1408 celeri
749 1371 943 1409 discretim
964 1372 1116 1409 flumine
1141 1372 1305 1408 sulcans.

397 1439 470 1476 Hie
491 1440 638 1485 positus
662 1441 786 1478 eustos
808 1440 976 1477 Adamus
1000 1452 1082 1477 euni
1105 1440 1261 1487 coniuge
1283 1439 1358 1476 fida

316 1507 366 1545 65
398 1508 524 1554 Atque
547 1508 670 1555 opifex
692 1508 763 1545 tali
785 1508 967 1546 formatur
988 1520 1077 1546 uoce
1100 1508 1288 1545 tonantis:

400 1576 457 1614 Ne
480 1577 667 1624 trepidate
690 1577 802 1614 simul
824 1577 949 1615 licitos
970 1587 1216 1623 praecerpere
1240 1576 1400 1622 fruetus,

400 1645 497 1689 Quos
520 1656 648 1683 nemus
671 1646 863 1683 intonsum
883 1657 986 1683 ramo
1008 1646 1205 1683 frondente
1228 1645 1383 1691 creauit,

395 1713 555 1751 Solliciti
579 1726 624 1752 ue
647 1715 745 1752 forte
767 1714 907 1752 malum
929 1715 1062 1752 noxale
1084 1714 1234 1761 legatis,

399 1783 504 1827 Quod
526 1783 624 1821 uiret
647 1795 690 1820 ex
711 1784 860 1831 gemino
883 1784 1045 1821 discreta
1066 1785 1113 1821 ad
1135 1784 1262 1820 munia
1284 1795 1384 1822 suco.

317 1851 370 1888 70
401 1851 480 1888 Nec
501 1851 624 1889 minus
647 1852 790 1890 interea
811 1863 940 1890 caecos
962 1864 1034 1890 nox
1055 1853 1133 1889 alta
1154 1853 1307 1890 tenebat

401 1920 455 1957 Ac
477 1921 584 1958 modo
606 1921 786 1959 formatos
809 1922 926 1959 uestis
948 1932 1016 1959 nec
1037 1923 1183 1959 texerat
1205 1923 1324 1958 artus.

459 1989 539 2026 Has
561 1990 659 2027 inter
680 1991 785 2027 sedes
807 1991 844 2027 et
865 1990 990 2027 baccis
1011 1990 1166 2027 mitibus
1189 1992 1306 2036 ortus,

401 2058 582 2105 Spumeus
605 2061 730 2096 astuto
752 2059 908 2096 uincens
931 2059 1109 2096 animalia
1131 2070 1257 2104 sensu,

401 2127 581 2173 Serpebat
603 2127 718 2165 tacite
742 2128 854 2175 spiris
876 2128 1103 2175 frigentibus
1126 2127 1273 2174 anguis,

318 2195 370 2231 75
403 2196 538 2233 Liuida
559 2196 724 2234 mordaci
746 2198 904 2234 uoluens
926 2197 1123 2234 mendacia
1145 2208 1272 2242 sensu,

400 2264 574 2302 Femineo
597 2267 757 2312 temptat
774 2266 843 2303 sub
866 2268 1015 2313 pectore
1038 2265 1167 2303 mollia
1188 2265 1319 2303 corda:

399 2333 469 2370 Die
491 2334 582 2370 mihi
606 2345 672 2370 cur
693 2336 838 2372 metuas
862 2334 986 2372 felicia
1007 2335 1177 2382 germina
1199 2333 1316 2371 mali?

404 2402 596 2449 Numquid
613 2414 723 2448 poma
745 2403 846 2441 Deus
869 2415 942 2441 non
963 2403 1086 2441 omnia
1107 2405 1196 2440 nota
1214 2401 1407 2439 sacrauit?

398 2470 428 2506 E
452 2470 535 2518 quis
559 2471 590 2507 si
613 2472 766 2509 studeas
787 2472 953 2509 mellitos
976 2483 1128 2519 carpere
1152 2472 1288 2515 uictus,

241 2670 285 2704 49
311 2662 413 2705 reddt
439 2671 474 2705 R
500 2672 662 2709 (reddent
689 2673 763 2706 eins
788 2674 1004 2716 scripturam
1023 2674 1118 2714 salso
1135 2674 1294 2716 perhibet
1314 2673 1411 2713 Bal.)
1506 2672 1647 2705 5511οῐ-

151 2727 208 2760 tos
233 2728 320 2770 fort.
460 2729 502 2763 57
530 2729 627 2772 fyson
655 2730 690 2764 R
827 2732 870 2763 55)
896 2722 1056 2773 prasinus
1083 2731 1118 2765 R
1255 2732 1299 2763 ‹3⁴›
1323 2730 1450 2763 ‹suilaiu
1480 2730 1524 2769 R,
1551 2728 1648 2762 heui-

154 2783 232 2817 lath
256 2795 276 2818 υ
441 2787 482 2820 61
510 2787 670 2829 ethiopas
696 2798 786 2829 geon
812 2788 857 2826 R,
883 2788 975 2822 aeth.
1003 2788 1109 2823 gihon
1137 2800 1155 2821 π,-
1325 2788 1368 2821 ⁴32
1394 2786 1556 2830 euphrati
1583 2797 1604 2820 v

154 2840 197 2874 76
220 2843 360 2885 pectora
385 2843 420 2877 R
