2032 3248
569 240 622 271 11⁴*
646 238 816 281 duplici
844 238 1067 280 martyri«-
1096 251 1119 270 c.
1148 238 1245 270 5—«7.
1575 240 1658 280 225

155 345 320 392 eorporis
363 345 516 391 sanguis
559 348 594 381 et
637 355 732 391 aqua
774 344 943 390 profluit,
990 348 1028 380 ut
1069 343 1325 381 absolueretur
1367 344 1501 391 triplex
1545 344 1654 380 testi-

156 415 329 451 monium.
397 415 517 449 tetum
568 412 699 448 effudit
760 412 933 459 spiritum
990 415 1029 449 ut
1086 424 1150 449 nos
1207 413 1492 459 respiraremus:
1547 414 1658 459 quid-

155 483 243 530 quid
281 485 361 520 erat
399 482 563 518 humoris
602 481 711 527 aquei
750 481 953 528 reliquum.
996 482 1181 528 expressit
1217 485 1258 518 ut
1289 493 1354 518 nos
1395 482 1653 519 ablueremur:

154 551 336 600 quidquid
378 551 568 587 resederat
611 550 647 586 in
690 551 799 587 corde
842 550 1058 597 sanguinis,
1103 550 1227 587 emisit
1268 555 1308 587 ut
1350 562 1416 588 nos
1458 534 1656 587 confirma-

127 630 290 658 5remur.
342 621 454 666 atque
500 619 597 656 haud
643 619 717 656 seio
766 630 812 655 an
862 630 1056 665 perperam
1115 618 1249 656 faciam
1300 620 1391 656 haee
1439 620 1512 656 tria
1562 620 1660 656 inter

155 700 193 726 se
229 688 438 734 conferens,
482 699 562 725 cum
596 687 671 723 siut
715 699 826 723 unum
858 699 931 724 non
974 690 1108 725 natura
1140 688 1205 725 sed
1239 688 1275 724 in
1306 688 1498 735 mysterio.
1534 688 1659 735 siqua

155 759 280 795 tamen
302 762 359 794 est
382 757 572 804 discretio,
604 757 757 803 sanguis
780 757 816 793 in
840 757 1141 794 testimoniorum
1174 757 1317 794 ratione
1340 757 1574 804 potissimum
1598 769 1657 794 ee-

157 826 337 871 lebratur,
370 826 468 873 quod
490 826 528 862 iu
551 827 620 863 hoe
653 825 840 872 scriptura
862 828 1028 862 testatur
1061 837 1142 863 esse
1166 826 1282 863 uitam
1304 826 1521 871 animantis,
1555 829 1592 862 et
1614 826 1660 863 ob

158 895 238 932 ida
259 894 352 932 cibis
385 894 678 932 submonebatur
708 893 830 932 edicto
860 894 978 941 legis:
1012 897 1206 941 praeterea
1236 894 1358 941 magis
1387 896 1445 930 est
1469 894 1660 941 expositus

113 964 348 1001 10homi11u1n
371 962 488 1000 oeulis
512 963 665 1010 sanguis
689 975 800 1009 quam
824 963 982 1009 spiritus
1005 966 1069 1000 aut
1091 976 1198 1010 aqua.

216 1033 305 1070 Vita
337 1032 500 1073 Domini.
534 1033 597 1079 qui
629 1044 795 1070 summus
828 1032 901 1070 fuit
933 1035 1074 1080 martyr
1106 1035 1242 1080 quique
1265 1034 1302 1070 et
1324 1033 1432 1070 hodie
1457 1035 1599 1080 pugnat
1621 1033 1695 1069 et?

158 1101 274 1139 uincit
305 1101 341 1138 in
379 1100 627 1149 martyribus,
664 1101 836 1148 plurimis
870 1101 942 1138 fuit
973 1101 1209 1139 offendiculo.
1243 1113 1315 1139 non
1347 1101 1420 1138 iam
1452 1101 1581 1148 loquor
1615 1102 1658 1138 de

157 1170 373 1207 Pharisaeis
417 1172 454 1207 et
493 1169 638 1215 scribis,
675 1170 766 1216 ipsis
803 1170 915 1207 etiam
953 1171 1123 1217 cognatis
1145 1182 1187 1207 ae
1225 1170 1408 1207 fratribus
1443 1170 1514 1207 fuit
1556 1171 1659 1207 dete-

158 1239 321 1284 stabilis,
355 1250 437 1276 cum
460 1238 626 1276 dicerent
649 1238 753 1275 illum
776 1239 813 1275 in
852 1241 1013 1276 furorem
1045 1251 1212 1276 uersum:
1247 1240 1311 1276 sed
1339 1251 1440 1276 mors
1465 1239 1567 1276 illius
1590 1251 1662 1276 non

114 1320 143 1344 15
159 1307 279 1346 solum
302 1307 386 1354 piis,
423 1308 487 1344 sed
511 1307 635 1354 impiis
658 1308 774 1345 etiam
796 1307 868 1345 suit
891 1307 1140 1353 admirabilis,
1172 1291 1249 1345 nec¹
1271 1307 1364 1344 alibi
1385 1308 1505 1355 magis
1529 1319 1657 1345 uerum

158 1376 231 1413 fuit
267 1377 365 1423 quod
402 1376 469 1413 Dei
503 1377 663 1413 uirtus
697 1376 743 1413 in
776 1376 1079 1414 infirmitate
1120 1377 1396 1422 perficitur.
1450 1377 1500 1413 ibi
1542 1377 1662 1414 fracta

160 1450 218 1483 est
253 1448 405 1482 satanae
438 1446 622 1492 tyrannis.
648 1445 697 1481 ibi
732 1446 870 1482 deuicti
894 1449 983 1482 sunt
1004 1446 1129 1493 inferi,
1166 1446 1218 1482 ibi
1241 1445 1514 1492 triumphatum
1537 1448 1594 1482 est
1616 1446 1660 1482 de

163 1514 323 1559 diabolo,
364 1514 415 1550 ibi
438 1514 604 1551 deiectus
627 1525 747 1559 oreus,
789 1515 933 1551 eaelum
956 1521 1138 1561 apertum.
1172 1515 1347 1551 nimirum
1370 1515 1439 1551 hoe
1460 1516 1541 1551 erat
1563 1516 1659 1561 quod

163 1583 328 1619 instante
352 1583 482 1619 mortis
511 1586 677 1630 tempore
701 1584 972 1629 deprecabatur
994 1583 1196 1620 Dominus:
1230 1585 1394 1630 pater,
1428 1583 1663 1620 clarifica

115 1651 323 1689 20filium
372 1654 523 1698 tuum,
573 1655 622 1689 ut
669 1652 811 1689 filius
852 1656 964 1689 tuus
1004 1652 1258 1689 clarificet
1288 1655 1348 1689 te.
1402 1651 1488 1699 quid
1514 1651 1660 1690 bomine

160 1724 304 1758 mortuo
341 1721 598 1759 contemtius?
633 1722 718 1768 quis
753 1721 851 1758 enim
875 1721 933 1757 uel
958 1722 1154 1759 Caesarem
1176 1723 1362 1758 mortuum
1386 1721 1559 1758 metuat?
1592 1721 1655 1758 sed

159 1789 299 1827 Christi
337 1793 455 1826 morte
494 1790 583 1836 quid
621 1789 839 1826 efficacius?
880 1790 1002 1827 uelum
1040 1790 1171 1836 templi
1209 1790 1369 1827 scissum
1392 1791 1448 1826 est
1470 1801 1491 1826 a
1513 1800 1656 1827 summo

159 1870 274 1905 usque
306 1859 353 1895 ad
384 1859 510 1896 imum.
549 1866 649 1895 terra
670 1870 852 1896 concussa
874 1861 943 1899 est,
983 1871 1074 1896 saxa
1095 1859 1255 1896 discissa
1276 1861 1377 1905 sunt,
1415 1860 1546 1905 aperta
1567 1861 1655 1895 sunt

158 1930 410 1967 monumenta.
452 1928 665 1964 reuixerunt
702 1928 933 1975 sepultorum
971 1939 1138 1974 corpora,
1179 1928 1235 1965 sol
1272 1927 1393 1964 medio
1423 1928 1482 1964 die
1513 1928 1655 1965 obtexit

116 1996 293 2033 25fassi01n
317 2009 433 2034 suam.
458 2008 660 2043 numquam
682 2008 748 2043 per
769 2008 916 2034 omnem
936 1997 1053 2034 uitam
1075 1997 1197 2044 magis
1221 1996 1428 2034 deelarauit
1452 1997 1659 2043 potentiam

160 2076 284 2102 suam:
320 2078 401 2102 mox
441 2066 614 2102 refractis
651 2067 825 2103 omuibus
864 2067 993 2103 mortis
1033 2066 1224 2113 repagulis
1248 2066 1375 2103 uiuum
1398 2078 1436 2103 se
1459 2066 1656 2111 discipulis

158 2134 339 2172 exhibuit.
375 2134 550 2170 nimirum
587 2135 656 2171 hoc
694 2138 750 2172 est
788 2135 917 2172 efficax
956 2135 1049 2172 illud
1071 2135 1301 2173 sacrosancti
1323 2134 1520 2181 sanguinis
1543 2135 1655 2171 testi-

158 2203 333 2247 monium,
358 2203 421 2250 qui
445 2203 546 2240 solus
570 2203 692 2249 potuit
710 2204 885 2241 dirimere
904 2204 1116 2247 maceriam,
1141 2215 1235 2250 quae
1253 2203 1371 2239 Deum
1393 2203 1439 2240 ab
1462 2203 1652 2239 hominum

158 2282 291 2317 genere
330 2272 551 2318 separabat:
595 2272 697 2308 solus
736 2273 858 2319 potuit
893 2273 1001 2310 unica
1031 2272 1147 2309 litura
1170 2272 1293 2309 delere
1316 2273 1436 2309 totum
1458 2271 1553 2308 illud
1575 2272 1654 2308 ehi-

114 2352 145 2376 30
160 2341 385 2385 rographum
423 2342 518 2387 quod
557 2343 637 2378 erat
674 2343 804 2378 contra
838 2353 918 2386 nos,
957 2345 995 2378 et
1017 2343 1170 2378 satanae
1193 2341 1230 2377 in
1254 2352 1318 2377 nes
1342 2341 1398 2377 ius
1423 2340 1654 2377 uiudicabat.

158 2419 273 2455 neque
297 2409 392 2445 euim
417 2410 571 2456 sanguis
594 2409 780 2446 hircorum
803 2413 866 2447 aut
890 2410 1092 2448 uitulorum
1116 2410 1240 2456 potuit
1270 2410 1418 2446 abolere
1439 2411 1654 2456 peccatum:

158 2478 307 2514 umbrae
345 2480 448 2514 erant
490 2479 555 2515 illa.
592 2482 628 2514 et
664 2479 743 2525 typi
781 2479 1005 2516 futurorum.
1050 2492 1114 2516 nec
1152 2479 1265 2516 ullius
1302 2478 1463 2516 hominis
1500 2479 1655 2525 sanguis

158 2544 303 2591 pbterat
342 2546 473 2583 tollere
511 2551 702 2593 peccatum
736 2548 863 2584 mundi
895 2550 1045 2594 praeter
1078 2549 1176 2585 unici
1198 2548 1300 2584 illius
1322 2547 1410 2594 agni
1432 2547 1652 2594 sanguinem

159 2613 215 2650 cui
246 2614 411 2660 baptista
449 2615 582 2652 'tribuit
611 2616 867 2652 testimonium
898 2616 1045 2654 dicens:
1079 2628 1186 2654 ecce
1219 2627 1370 2663 agnus
1405 2615 1504 2659 Dei,
1554 2627 1660 2653 eece

116 2682 234 2727 anqui
267 2683 407 2719 tollit
442 2687 637 2729 peccata
668 2685 839 2721 mundi.

253 2852 290 2883 le
318 2852 352 2884 ll
382 2853 456 2885 (Ὧι.
489 2854 537 2885 12.
563 2853 593 2885 (Α.
739 2853 777 2885 19
804 2852 852 2885 lo.
887 2853 934 2887 17«
966 2855 991 2885 1.
1134 2854 1175 2886 34
1203 2853 1249 2887 Io.
1280 2855 1308 2892 1,
1334 2855 1386 2887 29.
1415 2855 1467 2886 34».

296 2922 341 2948 ιιι
370 2923 391 2949 Α
1334 2917 1381 2951 15
