2032 3248
552 235 611 267 De
635 232 963 276 rebaptismate
997 243 1024 265 c.
1052 232 1194 265 15—16.
1569 233 1623 272 89

127 343 300 390 indignos
332 352 476 388 quoque
509 340 567 377 sui
595 350 874 385 nonnumquam
905 337 1117 374 inueniatur
1139 347 1235 381 esse,
1258 348 1331 373 non
1355 336 1483 382 utique
1507 336 1624 373 otiose

125 422 192 448 nec
222 411 302 447 sine
333 410 491 455 ratione,
530 410 594 446 sed
626 407 860 446 necessariae
891 406 1050 444 alicuius
1081 405 1310 452 operationis
1332 404 1475 452 gratia:
1514 403 1623 440 sicuti

125 490 237 526 super
259 479 347 516 Saul
379 478 471 524 fuit,
509 489 620 523 super
642 488 751 523 quem
773 476 895 513 factus
918 478 975 512 est
997 474 1153 521 spiritus
1189 474 1258 510 Dei
1303 475 1339 511 et
1369 472 1622 520 prophetanit,

124 560 349 595 quamquam
381 546 586 593 posteriore
615 547 781 591 tempore
811 546 1007 591 postquam
1037 543 1192 580 recessit
1221 543 1268 579 ab
1298 553 1338 579 eo
1369 541 1524 588 spiritus
1546 541 1622 578 Do-

96 631 109 654 5
124 616 215 653 mini
237 618 274 653 et
295 618 496 663 postquam
518 614 681 661 angebat
704 624 787 650 eum
810 612 965 659 spiritus
995 611 1185 658 malignus
1206 623 1228 648 a
1249 611 1418 656 Domino,
1450 610 1623 657 quoniam

123 687 212 722 tunc
241 685 287 722 ad
317 686 386 722 hoc
416 686 628 731 postremus
661 684 816 720 uenerat
838 683 923 728 post
944 681 1096 718 nuntios
1118 692 1211 727 quos
1232 681 1320 717 ante
1342 679 1492 716 assidue
1514 689 1624 726 prae—

123 754 280 791 miserat
310 756 351 790 ut
381 752 608 791 interficeret
637 751 779 797 Dauid,
817 751 881 798 qui
911 750 1046 788 idcirco
1070 749 1281 787 inciderunt
1302 750 1340 785 in
1363 749 1515 786 chorum
1537 760 1626 795 pro-

123 823 322 870 phetarum
351 824 388 859 et
418 822 751 868 prophetauerunt‚
781 831 826 857 ne
857 819 894 856 id
924 819 1022 866 quod
1051 818 1145 855 iussi
1167 818 1316 855 fuerant
1338 817 1514 865 perficere
1536 829 1623 863 pos-

124 894 209 928 sent
230 892 295 928 aut
317 890 471 928 uellent.
495 889 593 937 quod
616 888 828 926 admirabili
850 888 993 925 ratione
1015 899 1082 934 per
1103 887 1334 924 uoluntatem
1357 886 1425 922 Dei
1449 885 1622 932 spiritum

79 972 111 997 10
125 960 188 1008 qui
210 970 322 1007 super
344 959 430 996 illos
466 969 595 996 omnes
617 957 690 994 fuit
725 957 910 994 credimus
932 958 1127 1003 operatum
1157 966 1249 993 esse.
1289 955 1353 1002 qui
1374 954 1529 1001 spiritus
1552 954 1623 991 im-

122 1028 242 1076 pleuit
278 1028 391 1066 etiam
419 1028 598 1065 Ioannem
633 1026 840 1073 baptistam
869 1025 990 1062 adhuc
1019 1025 1065 1062 ab
1087 1026 1192 1061 utero
1214 1023 1347 1061 matris
1369 1034 1469 1071 suae,
1507 1024 1545 1061 et
1566 1024 1626 1060 in-

123 1098 251 1135 cubuit
274 1108 385 1144 super
406 1108 469 1134 eos
491 1095 555 1143 qui
577 1107 659 1133 cum
677 1094 847 1132 Cornelio
869 1093 1085 1131 centurione
1107 1095 1213 1130 erant
1235 1093 1340 1140 prius
1363 1104 1475 1140 quam
1496 1092 1624 1139 bapti-

123 1169 297 1204 zarentur
332 1178 442 1213 aqua.
480 1166 534 1203 ita
571 1165 657 1202 dum
694 1164 868 1202 cohaeret
895 1162 1115 1210 baptismati
1145 1161 1337 1199 hominum
1374 1161 1531 1208 spiritus
1561 1162 1627 1198 aut

126 1235 316 1272 antecedit
338 1237 403 1271 aut
438 1234 608 1280 sequitur
639 1233 699 1271 uel
722 1234 893 1270 cessante
922 1231 1149 1278 baptismate
1171 1242 1289 1278 aquae
1312 1230 1493 1268 incumbit
1515 1241 1627 1277 super

79 1313 108 1337 15
125 1315 187 1341 eos
209 1303 272 1350 qui
295 1303 460 1349 credunt,
484 1303 548 1339 dat
570 1302 679 1338 nobis
702 1300 900 1338 consilium
922 1301 1019 1347 quod
1041 1301 1105 1337 aut
1123 1311 1167 1337 ex
1187 1300 1334 1346 integro
1351 1299 1422 1336 rite
1439 1298 1627 1346 baptisma

125 1383 274 1411 seruare
296 1374 360 1409 aut
383 1372 479 1409 forte
502 1372 588 1408 dato
611 1383 632 1407 a
655 1381 886 1417 quocumque
910 1369 947 1406 in
969 1369 1116 1406 1101111110
1134 1369 1220 1405 Iesu
1238 1367 1376 1405 Christi
1400 1367 1627 1414 baptismate

126 1441 301 1488 supplere
339 1441 376 1478 id
413 1441 628 1485 debeamus,
666 1439 854 1477 custodita
889 1438 1050 1476 nominis
1087 1438 1173 1476 Iesu
1208 1437 1362 1482 Christi,
1400 1437 1511 1474 sicuti
1545 1437 1626 1484 ple-

125 1510 279 1547 nissime
302 1510 554 1556 exposuimus,
579 1508 820 1546 sanctissima
836 1507 1085 1552 inuocatione⁷
1108 1507 1296 1544 custodita
1316 1510 1509 1554 praeterea
1530 1506 1628 1543 tanti

124 1578 305 1625 temporis
335 1579 392 1615 tot
413 1578 580 1615 uirorum
601 1577 816 1614 ueneranda
837 1576 946 1613 nobis
968 1576 1237 1614 consuetudine
1260 1578 1296 1613 et
1318 1575 1553 1613 auctoritate.

79 1657 111 1683 20
183 1646 365 1692 Quoniam
401 1648 526 1684 autem
554 1645 675 1693 prima
703 1657 791 1692 pars
821 1644 1089 1692 disputationis
1121 1645 1233 1682 huius
1256 1644 1405 1682 uidetur
1426 1644 1625 1690 explicata,
1642 1646 1694 1682 16

124 1716 235 1754 etiam
274 1717 492 1762 sequentem
528 1714 608 1752 eius
644 1715 797 1760 propter
832 1714 1042 1751 haereticos
1078 1713 1255 1751 debemus
1293 1713 1500 1760 attingere,
1539 1712 1628 1759 quia

124 1796 303 1832 perquam
341 1782 594 1821 necessarium
622 1784 680 1820 est
708 1793 791 1819 eum
827 1784 1030 1819 tractatum
1058 1782 1122 1829 qui
1145 1782 1260 1819 semel
1283 1782 1320 1818 111
1341 1793 1472 1819 manus
1494 1781 1628 1818 incidit

125 1864 198 1890 11011
228 1852 444 1899 praeterire,
482 1862 527 1888 ne
550 1852 646 1889 forte
669 1862 730 1888 eos
753 1850 816 1897 qui
840 1852 927 1887 suut
949 1849 1198 1897 simpliciores
1219 1862 1262 1887 ex
1285 1849 1467 1887 fratribus
1490 1849 1627 1896 aliquis

124 1920 397 1958 haereticorum
434 1920 602 1958 uersutia
632 1931 699 1956 sua
734 1920 871 1956 audeat
900 1920 1100 1956 attentare.
1134 1930 1219 1955 nam
1241 1918 1329 1966 quia
1350 1919 1509 1955 Ioannes
1533 1918 1628 1955 dixit

79 2004 110 2029 ‘25
124 2001 191 2027 nos
214 1990 459 2036 baptizandos
482 1999 562 2025 esse
586 1988 624 2024 111
646 1988 781 2034 spiritu
804 1989 930 2025 sancto
949 1989 984 2025 et
1006 1987 1098 2034 igni,
1121 1998 1162 2024 eo
1180 1988 1277 2034 quod
1294 1987 1483 2024 addiderit
1500 1987 1627 2025 dicens

126 2062 170 2096 et
207 2058 321 2104 igni,
359 2057 497 2094 idcirco
535 2056 686 2103 quidam
723 2057 911 2103 desperati
942 2056 1109 2093 homines
1139 2055 1219 2093 ausi
1251 2058 1338 2093 sunt
1362 2066 1628 2103 usquequaque

127 2127 354 2174 prauitatem
391 2137 496 2162 suam
526 2125 715 2171 porrigere
755 2127 791 2161 et
820 2127 1018 2171 propterea
1048 2125 1216 2161 homines
1250 2124 1483 2161 nasutissimi
1513 2136 1627 2171 quae-

127 2201 214 2232 runt
237 2194 416 2241 quomodo
439 2193 653 2231 sanctitatis
676 2194 863 2240 baptisma
886 2194 938 2231 ita
960 2195 1201 2240 corrumpant
1223 2206 1265 2230 ac
1288 2194 1429 2231 uioleut
1453 2196 1493 2230 ut
1515 2193 1628 2230 etiam

127 2266 327 2302 euacueut:
352 2262 415 2309 qui
437 2262 618 2309 originem
641 2262 712 2298 iam
735 2263 865 2299 exinde
888 2264 1045 2299 trahunt
1067 2273 1088 2299 a
1109 2262 1254 2299 Simone
1278 2274 1384 2309 mage
1408 2261 1629 2298 multiformi

82 2348 114 2373 30
130 2332 376 2380 peruersitate
399 2343 464 2377 per
489 2330 611 2367 uarios
634 2342 778 2368 errores
803 2343 883 2368 eam
906 2333 1136 2368 exercentes.
1179 2330 1238 2367 cui
1261 2330 1402 2368 Simoni
1426 2331 1561 2367 Petrus
1591 2331 1627 2367 111

127 2400 222 2438 actis
268 2399 522 2446 apostolorum
567 2399 685 2436 dixit:
738 2399 945 2446 pecunia
995 2402 1076 2436 tua
1122 2404 1274 2436 tecum
1322 2399 1389 2435 sit
1437 2399 1481 2435 111
1527 2410 1628 2446 per-

128 2468 387 2513 ditionem,
432 2467 543 2513 quia
585 2468 793 2514 gratiam
826 2468 911 2504 Dei
942 2467 1242 2505 existimasti
1285 2479 1365 2514 per
1396 2467 1629 2514 pecunias

129 2549 269 2584 posse
301 2537 558 2584 possiderI.
602 2549 690 2574 non
723 2539 793 2574 est
824 2537 918 2574 tibi
949 2538 1109 2584 portio
1141 2548 1290 2583 neque
1323 2548 1426 2574 sors
1458 2538 1502 2574 in
1534 2549 1631 2574 ser-

130 2617 259 2643 mone
302 2607 397 2643 hoc.
447 2617 523 2643 cor
565 2606 686 2642 enim
728 2607 858 2642 tuum
899 2618 987 2643 11011
1020 2608 1093 2643 est
1126 2607 1306 2642 rectum
1338 2618 1491 2643 coram
1524 2606 1628 2642 Deo.

84 2692 115 2715 ,15
131 2676 165 2711 et
199 2675 315 2720 agunt
348 2672 411 2710 isti
433 2676 525 2711 haec
548 2673 671 2710 omnia
704 2674 789 2710 dum
812 2674 944 2711 fallere
966 2674 1123 2721 cupiunt
1145 2686 1206 2710 eos
1229 2673 1291 2720 qui
1315 2677 1402 2710 sunt
1424 2673 1629 2720 simplicio-

222 2768 242 2799 :x
273 2767 286 2799 1
313 2767 397 2810 lleg.
425 2768 477 2807 19,
503 2768 558 2800 23.
695 2768 737 2800 :31
765 2767 842 2800 Act.
868 2770 900 2807 ὃ,
922 2768 975 2800 20.
1002 2768 1056 2800 21.

221 2859 241 2891 4
268 2859 492 2902 quamsrluam]
521 2858 685 2901 quoniam
711 2859 796 2899 sort.
908 2859 929 2890 ι’)
955 2869 973 2891 a
998 2858 1149 2901 domino]
1178 2857 1266 2891 adm.
1294 2858 1368 2892 cad.
1484 2861 1523 2892 11)
1550 2858 1630 2891 illos

131 2926 194 2948 om.
223 2915 300 2959 lsigl.
400 2917 438 2948 1‘3
464 2916 647 2949 obseruare
674 2916 752 2959 Ja'e‘sl.
846 2916 889 2949 ’Ξῖ
917 2915 1151 2949 u·.=rsuti<simi
1180 2915 1360 2949 Halmius·
