<?xml version="1.0" encoding="UTF-8"?>
<!DOCTYPE html PUBLIC "-//W3C//DTD XHTML 1.0 Transitional//EN"
    "http://www.w3.org/TR/xhtml1/DTD/xhtml1-transitional.dtd">
<html xmlns="http://www.w3.org/1999/xhtml" xml:lang="en" lang="en">
 <head>
  <title>
</title>
<meta http-equiv="Content-Type" content="text/html;charset=utf-8" />
  <meta name='ocr-system' content='tesseract 3.04.00' />
  <meta name='ocr-capabilities' content='ocr_page ocr_carea ocr_par ocr_line ocrx_word'/>
</head>
<body>
  <div class='ocr_page' id='page_1' title='image "./corpusscriptorum03cypruoft/corpusscriptorum03cypruoft_0716.png"; bbox 0 0 2032 3248; ppageno 0'>
   <div class='ocr_carea' id='block_1_1' title="bbox 332 195 1416 239">
    <p class='ocr_par' dir='ltr' id='par_1_1' title="bbox 332 195 1416 239">
     <span class='ocr_line' id='line_1_1' title="bbox 332 195 1416 239; baseline -0.003 -6"><span class='ocrx_word' id='word_1_1' title='bbox 332 197 413 239; x_wconf 87' lang='grc'>136</span> <span class='ocrx_word' id='word_1_2' title='bbox 741 195 932 230; x_wconf 82' lang='lat' dir='ltr'>Arnobii</span> <span class='ocrx_word' id='word_1_3' title='bbox 962 195 1177 230; x_wconf 85' lang='lat' dir='ltr'>aduersus</span> <span class='ocrx_word' id='word_1_4' title='bbox 1207 196 1416 231; x_wconf 83' lang='lat' dir='ltr'>nationes</span> 
     </span>
    </p>
   </div>
   <div class='ocr_carea' id='block_1_2' title="bbox 217 309 1879 2301">
    <p class='ocr_par' dir='ltr' id='par_1_2' title="bbox 217 309 1879 2301">
     <span class='ocr_line' id='line_1_2' title="bbox 330 309 1831 365; baseline 0.002 -13"><span class='ocrx_word' id='word_1_5' title='bbox 330 310 403 353; x_wconf 92' lang='lat' dir='ltr'>alii</span> <span class='ocrx_word' id='word_1_6' title='bbox 441 311 594 353; x_wconf 89' lang='lat' dir='ltr'>matres</span> <span class='ocrx_word' id='word_1_7' title='bbox 631 309 758 353; x_wconf 85' lang='lat' dir='ltr'>fuisse</span> <span class='ocrx_word' id='word_1_8' title='bbox 800 310 1072 353; x_wconf 81' lang='lat' dir='ltr'>conscribunt.</span> <span class='ocrx_word' id='word_1_9' title='bbox 1118 311 1222 353; x_wconf 90' lang='lat' dir='ltr'>libet</span> <span class='ocrx_word' id='word_1_10' title='bbox 1260 311 1374 353; x_wconf 92' lang='lat' dir='ltr'>enim</span> <span class='ocrx_word' id='word_1_11' title='bbox 1414 311 1499 353; x_wconf 90' lang='lat' dir='ltr'>iam</span> <span class='ocrx_word' id='word_1_12' title='bbox 1530 312 1671 365; x_wconf 81' lang='lat' dir='ltr'>paucis</span> <span class='ocrx_word' id='word_1_13' title='bbox 1703 313 1831 355; x_wconf 90' lang='lat' dir='ltr'>etiam</span> 
     </span>
     <span class='ocr_line' id='line_1_3' title="bbox 217 379 1829 436; baseline 0.001 -14"><span class='ocrx_word' id='word_1_14' title='bbox 217 379 423 423; x_wconf 66' lang='lat' dir='ltr'>mvbiuas</span> <span class='ocrx_word' id='word_1_15' title='bbox 453 380 590 433; x_wconf 89' lang='lat' dir='ltr'>partes</span> <span class='ocrx_word' id='word_1_16' title='bbox 621 380 835 433; x_wconf 85' lang='lat' dir='ltr'>attingere,</span> <span class='ocrx_word' id='word_1_17' title='bbox 869 381 1017 434; x_wconf 90' lang='lat' dir='ltr'>quibus</span> <span class='ocrx_word' id='word_1_18' title='bbox 1049 381 1155 423; x_wconf 89' lang='lat' dir='ltr'>alius</span> <span class='ocrx_word' id='word_1_19' title='bbox 1187 381 1302 422; x_wconf 89' lang='lat' dir='ltr'>aliud</span> <span class='ocrx_word' id='word_1_20' title='bbox 1334 381 1475 423; x_wconf 89' lang='lat' dir='ltr'>eadem</span> <span class='ocrx_word' id='word_1_21' title='bbox 1509 379 1514 436; x_wconf 80' lang='grc'>1</span> <span class='ocrx_word' id='word_1_22' title='bbox 1550 382 1599 423; x_wconf 85' lang='grc'>(16</span> <span class='ocrx_word' id='word_1_23' title='bbox 1620 393 1662 422; x_wconf 88' lang='grc'>16</span> <span class='ocrx_word' id='word_1_24' title='bbox 1694 381 1829 424; x_wconf 87' lang='grc'><strong>(116616</strong></span> 
     </span>
     <span class='ocr_line' id='line_1_4' title="bbox 329 448 1830 505; baseline 0.001 -15"><span class='ocrx_word' id='word_1_25' title='bbox 329 448 567 503; x_wconf 88' lang='lat' dir='ltr'>opinionum</span> <span class='ocrx_word' id='word_1_26' title='bbox 598 448 839 491; x_wconf 90' lang='lat' dir='ltr'>diuersitate</span> <span class='ocrx_word' id='word_1_27' title='bbox 860 450 1160 492; x_wconf 71' lang='lat' dir='ltr'><strong>monstramini.</strong></span> <span class='ocrx_word' id='word_1_28' title='bbox 1195 450 1382 504; x_wconf 85' lang='lat' dir='ltr'>Ephorus</span> <span class='ocrx_word' id='word_1_29' title='bbox 1413 450 1486 491; x_wconf 88' lang='lat' dir='ltr'>has</span> <span class='ocrx_word' id='word_1_30' title='bbox 1507 450 1639 505; x_wconf 89' lang='lat' dir='ltr'>igitur</span> <span class='ocrx_word' id='word_1_31' title='bbox 1660 463 1830 493; x_wconf 90' lang='lat' dir='ltr'>numero</span> 
     </span>
     <span class='ocr_line' id='line_1_5' title="bbox 328 517 1829 574; baseline 0.001 -14"><span class='ocrx_word' id='word_1_32' title='bbox 328 529 415 560; x_wconf 90' lang='lat' dir='ltr'>esse</span> <span class='ocrx_word' id='word_1_33' title='bbox 444 517 521 559; x_wconf 89' lang='lat' dir='ltr'>tris</span> <span class='ocrx_word' id='word_1_34' title='bbox 553 517 682 569; x_wconf 87' lang='lat' dir='ltr'>effert,</span> <span class='ocrx_word' id='word_1_35' title='bbox 715 518 912 570; x_wconf 81' lang='lat' dir='ltr'>Mnaseas,</span> <span class='ocrx_word' id='word_1_36' title='bbox 937 531 1057 572; x_wconf 91' lang='lat' dir='ltr'>quem</span> <span class='ocrx_word' id='word_1_37' title='bbox 1078 518 1271 570; x_wconf 82' lang='lat' dir='ltr'>diximus,</span> <span class='ocrx_word' id='word_1_38' title='bbox 1296 519 1504 572; x_wconf 84' lang='lat' dir='ltr'>quattuor,</span> <span class='ocrx_word' id='word_1_39' title='bbox 1536 519 1733 574; x_wconf 74' lang='lat' dir='ltr'>Myrtilus</span> <span class='ocrx_word' id='word_1_40' title='bbox 1763 520 1829 561; x_wconf 89' lang='lat' dir='ltr'>in-</span> 
     </span>
     <span class='ocr_line' id='line_1_6' title="bbox 330 587 1878 640; baseline 0.001 -12"><span class='ocrx_word' id='word_1_41' title='bbox 330 587 445 629; x_wconf 91' lang='lat' dir='ltr'>ducit</span> <span class='ocrx_word' id='word_1_42' title='bbox 482 588 658 640; x_wconf 89' lang='lat' dir='ltr'>septem,</span> <span class='ocrx_word' id='word_1_43' title='bbox 702 588 791 630; x_wconf 87' lang='lat' dir='ltr'>octo</span> <span class='ocrx_word' id='word_1_44' title='bbox 830 589 1045 630; x_wconf 89' lang='lat' dir='ltr'>adseuerat</span> <span class='ocrx_word' id='word_1_45' title='bbox 1075 587 1236 638; x_wconf 81' lang='lat' dir='ltr'>Crates,</span> <span class='ocrx_word' id='word_1_46' title='bbox 1286 588 1339 631; x_wconf 89' lang='lat' dir='ltr'>ad</span> <span class='ocrx_word' id='word_1_47' title='bbox 1371 589 1598 631; x_wconf 85' lang='lat' dir='ltr'>extremum</span> <span class='ocrx_word' id='word_1_48' title='bbox 1627 588 1831 630; x_wconf 82' lang='lat' dir='ltr'>Hesiodus</span> <span class='ocrx_word' id='word_1_49' title='bbox 1864 605 1878 629; x_wconf 89' lang='lat'>5</span> 
     </span>
     <span class='ocr_line' id='line_1_7' title="bbox 328 657 1830 711; baseline 0.003 -15"><span class='ocrx_word' id='word_1_50' title='bbox 328 667 477 697; x_wconf 91' lang='lat' dir='ltr'>nouem</span> <span class='ocrx_word' id='word_1_51' title='bbox 499 668 592 698; x_wconf 92' lang='lat' dir='ltr'>cum</span> <span class='ocrx_word' id='word_1_52' title='bbox 615 657 850 699; x_wconf 89' lang='lat' dir='ltr'>nominibus</span> <span class='ocrx_word' id='word_1_53' title='bbox 871 657 1020 711; x_wconf 85' lang='lat' dir='ltr'>prodit,</span> <span class='ocrx_word' id='word_1_54' title='bbox 1053 657 1116 699; x_wconf 91' lang='lat' dir='ltr'>dis</span> <span class='ocrx_word' id='word_1_55' title='bbox 1145 658 1304 699; x_wconf 92' lang='lat' dir='ltr'>caelum</span> <span class='ocrx_word' id='word_1_56' title='bbox 1326 658 1368 699; x_wconf 91' lang='lat' dir='ltr'>et</span> <span class='ocrx_word' id='word_1_57' title='bbox 1398 657 1533 699; x_wconf 87' lang='lat' dir='ltr'>sidera</span> <span class='ocrx_word' id='word_1_58' title='bbox 1562 657 1830 711; x_wconf 78' lang='lat' dir='ltr'>locupletans,</span> 
     </span>
     <span class='ocr_line' id='line_1_8' title="bbox 327 724 1829 779; baseline 0.001 -13"><span class='ocrx_word' id='word_1_59' title='bbox 327 724 408 767; x_wconf 89' lang='lat' dir='ltr'>nisi</span> <span class='ocrx_word' id='word_1_60' title='bbox 438 725 636 777; x_wconf 88' lang='lat' dir='ltr'>fallimur,</span> <span class='ocrx_word' id='word_1_61' title='bbox 670 726 751 768; x_wconf 88' lang='lat' dir='ltr'>ista</span> <span class='ocrx_word' id='word_1_62' title='bbox 781 726 983 768; x_wconf 87' lang='lat' dir='ltr'>dissensio</span> <span class='ocrx_word' id='word_1_63' title='bbox 1014 726 1120 767; x_wconf 88' lang='lat' dir='ltr'>nihil</span> <span class='ocrx_word' id='word_1_64' title='bbox 1151 726 1373 768; x_wconf 90' lang='lat' dir='ltr'>scientium</span> <span class='ocrx_word' id='word_1_65' title='bbox 1404 739 1548 768; x_wconf 91' lang='lat' dir='ltr'>uerum</span> <span class='ocrx_word' id='word_1_66' title='bbox 1571 727 1644 779; x_wconf 90' lang='lat' dir='ltr'>est,</span> <span class='ocrx_word' id='word_1_67' title='bbox 1677 739 1758 769; x_wconf 90' lang='lat' dir='ltr'>non</span> <span class='ocrx_word' id='word_1_68' title='bbox 1779 726 1829 768; x_wconf 87' lang='lat' dir='ltr'>ab</span> 
     </span>
     <span class='ocr_line' id='line_1_9' title="bbox 326 794 1830 849; baseline 0.001 -13"><span class='ocrx_word' id='word_1_69' title='bbox 326 794 385 836; x_wconf 88' lang='lat' dir='ltr'>rei</span> <span class='ocrx_word' id='word_1_70' title='bbox 415 794 592 837; x_wconf 89' lang='lat' dir='ltr'>ueritate</span> <span class='ocrx_word' id='word_1_71' title='bbox 622 795 880 837; x_wconf 78' lang='lat' dir='ltr'>descendens</span> <span class='ocrx_word' id='word_1_72' title='bbox 914 808 1011 837; x_wconf 91' lang='lat' dir='ltr'>nam</span> <span class='ocrx_word' id='word_1_73' title='bbox 1042 795 1077 837; x_wconf 90' lang='lat' dir='ltr'>si</span> <span class='ocrx_word' id='word_1_74' title='bbox 1106 795 1264 849; x_wconf 89' lang='lat' dir='ltr'>liquido</span> <span class='ocrx_word' id='word_1_75' title='bbox 1295 795 1470 838; x_wconf 88' lang='lat' dir='ltr'>sciretur</span> <span class='ocrx_word' id='word_1_76' title='bbox 1501 795 1602 849; x_wconf 91' lang='lat' dir='ltr'>quid</span> <span class='ocrx_word' id='word_1_77' title='bbox 1623 795 1690 849; x_wconf 87' lang='lat' dir='ltr'>sit,</span> <span class='ocrx_word' id='word_1_78' title='bbox 1724 795 1830 837; x_wconf 88' lang='lat' dir='ltr'>esset</span> 
     </span>
     <span class='ocr_line' id='line_1_10' title="bbox 327 863 1832 906; baseline 0.001 -2"><span class='ocrx_word' id='word_1_79' title='bbox 327 863 536 905; x_wconf 88' lang='lat' dir='ltr'>unanimis</span> <span class='ocrx_word' id='word_1_80' title='bbox 574 876 653 906; x_wconf 85' lang='lat' dir='ltr'>uox</span> <span class='ocrx_word' id='word_1_81' title='bbox 691 864 878 906; x_wconf 90' lang='lat' dir='ltr'>omnium</span> <span class='ocrx_word' id='word_1_82' title='bbox 910 864 951 905; x_wconf 92' lang='lat' dir='ltr'>et</span> <span class='ocrx_word' id='word_1_83' title='bbox 981 864 1024 905; x_wconf 93' lang='lat' dir='ltr'>in</span> <span class='ocrx_word' id='word_1_84' title='bbox 1056 864 1241 906; x_wconf 89' lang='lat' dir='ltr'>eiusdem</span> <span class='ocrx_word' id='word_1_85' title='bbox 1279 864 1507 906; x_wconf 87' lang='lat' dir='ltr'>sententiae</span> <span class='ocrx_word' id='word_1_86' title='bbox 1547 863 1672 906; x_wconf 90' lang='lat' dir='ltr'>finem</span> <span class='ocrx_word' id='word_1_87' title='bbox 1710 876 1832 906; x_wconf 87' lang='lat' dir='ltr'>cunc-</span> 
     </span>
     <span class='ocr_line' id='line_1_11' title="bbox 265 931 1879 988; baseline 0.001 -15"><span class='ocrx_word' id='word_1_88' title='bbox 265 931 471 973; x_wconf 81' lang='grc'><strong>3810111111</strong></span> <span class='ocrx_word' id='word_1_89' title='bbox 510 933 700 987; x_wconf 85' lang='lat' dir='ltr'>pergeret</span> <span class='ocrx_word' id='word_1_90' title='bbox 738 934 780 975; x_wconf 90' lang='lat' dir='ltr'>et</span> <span class='ocrx_word' id='word_1_91' title='bbox 818 933 1055 975; x_wconf 87' lang='lat' dir='ltr'>conueniret</span> <span class='ocrx_word' id='word_1_92' title='bbox 1092 933 1292 975; x_wconf 87' lang='lat' dir='ltr'>adsensio.</span> <span class='ocrx_word' id='word_1_93' title='bbox 1344 945 1518 987; x_wconf 91' lang='lat' dir='ltr'>quonam</span> <span class='ocrx_word' id='word_1_94' title='bbox 1552 933 1672 974; x_wconf 91' lang='lat' dir='ltr'>modo</span> <span class='ocrx_word' id='word_1_95' title='bbox 1703 932 1834 988; x_wconf 91' lang='lat' dir='ltr'>igitur</span> <span class='ocrx_word' id='word_1_96' title='bbox 1846 951 1879 976; x_wconf 84' lang='lat'>10</span> 
     </span>
     <span class='ocr_line' id='line_1_12' title="bbox 330 1001 1832 1056; baseline 0.001 -14"><span class='ocrx_word' id='word_1_97' title='bbox 330 1001 545 1056; x_wconf 88' lang='lat' dir='ltr'>religionis</span> <span class='ocrx_word' id='word_1_98' title='bbox 575 1002 747 1055; x_wconf 88' lang='lat' dir='ltr'>potestis</span> <span class='ocrx_word' id='word_1_99' title='bbox 778 1001 983 1056; x_wconf 87' lang='lat' dir='ltr'>integrare</span> <span class='ocrx_word' id='word_1_100' title='bbox 1013 1002 1101 1044; x_wconf 91' lang='lat' dir='ltr'>uim</span> <span class='ocrx_word' id='word_1_101' title='bbox 1131 1002 1308 1056; x_wconf 89' lang='lat' dir='ltr'>plenam,</span> <span class='ocrx_word' id='word_1_102' title='bbox 1340 1014 1434 1044; x_wconf 88' lang='lat' dir='ltr'>cum</span> <span class='ocrx_word' id='word_1_103' title='bbox 1465 1002 1573 1044; x_wconf 88' lang='lat' dir='ltr'>circa</span> <span class='ocrx_word' id='word_1_104' title='bbox 1593 1002 1702 1056; x_wconf 90' lang='lat' dir='ltr'>ipsos</span> <span class='ocrx_word' id='word_1_105' title='bbox 1725 1015 1832 1045; x_wconf 91' lang='lat' dir='ltr'>erre-</span> 
     </span>
     <span class='ocr_line' id='line_1_13' title="bbox 328 1070 1831 1125; baseline 0.001 -13"><span class='ocrx_word' id='word_1_106' title='bbox 328 1070 384 1112; x_wconf 83' lang='lat' dir='ltr'>tis</span> <span class='ocrx_word' id='word_1_107' title='bbox 415 1071 522 1125; x_wconf 90' lang='lat' dir='ltr'>deos,</span> <span class='ocrx_word' id='word_1_108' title='bbox 554 1072 627 1113; x_wconf 90' lang='lat' dir='ltr'>aut</span> <span class='ocrx_word' id='word_1_109' title='bbox 656 1071 707 1113; x_wconf 88' lang='lat' dir='ltr'>ad</span> <span class='ocrx_word' id='word_1_110' title='bbox 737 1072 992 1113; x_wconf 89' lang='lat' dir='ltr'>uenerabiles</span> <span class='ocrx_word' id='word_1_111' title='bbox 1023 1071 1204 1114; x_wconf 88' lang='lat' dir='ltr'>inuitare</span> <span class='ocrx_word' id='word_1_112' title='bbox 1234 1084 1306 1114; x_wconf 90' lang='lat' dir='ltr'>nos</span> <span class='ocrx_word' id='word_1_113' title='bbox 1338 1072 1486 1122; x_wconf 90' lang='lat' dir='ltr'>cultus,</span> <span class='ocrx_word' id='word_1_114' title='bbox 1520 1083 1613 1112; x_wconf 91' lang='lat' dir='ltr'>cum</span> <span class='ocrx_word' id='word_1_115' title='bbox 1634 1070 1739 1113; x_wconf 90' lang='lat' dir='ltr'>nihil</span> <span class='ocrx_word' id='word_1_116' title='bbox 1758 1083 1831 1113; x_wconf 90' lang='lat' dir='ltr'>nos</span> 
     </span>
     <span class='ocr_line' id='line_1_14' title="bbox 327 1139 1831 1194; baseline 0.001 -14"><span class='ocrx_word' id='word_1_117' title='bbox 327 1139 430 1181; x_wconf 89' lang='lat' dir='ltr'>certi</span> <span class='ocrx_word' id='word_1_118' title='bbox 460 1140 510 1181; x_wconf 92' lang='lat' dir='ltr'>de</span> <span class='ocrx_word' id='word_1_119' title='bbox 540 1139 722 1194; x_wconf 86' lang='lat' dir='ltr'>ipsorum</span> <span class='ocrx_word' id='word_1_120' title='bbox 754 1140 973 1182; x_wconf 91' lang='lat' dir='ltr'>numinum</span> <span class='ocrx_word' id='word_1_121' title='bbox 1004 1139 1361 1193; x_wconf 81' lang='lat' dir='ltr'>comprehensione</span> <span class='ocrx_word' id='word_1_122' title='bbox 1392 1139 1602 1182; x_wconf 77' lang='lat' dir='ltr'>doceatis?</span> <span class='ocrx_word' id='word_1_123' title='bbox 1643 1141 1691 1182; x_wconf 90' lang='lat' dir='ltr'>ut</span> <span class='ocrx_word' id='word_1_124' title='bbox 1720 1139 1831 1182; x_wconf 90' lang='lat' dir='ltr'>enim</span> 
     </span>
     <span class='ocr_line' id='line_1_15' title="bbox 327 1208 1831 1263; baseline 0.001 -13"><span class='ocrx_word' id='word_1_125' title='bbox 327 1208 376 1250; x_wconf 91' lang='lat' dir='ltr'>de</span> <span class='ocrx_word' id='word_1_126' title='bbox 397 1209 545 1251; x_wconf 89' lang='lat' dir='ltr'>mediis</span> <span class='ocrx_word' id='word_1_127' title='bbox 567 1209 882 1252; x_wconf 88' lang='lat' dir='ltr'>conticiscamus</span> <span class='ocrx_word' id='word_1_128' title='bbox 904 1209 1154 1261; x_wconf 90' lang='lat' dir='ltr'>auctoribus,</span> <span class='ocrx_word' id='word_1_129' title='bbox 1184 1210 1257 1251; x_wconf 88' lang='lat' dir='ltr'>aut</span> <span class='ocrx_word' id='word_1_130' title='bbox 1278 1208 1352 1250; x_wconf 91' lang='grc'><strong>1116</strong></span> <span class='ocrx_word' id='word_1_131' title='bbox 1372 1208 1532 1263; x_wconf 89' lang='lat' dir='ltr'>primus</span> <span class='ocrx_word' id='word_1_132' title='bbox 1554 1208 1686 1251; x_wconf 91' lang='lat' dir='ltr'>eradit</span> <span class='ocrx_word' id='word_1_133' title='bbox 1708 1209 1831 1262; x_wconf 90' lang='lat' dir='ltr'>atque</span> 
     </span>
     <span class='ocr_line' id='line_1_16' title="bbox 325 1277 1831 1335; baseline 0 -16"><span class='ocrx_word' id='word_1_134' title='bbox 325 1277 523 1320; x_wconf 87' lang='lat' dir='ltr'>interficit</span> <span class='ocrx_word' id='word_1_135' title='bbox 545 1291 613 1322; x_wconf 82' lang='lat' dir='ltr'>sex</span> <span class='ocrx_word' id='word_1_136' title='bbox 633 1278 750 1321; x_wconf 91' lang='lat' dir='ltr'>diuas</span> <span class='ocrx_word' id='word_1_137' title='bbox 775 1277 959 1335; x_wconf 80' lang='lat' dir='ltr'>[Musas],</span> <span class='ocrx_word' id='word_1_138' title='bbox 984 1278 1019 1320; x_wconf 92' lang='lat' dir='ltr'>si</span> <span class='ocrx_word' id='word_1_139' title='bbox 1040 1290 1127 1321; x_wconf 90' lang='lat' dir='ltr'>esse</span> <span class='ocrx_word' id='word_1_140' title='bbox 1157 1278 1252 1320; x_wconf 89' lang='lat' dir='ltr'>illas</span> <span class='ocrx_word' id='word_1_141' title='bbox 1278 1279 1440 1320; x_wconf 89' lang='lat' dir='ltr'>constat</span> <span class='ocrx_word' id='word_1_142' title='bbox 1461 1290 1621 1329; x_wconf 89' lang='lat' dir='ltr'>nouem,</span> <span class='ocrx_word' id='word_1_143' title='bbox 1655 1278 1729 1320; x_wconf 90' lang='lat' dir='ltr'>aut</span> <span class='ocrx_word' id='word_1_144' title='bbox 1750 1277 1831 1320; x_wconf 91' lang='lat' dir='ltr'>iste</span> 
     </span>
     <span class='ocr_line' id='line_1_17' title="bbox 326 1346 1875 1402; baseline 0 -14"><span class='ocrx_word' id='word_1_145' title='bbox 326 1346 500 1390; x_wconf 89' lang='lat' dir='ltr'>ultimus</span> <span class='ocrx_word' id='word_1_146' title='bbox 533 1349 573 1390; x_wconf 91' lang='lat' dir='ltr'>et</span> <span class='ocrx_word' id='word_1_147' title='bbox 603 1349 808 1390; x_wconf 86' lang='lat' dir='ltr'>extremus</span> <span class='ocrx_word' id='word_1_148' title='bbox 840 1361 909 1390; x_wconf 81' lang='lat' dir='ltr'>sex</span> <span class='ocrx_word' id='word_1_149' title='bbox 929 1348 1114 1402; x_wconf 91' lang='lat' dir='ltr'>adponit,</span> <span class='ocrx_word' id='word_1_150' title='bbox 1148 1360 1251 1401; x_wconf 88' lang='lat' dir='ltr'>quae</span> <span class='ocrx_word' id='word_1_151' title='bbox 1280 1347 1420 1389; x_wconf 90' lang='lat' dir='ltr'>nullae</span> <span class='ocrx_word' id='word_1_152' title='bbox 1449 1348 1546 1389; x_wconf 91' lang='lat' dir='ltr'>sunt</span> <span class='ocrx_word' id='word_1_153' title='bbox 1577 1346 1710 1389; x_wconf 88' lang='lat' dir='ltr'>tribus</span> <span class='ocrx_word' id='word_1_154' title='bbox 1732 1347 1830 1389; x_wconf 90' lang='lat' dir='ltr'>solis</span> <span class='ocrx_word' id='word_1_155' title='bbox 1844 1358 1875 1382; x_wconf 85' lang='lat'>1⁵</span> 
     </span>
     <span class='ocr_line' id='line_1_18' title="bbox 326 1415 1828 1470; baseline -0.001 -12"><span class='ocrx_word' id='word_1_156' title='bbox 326 1416 368 1458; x_wconf 89' lang='lat' dir='ltr'>in</span> <span class='ocrx_word' id='word_1_157' title='bbox 399 1417 574 1459; x_wconf 86' lang='lat' dir='ltr'>ueritate</span> <span class='ocrx_word' id='word_1_158' title='bbox 606 1417 901 1468; x_wconf 85' lang='lat' dir='ltr'>constantibus,</span> <span class='ocrx_word' id='word_1_159' title='bbox 933 1417 981 1458; x_wconf 87' lang='lat' dir='ltr'>ut</span> <span class='ocrx_word' id='word_1_160' title='bbox 1002 1429 1130 1470; x_wconf 89' lang='lat' dir='ltr'>neque</span> <span class='ocrx_word' id='word_1_161' title='bbox 1151 1416 1246 1458; x_wconf 89' lang='lat' dir='ltr'>sciri</span> <span class='ocrx_word' id='word_1_162' title='bbox 1267 1416 1399 1470; x_wconf 85' lang='lat' dir='ltr'>possit</span> <span class='ocrx_word' id='word_1_163' title='bbox 1428 1416 1501 1458; x_wconf 90' lang='lat' dir='ltr'>aut</span> <span class='ocrx_word' id='word_1_164' title='bbox 1522 1415 1828 1470; x_wconf 87' lang='lat' dir='ltr'>comprehendi,</span> 
     </span>
     <span class='ocr_line' id='line_1_19' title="bbox 326 1484 1830 1539; baseline -0.002 -11"><span class='ocrx_word' id='word_1_165' title='bbox 326 1498 525 1539; x_wconf 87' lang='lat' dir='ltr'>quaenam</span> <span class='ocrx_word' id='word_1_166' title='bbox 556 1485 730 1528; x_wconf 88' lang='lat' dir='ltr'>debeant</span> <span class='ocrx_word' id='word_1_167' title='bbox 760 1486 868 1535; x_wconf 75' lang='lat' dir='ltr'>addi,</span> <span class='ocrx_word' id='word_1_168' title='bbox 902 1497 1005 1539; x_wconf 90' lang='lat' dir='ltr'>quae</span> <span class='ocrx_word' id='word_1_169' title='bbox 1036 1485 1164 1538; x_wconf 87' lang='lat' dir='ltr'>demi,</span> <span class='ocrx_word' id='word_1_170' title='bbox 1196 1486 1238 1527; x_wconf 88' lang='grc'>61</span> <span class='ocrx_word' id='word_1_171' title='bbox 1268 1485 1310 1527; x_wconf 89' lang='lat' dir='ltr'>in</span> <span class='ocrx_word' id='word_1_172' title='bbox 1341 1484 1571 1539; x_wconf 89' lang='lat' dir='ltr'>periculum</span> <span class='ocrx_word' id='word_1_173' title='bbox 1603 1484 1830 1527; x_wconf 86' lang='lat' dir='ltr'>deducatur</span> 
     </span>
     <span class='ocr_line' id='line_1_20' title="bbox 325 1553 1826 1610; baseline -0.001 -14"><span class='ocrx_word' id='word_1_174' title='bbox 325 1555 535 1610; x_wconf 87' lang='lat' dir='ltr'>religionis</span> <span class='ocrx_word' id='word_1_175' title='bbox 565 1555 694 1608; x_wconf 90' lang='lat' dir='ltr'>ipsius</span> <span class='ocrx_word' id='word_1_176' title='bbox 726 1555 944 1608; x_wconf 85' lang='lat' dir='ltr'>susceptiO,</span> <span class='ocrx_word' id='word_1_177' title='bbox 976 1555 1048 1596; x_wconf 88' lang='lat' dir='ltr'>aut</span> <span class='ocrx_word' id='word_1_178' title='bbox 1078 1554 1120 1596; x_wconf 91' lang='lat' dir='ltr'>id</span> <span class='ocrx_word' id='word_1_179' title='bbox 1153 1554 1261 1608; x_wconf 90' lang='lat' dir='ltr'>quod</span> <span class='ocrx_word' id='word_1_180' title='bbox 1282 1567 1361 1596; x_wconf 90' lang='lat' dir='ltr'>non</span> <span class='ocrx_word' id='word_1_181' title='bbox 1383 1554 1445 1596; x_wconf 89' lang='lat' dir='ltr'>est</span> <span class='ocrx_word' id='word_1_182' title='bbox 1467 1554 1603 1596; x_wconf 90' lang='lat' dir='ltr'>colens</span> <span class='ocrx_word' id='word_1_183' title='bbox 1626 1554 1698 1595; x_wconf 87' lang='lat' dir='ltr'>aut</span> <span class='ocrx_word' id='word_1_184' title='bbox 1719 1553 1826 1606; x_wconf 91' lang='lat' dir='ltr'>quod</span> 
     </span>
     <span class='ocr_line' id='line_1_21' title="bbox 326 1622 1828 1677; baseline -0.001 -12"><span class='ocrx_word' id='word_1_185' title='bbox 326 1624 381 1666; x_wconf 90' lang='lat' dir='ltr'>sit</span> <span class='ocrx_word' id='word_1_186' title='bbox 411 1624 584 1667; x_wconf 88' lang='lat' dir='ltr'>fortasse</span> <span class='ocrx_word' id='word_1_187' title='bbox 613 1623 878 1677; x_wconf 89' lang='lat' dir='ltr'>praeteriens.</span> <span class='ocrx_word' id='word_1_188' title='bbox 911 1623 1155 1665; x_wconf 89' lang='lat' dir='ltr'>Nouensiles</span> <span class='ocrx_word' id='word_1_189' title='bbox 1177 1622 1273 1664; x_wconf 90' lang='lat' dir='ltr'>Piso</span> <span class='ocrx_word' id='word_1_190' title='bbox 1307 1623 1400 1665; x_wconf 92' lang='lat' dir='ltr'>deos</span> <span class='ocrx_word' id='word_1_191' title='bbox 1423 1634 1509 1664; x_wconf 90' lang='lat' dir='ltr'>esse</span> <span class='ocrx_word' id='word_1_192' title='bbox 1531 1622 1660 1664; x_wconf 89' lang='lat' dir='ltr'>credit</span> <span class='ocrx_word' id='word_1_193' title='bbox 1681 1633 1828 1664; x_wconf 92' lang='lat' dir='ltr'>nouem</span> 
     </span>
     <span class='ocr_line' id='line_1_22' title="bbox 324 1691 1875 1747; baseline -0.001 -14"><span class='ocrx_word' id='word_1_194' title='bbox 324 1692 368 1734; x_wconf 90' lang='lat' dir='ltr'>in</span> <span class='ocrx_word' id='word_1_195' title='bbox 391 1692 551 1735; x_wconf 85' lang='lat' dir='ltr'>Sabinis</span> <span class='ocrx_word' id='word_1_196' title='bbox 582 1692 690 1747; x_wconf 90' lang='lat' dir='ltr'>apud</span> <span class='ocrx_word' id='word_1_197' title='bbox 711 1692 906 1734; x_wconf 83' lang='lat' dir='ltr'>Trebiam</span> <span class='ocrx_word' id='word_1_198' title='bbox 928 1691 1186 1734; x_wconf 88' lang='lat' dir='ltr'>constitutos.</span> <span class='ocrx_word' id='word_1_199' title='bbox 1232 1692 1306 1733; x_wconf 90' lang='grc'><strong>1108</strong></span> <span class='ocrx_word' id='word_1_200' title='bbox 1328 1691 1506 1734; x_wconf 80' lang='lat' dir='ltr'>Granius</span> <span class='ocrx_word' id='word_1_201' title='bbox 1536 1691 1676 1733; x_wconf 88' lang='lat' dir='ltr'>Musas</span> <span class='ocrx_word' id='word_1_202' title='bbox 1707 1691 1829 1745; x_wconf 89' lang='lat' dir='ltr'>putat</span> <span class='ocrx_word' id='word_1_203' title='bbox 1843 1699 1875 1725; x_wconf 83' lang='lat'>2⁰</span> 
     </span>
     <span class='ocr_line' id='line_1_23' title="bbox 324 1759 1830 1813; baseline -0.002 -9"><span class='ocrx_word' id='word_1_204' title='bbox 324 1774 566 1805; x_wconf 89' lang='lat' dir='ltr'>consensum</span> <span class='ocrx_word' id='word_1_205' title='bbox 604 1762 922 1804; x_wconf 87' lang='lat' dir='ltr'>adcommodans</span> <span class='ocrx_word' id='word_1_206' title='bbox 953 1760 1093 1813; x_wconf 90' lang='lat' dir='ltr'>Aelio,</span> <span class='ocrx_word' id='word_1_207' title='bbox 1134 1761 1403 1803; x_wconf 90' lang='lat' dir='ltr'>nouenarium</span> <span class='ocrx_word' id='word_1_208' title='bbox 1444 1772 1663 1803; x_wconf 90' lang='lat' dir='ltr'>numerum</span> <span class='ocrx_word' id='word_1_209' title='bbox 1701 1759 1830 1802; x_wconf 87' lang='lat' dir='ltr'>tradit</span> 
     </span>
     <span class='ocr_line' id='line_1_24' title="bbox 325 1828 1830 1885; baseline -0.003 -12"><span class='ocrx_word' id='word_1_210' title='bbox 325 1831 467 1883; x_wconf 90' lang='lat' dir='ltr'>Varr0,</span> <span class='ocrx_word' id='word_1_211' title='bbox 500 1831 608 1885; x_wconf 90' lang='lat' dir='ltr'>quod</span> <span class='ocrx_word' id='word_1_212' title='bbox 638 1831 680 1872; x_wconf 91' lang='lat' dir='ltr'>in</span> <span class='ocrx_word' id='word_1_213' title='bbox 712 1829 928 1872; x_wconf 91' lang='lat' dir='ltr'>mouendis</span> <span class='ocrx_word' id='word_1_214' title='bbox 960 1830 1082 1872; x_wconf 92' lang='lat' dir='ltr'>rebus</span> <span class='ocrx_word' id='word_1_215' title='bbox 1113 1830 1426 1884; x_wconf 87' lang='lat' dir='ltr'>potentissimus</span> <span class='ocrx_word' id='word_1_216' title='bbox 1448 1842 1609 1883; x_wconf 88' lang='lat' dir='ltr'>semper</span> <span class='ocrx_word' id='word_1_217' title='bbox 1629 1828 1830 1870; x_wconf 89' lang='lat' dir='ltr'>habeatur</span> 
     </span>
     <span class='ocr_line' id='line_1_25' title="bbox 324 1890 1828 1953; baseline -0.003 -10"><span class='ocrx_word' id='word_1_218' title='bbox 324 1902 366 1943; x_wconf 90' lang='grc'>61</span> <span class='ocrx_word' id='word_1_219' title='bbox 395 1900 619 1953; x_wconf 83' lang='lat' dir='ltr'>maximus,</span> <span class='ocrx_word' id='word_1_220' title='bbox 651 1899 886 1942; x_wconf 88' lang='lat' dir='ltr'>nouitatum</span> <span class='ocrx_word' id='word_1_221' title='bbox 917 1890 1158 1941; x_wconf 83' lang='lat' dir='ltr'>Cornificius</span> <span class='ocrx_word' id='word_1_222' title='bbox 1189 1898 1418 1952; x_wconf 85' lang='lat' dir='ltr'>praesides,</span> <span class='ocrx_word' id='word_1_223' title='bbox 1451 1899 1558 1951; x_wconf 89' lang='lat' dir='ltr'>quod</span> <span class='ocrx_word' id='word_1_224' title='bbox 1590 1897 1828 1940; x_wconf 87' lang='lat' dir='ltr'>curantibus</span> 
     </span>
     <span class='ocr_line' id='line_1_26' title="bbox 325 1966 1829 2022; baseline -0.002 -11"><span class='ocrx_word' id='word_1_225' title='bbox 325 1970 390 2011; x_wconf 90' lang='lat' dir='ltr'>his</span> <span class='ocrx_word' id='word_1_226' title='bbox 421 1970 559 2012; x_wconf 91' lang='lat' dir='ltr'>omnia</span> <span class='ocrx_word' id='word_1_227' title='bbox 589 1969 774 2011; x_wconf 88' lang='lat' dir='ltr'>nouitate</span> <span class='ocrx_word' id='word_1_228' title='bbox 803 1969 1062 2022; x_wconf 87' lang='lat' dir='ltr'>integrentur</span> <span class='ocrx_word' id='word_1_229' title='bbox 1092 1970 1134 2009; x_wconf 89' lang='lat' dir='ltr'>et</span> <span class='ocrx_word' id='word_1_230' title='bbox 1166 1968 1365 2019; x_wconf 87' lang='lat' dir='ltr'>constent,</span> <span class='ocrx_word' id='word_1_231' title='bbox 1398 1967 1493 2009; x_wconf 89' lang='lat' dir='ltr'>deos</span> <span class='ocrx_word' id='word_1_232' title='bbox 1523 1978 1672 2008; x_wconf 90' lang='lat' dir='ltr'>nouem</span> <span class='ocrx_word' id='word_1_233' title='bbox 1693 1966 1829 2009; x_wconf 86' lang='lat' dir='ltr'>Mani-</span> 
     </span>
     <span class='ocr_line' id='line_1_27' title="bbox 324 2035 1874 2093; baseline -0.003 -12"><span class='ocrx_word' id='word_1_234' title='bbox 324 2038 406 2080; x_wconf 89' lang='lat' dir='ltr'>lius</span> <span class='ocrx_word' id='word_1_235' title='bbox 444 2039 592 2093; x_wconf 89' lang='lat' dir='ltr'>quibus</span> <span class='ocrx_word' id='word_1_236' title='bbox 633 2039 733 2080; x_wconf 92' lang='lat' dir='ltr'>solis</span> <span class='ocrx_word' id='word_1_237' title='bbox 764 2038 952 2092; x_wconf 88' lang='lat' dir='ltr'>Iuppiter</span> <span class='ocrx_word' id='word_1_238' title='bbox 990 2037 1238 2091; x_wconf 86' lang='lat' dir='ltr'>potestatem</span> <span class='ocrx_word' id='word_1_239' title='bbox 1275 2037 1453 2079; x_wconf 89' lang='lat' dir='ltr'>iaciendi</span> <span class='ocrx_word' id='word_1_240' title='bbox 1491 2036 1555 2078; x_wconf 90' lang='lat' dir='ltr'>sui</span> <span class='ocrx_word' id='word_1_241' title='bbox 1594 2035 1830 2090; x_wconf 89' lang='lat' dir='ltr'>permiserit</span> <span class='ocrx_word' id='word_1_242' title='bbox 1843 2046 1874 2071; x_wconf 79' lang='lat'>2⁵</span> 
     </span>
     <span class='ocr_line' id='line_1_28' title="bbox 323 2105 1831 2162; baseline -0.003 -12"><span class='ocrx_word' id='word_1_243' title='bbox 323 2107 525 2151; x_wconf 88' lang='lat' dir='ltr'>fulminis.</span> <span class='ocrx_word' id='word_1_244' title='bbox 572 2107 736 2150; x_wconf 87' lang='lat' dir='ltr'>Cincius</span> <span class='ocrx_word' id='word_1_245' title='bbox 767 2108 937 2149; x_wconf 90' lang='lat' dir='ltr'>numina</span> <span class='ocrx_word' id='word_1_246' title='bbox 967 2107 1182 2162; x_wconf 85' lang='lat' dir='ltr'>peregrina</span> <span class='ocrx_word' id='word_1_247' title='bbox 1210 2107 1396 2149; x_wconf 88' lang='lat' dir='ltr'>nouitate</span> <span class='ocrx_word' id='word_1_248' title='bbox 1427 2119 1474 2149; x_wconf 86' lang='lat' dir='ltr'>ex</span> <span class='ocrx_word' id='word_1_249' title='bbox 1502 2106 1592 2159; x_wconf 86' lang='lat' dir='ltr'>ipsa</span> <span class='ocrx_word' id='word_1_250' title='bbox 1622 2105 1831 2159; x_wconf 89' lang='lat' dir='ltr'>appellata</span> 
     </span>
     <span class='ocr_line' id='line_1_29' title="bbox 230 2175 1829 2232; baseline -0.004 -10"><span class='ocrx_word' id='word_1_251' title='bbox 230 2188 310 2224; x_wconf 68' lang='grc'><strong>1.·18</strong></span> <span class='ocrx_word' id='word_1_252' title='bbox 322 2177 582 2231; x_wconf 87' lang='lat' dir='ltr'>pronuntiat;</span> <span class='ocrx_word' id='word_1_253' title='bbox 621 2190 719 2219; x_wconf 91' lang='lat' dir='ltr'>nam</span> <span class='ocrx_word' id='word_1_254' title='bbox 755 2177 883 2219; x_wconf 89' lang='lat' dir='ltr'>solere</span> <span class='ocrx_word' id='word_1_255' title='bbox 914 2178 1118 2220; x_wconf 87' lang='lat' dir='ltr'>Romanos</span> <span class='ocrx_word' id='word_1_256' title='bbox 1161 2176 1384 2231; x_wconf 89' lang='lat' dir='ltr'>religiones</span> <span class='ocrx_word' id='word_1_257' title='bbox 1420 2175 1425 2232; x_wconf 83' lang='grc' dir='ltr'>Ι</span> <span class='ocrx_word' id='word_1_258' title='bbox 1460 2175 1631 2217; x_wconf 91' lang='lat' dir='ltr'>urbium</span> <span class='ocrx_word' id='word_1_259' title='bbox 1662 2186 1829 2228; x_wconf 89' lang='lat' dir='ltr'>supera—</span> 
     </span>
     <span class='ocr_line' id='line_1_30' title="bbox 323 2243 1823 2301; baseline -0.003 -13"><span class='ocrx_word' id='word_1_260' title='bbox 323 2247 462 2289; x_wconf 90' lang='lat' dir='ltr'>tarum</span> <span class='ocrx_word' id='word_1_261' title='bbox 493 2247 646 2300; x_wconf 87' lang='lat' dir='ltr'>partim</span> <span class='ocrx_word' id='word_1_262' title='bbox 682 2246 881 2301; x_wconf 89' lang='lat' dir='ltr'>priuatim</span> <span class='ocrx_word' id='word_1_263' title='bbox 911 2259 982 2301; x_wconf 89' lang='lat' dir='ltr'>per</span> <span class='ocrx_word' id='word_1_264' title='bbox 1012 2246 1192 2289; x_wconf 89' lang='lat' dir='ltr'>familias</span> <span class='ocrx_word' id='word_1_265' title='bbox 1223 2258 1433 2301; x_wconf 88' lang='lat' dir='ltr'>spargere,</span> <span class='ocrx_word' id='word_1_266' title='bbox 1474 2244 1627 2299; x_wconf 89' lang='lat' dir='ltr'>partim</span> <span class='ocrx_word' id='word_1_267' title='bbox 1658 2243 1823 2298; x_wconf 92' lang='lat' dir='ltr'>publice</span> 
     </span>
    </p>
   </div>
   <div class='ocr_carea' id='block_1_3' title="bbox 460 2338 798 2383">
    <p class='ocr_par' dir='ltr' id='par_1_3' title="bbox 460 2338 798 2383">
     <span class='ocr_line' id='line_1_31' title="bbox 460 2338 798 2383; baseline 0 -11"><span class='ocrx_word' id='word_1_268' title='bbox 460 2338 483 2373; x_wconf 87' lang='lat'>5</span> <span class='ocrx_word' id='word_1_269' title='bbox 507 2338 627 2383; x_wconf 89' lang='lat' dir='ltr'>theog.</span> <span class='ocrx_word' id='word_1_270' title='bbox 656 2338 698 2372; x_wconf 83' lang='lat'>75</span> <span class='ocrx_word' id='word_1_271' title='bbox 723 2348 798 2383; x_wconf 88' lang='lat' dir='ltr'>sqq.</span> 
     </span>
    </p>
   </div>
   <div class='ocr_carea' id='block_1_4' title="bbox 321 2425 1827 2819">
    <p class='ocr_par' dir='ltr' id='par_1_4' title="bbox 321 2425 1827 2819">
     <span class='ocr_line' id='line_1_32' title="bbox 367 2425 1827 2475; baseline -0.004 -10"><span class='ocrx_word' id='word_1_272' title='bbox 367 2431 388 2465; x_wconf 91' lang='lat'><strong>3</strong></span> <span class='ocrx_word' id='word_1_273' title='bbox 413 2430 530 2466; x_wconf 87' lang='lat' dir='ltr'>eforus</span> <span class='ocrx_word' id='word_1_274' title='bbox 554 2431 590 2465; x_wconf 91' lang='lat' dir='ltr'><strong><em>P</em></strong></span> <span class='ocrx_word' id='word_1_275' title='bbox 613 2430 728 2465; x_wconf 88' lang='lat' dir='ltr'>Iforus</span> <span class='ocrx_word' id='word_1_276' title='bbox 755 2429 828 2465; x_wconf 82' lang='lat' dir='ltr'>Sab</span> <span class='ocrx_word' id='word_1_277' title='bbox 856 2431 910 2475; x_wconf 73' lang='lat' dir='ltr'>(in</span> <span class='ocrx_word' id='word_1_278' title='bbox 934 2440 993 2464; x_wconf 82' lang='lat' dir='ltr'>err</span> <span class='ocrx_word' id='word_1_279' title='bbox 1017 2429 1194 2474; x_wconf 86' lang='lat' dir='ltr'>Ephorus)</span> <span class='ocrx_word' id='word_1_280' title='bbox 1334 2429 1357 2463; x_wconf 87' lang='lat'>4</span> <span class='ocrx_word' id='word_1_281' title='bbox 1380 2427 1579 2472; x_wconf 75' lang='lat' dir='ltr'>murty*lus</span> <span class='ocrx_word' id='word_1_282' title='bbox 1598 2427 1633 2461; x_wconf 93' lang='lat' dir='ltr'><strong><em>P</em></strong></span> <span class='ocrx_word' id='word_1_283' title='bbox 1657 2425 1827 2471; x_wconf 86' lang='lat' dir='ltr'>Murtylis</span> 
     </span>
     <span class='ocr_line' id='line_1_33' title="bbox 321 2483 1827 2533; baseline -0.005 -10"><span class='ocrx_word' id='word_1_284' title='bbox 321 2489 394 2523; x_wconf 80' lang='lat' dir='ltr'>Sab</span> <span class='ocrx_word' id='word_1_285' title='bbox 419 2489 475 2533; x_wconf 79' lang='lat' dir='ltr'>(in</span> <span class='ocrx_word' id='word_1_286' title='bbox 500 2499 560 2523; x_wconf 78' lang='lat' dir='ltr'>err</span> <span class='ocrx_word' id='word_1_287' title='bbox 584 2488 768 2533; x_wconf 84' lang='lat' dir='ltr'>Myrtilus)</span> <span class='ocrx_word' id='word_1_288' title='bbox 910 2488 931 2522; x_wconf 88' lang='grc'><strong>6</strong></span> <span class='ocrx_word' id='word_1_289' title='bbox 955 2487 1025 2522; x_wconf 89' lang='lat' dir='ltr'>diis</span> <span class='ocrx_word' id='word_1_290' title='bbox 1052 2498 1070 2522; x_wconf 84' lang='grc'>6</span> <span class='ocrx_word' id='word_1_291' title='bbox 1208 2487 1230 2521; x_wconf 88' lang='lat'>8</span> <span class='ocrx_word' id='word_1_292' title='bbox 1255 2487 1346 2521; x_wconf 87' lang='lat' dir='ltr'>esset</span> <span class='ocrx_word' id='word_1_293' title='bbox 1370 2484 1550 2520; x_wconf 90' lang='lat' dir='ltr'>unanimis</span> <span class='ocrx_word' id='word_1_294' title='bbox 1574 2483 1727 2527; x_wconf 75' lang='lat' dir='ltr'>scripsi.-</span> <span class='ocrx_word' id='word_1_295' title='bbox 1754 2493 1827 2516; x_wconf 89' lang='lat' dir='ltr'>una</span> 
     </span>
     <span class='ocr_line' id='line_1_34' title="bbox 321 2540 1827 2581; baseline -0.005 -1"><span class='ocrx_word' id='word_1_296' title='bbox 321 2546 371 2580; x_wconf 85' lang='lat' dir='ltr'>eis</span> <span class='ocrx_word' id='word_1_297' title='bbox 397 2546 433 2580; x_wconf 91' lang='lat' dir='ltr'><em>P</em></span> <span class='ocrx_word' id='word_1_298' title='bbox 463 2545 644 2580; x_wconf 86' lang='lat' dir='ltr'>unanimis</span> <span class='ocrx_word' id='word_1_299' title='bbox 670 2545 743 2581; x_wconf 78' lang='lat' dir='ltr'>Sab</span> <span class='ocrx_word' id='word_1_300' title='bbox 776 2556 846 2579; x_wconf 86' lang='lat' dir='ltr'>una</span> <span class='ocrx_word' id='word_1_301' title='bbox 871 2547 963 2579; x_wconf 86' lang='lat' dir='ltr'>esset</span> <span class='ocrx_word' id='word_1_302' title='bbox 990 2544 1092 2579; x_wconf 83' lang='lat' dir='ltr'>Salm</span> <span class='ocrx_word' id='word_1_303' title='bbox 1232 2543 1275 2577; x_wconf 86' lang='lat'>14</span> <span class='ocrx_word' id='word_1_304' title='bbox 1300 2543 1569 2578; x_wconf 53' lang='lat' dir='ltr'>contiffiscamur</span> <span class='ocrx_word' id='word_1_305' title='bbox 1594 2541 1629 2575; x_wconf 89' lang='grc' dir='ltr'><em>Ρ</em></span> <span class='ocrx_word' id='word_1_306' title='bbox 1657 2540 1827 2574; x_wconf 86' lang='grc'><strong>601111666-</strong></span> 
     </span>
     <span class='ocr_line' id='line_1_35' title="bbox 322 2598 1735 2638; baseline -0.005 0"><span class='ocrx_word' id='word_1_307' title='bbox 322 2614 440 2638; x_wconf 83' lang='lat' dir='ltr'>camus</span> <span class='ocrx_word' id='word_1_308' title='bbox 465 2607 494 2638; x_wconf 74' lang='lat' dir='ltr'>c*</span> <span class='ocrx_word' id='word_1_309' title='bbox 666 2603 709 2638; x_wconf 88' lang='lat'>15</span> <span class='ocrx_word' id='word_1_310' title='bbox 734 2613 791 2637; x_wconf 85' lang='lat' dir='ltr'>sex</span> <span class='ocrx_word' id='word_1_311' title='bbox 816 2602 909 2638; x_wconf 83' lang='lat' dir='ltr'>Sab:</span> <span class='ocrx_word' id='word_1_312' title='bbox 943 2602 1002 2636; x_wconf 88' lang='lat' dir='ltr'>sed</span> <span class='ocrx_word' id='word_1_313' title='bbox 1028 2603 1063 2637; x_wconf 90' lang='lat' dir='ltr'><em>P</em></span> <span class='ocrx_word' id='word_1_314' title='bbox 1230 2601 1351 2635; x_wconf 84' lang='lat' dir='ltr'>Musas</span> <span class='ocrx_word' id='word_1_315' title='bbox 1375 2599 1518 2635; x_wconf 74' lang='lat' dir='ltr'>seclusit</span> <span class='ocrx_word' id='word_1_316' title='bbox 1543 2598 1735 2633; x_wconf 78' lang='lat' dir='ltr'>Meursius</span> 
     </span>
     <span class='ocr_line' id='line_1_36' title="bbox 324 2654 1827 2705; baseline -0.005 -10"><span class='ocrx_word' id='word_1_317' title='bbox 324 2662 386 2695; x_wconf 84' lang='lat' dir='ltr'>aut</span> <span class='ocrx_word' id='word_1_318' title='bbox 411 2661 448 2703; x_wconf 85' lang='lat' dir='ltr'>(a</span> <span class='ocrx_word' id='word_1_319' title='bbox 465 2661 558 2705; x_wconf 82' lang='lat' dir='ltr'>eras)</span> <span class='ocrx_word' id='word_1_320' title='bbox 577 2661 612 2695; x_wconf 90' lang='lat' dir='ltr'><em>P</em></span> <span class='ocrx_word' id='word_1_321' title='bbox 635 2662 676 2695; x_wconf 90' lang='lat' dir='ltr'>ut</span> <span class='ocrx_word' id='word_1_322' title='bbox 694 2660 768 2695; x_wconf 83' lang='lat' dir='ltr'>Sab</span> <span class='ocrx_word' id='word_1_323' title='bbox 906 2659 951 2694; x_wconf 82' lang='lat'>20</span> <span class='ocrx_word' id='word_1_324' title='bbox 975 2659 1017 2693; x_wconf 74' lang='lat' dir='ltr'>in</span> <span class='ocrx_word' id='word_1_325' title='bbox 1038 2670 1095 2704; x_wconf 77' lang='lat' dir='ltr'>my</span> <span class='ocrx_word' id='word_1_326' title='bbox 1283 2657 1401 2692; x_wconf 86' lang='lat' dir='ltr'>credet</span> <span class='ocrx_word' id='word_1_327' title='bbox 1426 2657 1462 2691; x_wconf 93' lang='lat' dir='ltr'><em>P</em></span> <span class='ocrx_word' id='word_1_328' title='bbox 1478 2666 1560 2691; x_wconf 77' lang='lat' dir='ltr'>corr</span> <span class='ocrx_word' id='word_1_329' title='bbox 1577 2666 1595 2690; x_wconf 87' lang='lat' dir='ltr'>c</span> <span class='ocrx_word' id='word_1_330' title='bbox 1727 2654 1772 2688; x_wconf 78' lang='lat'>23</span> <span class='ocrx_word' id='word_1_331' title='bbox 1789 2654 1827 2688; x_wconf 90' lang='lat' dir='ltr'>in</span> 
     </span>
     <span class='ocr_line' id='line_1_37' title="bbox 322 2712 1736 2762; baseline -0.005 -10"><span class='ocrx_word' id='word_1_332' title='bbox 322 2717 520 2762; x_wconf 82' lang='lat' dir='ltr'>mouendis]</span> <span class='ocrx_word' id='word_1_333' title='bbox 546 2717 582 2751; x_wconf 92' lang='lat' dir='ltr'>in</span> <span class='ocrx_word' id='word_1_334' title='bbox 611 2716 783 2752; x_wconf 85' lang='lat' dir='ltr'>nouandis</span> <span class='ocrx_word' id='word_1_335' title='bbox 814 2717 885 2752; x_wconf 85' lang='lat' dir='ltr'>Urs</span> <span class='ocrx_word' id='word_1_336' title='bbox 1070 2716 1116 2750; x_wconf 84' lang='lat'>24</span> <span class='ocrx_word' id='word_1_337' title='bbox 1140 2715 1318 2760; x_wconf 85' lang='lat' dir='ltr'>praesides</span> <span class='ocrx_word' id='word_1_338' title='bbox 1344 2714 1435 2749; x_wconf 78' lang='lat' dir='ltr'>Sab:</span> <span class='ocrx_word' id='word_1_339' title='bbox 1472 2712 1675 2758; x_wconf 87' lang='lat' dir='ltr'>praesidens</span> <span class='ocrx_word' id='word_1_340' title='bbox 1700 2712 1736 2746; x_wconf 96' lang='lat' dir='ltr'><strong><em>P</em></strong></span> 
     </span>
     <span class='ocr_line' id='line_1_38' title="bbox 322 2770 1826 2819; baseline -0.004 -11"><span class='ocrx_word' id='word_1_341' title='bbox 322 2774 366 2808; x_wconf 82' lang='lat'>27</span> <span class='ocrx_word' id='word_1_342' title='bbox 392 2774 592 2819; x_wconf 84' lang='lat' dir='ltr'>appaellata</span> <span class='ocrx_word' id='word_1_343' title='bbox 617 2775 653 2809; x_wconf 93' lang='lat' dir='ltr'><strong><em>P</em></strong></span> <span class='ocrx_word' id='word_1_344' title='bbox 835 2774 879 2809; x_wconf 83' lang='lat'>28</span> <span class='ocrx_word' id='word_1_345' title='bbox 912 2773 1099 2818; x_wconf 86' lang='lat' dir='ltr'>religiones</span> <span class='ocrx_word' id='word_1_346' title='bbox 1131 2773 1302 2808; x_wconf 79' lang='lat' dir='ltr'>Modius:</span> <span class='ocrx_word' id='word_1_347' title='bbox 1338 2772 1498 2816; x_wconf 84' lang='lat' dir='ltr'>regiones</span> <span class='ocrx_word' id='word_1_348' title='bbox 1523 2771 1558 2805; x_wconf 92' lang='lat' dir='ltr'><strong><em>P</em></strong></span> <span class='ocrx_word' id='word_1_349' title='bbox 1594 2770 1675 2804; x_wconf 88' lang='lat' dir='ltr'>deos</span> <span class='ocrx_word' id='word_1_350' title='bbox 1705 2778 1826 2803; x_wconf 87' lang='lat' dir='ltr'>omnes</span> 
     </span>
    </p>
   </div>
   <div class='ocr_carea' id='block_1_5' title="bbox 326 2831 811 2876">
    <p class='ocr_par' dir='ltr' id='par_1_5' title="bbox 326 2831 811 2876">
     <span class='ocr_line' id='line_1_39' title="bbox 326 2831 811 2876; baseline 0 -10"><span class='ocrx_word' id='word_1_351' title='bbox 326 2831 396 2867; x_wconf 82' lang='lat' dir='ltr'>Sab</span> <span class='ocrx_word' id='word_1_352' title='bbox 532 2832 576 2866; x_wconf 76' lang='lat'>29</span> <span class='ocrx_word' id='word_1_353' title='bbox 601 2832 750 2876; x_wconf 62' lang='lat' dir='ltr'>parti÷m</span> <span class='ocrx_word' id='word_1_354' title='bbox 775 2832 811 2866; x_wconf 91' lang='lat' dir='ltr'><strong><em>P</em></strong></span> 
     </span>
    </p>
   </div>
  </div>
 </body>
</html>
