2032 3248
351 211 430 252 142
754 207 947 242 Arnobii
979 207 1193 243 aduersus
1229 208 1435 243 nationes

698 827 995 900 LIBER-
1052 826 1498 905 QVARTVS

313 990 327 1029 Ι
413 967 670 1043 Interrogare
702 1001 773 1031 uos
804 989 906 1031 libet
935 989 1125 1043 ipsosque
1146 991 1241 1031 ante
1263 989 1401 1031 omnia
1422 990 1639 1039 Romanos,
1663 989 1845 1030 dominos

345 1070 482 1100 rerum
514 1070 560 1099 ac
590 1057 807 1111 principes,
838 1058 1031 1099 utrumne
1068 1057 1314 1099 existimetis
1350 1057 1556 1099 Pietatem
1581 1057 1844 1099 Concordiam

345 1124 531 1168 Salutem
569 1127 775 1169 Honorem
817 1126 1026 1168 Virtutem
1066 1126 1328 1168 Felicitatem
1367 1129 1578 1179 ceteraque
1612 1126 1845 1167 huiusmodi

345 1195 511 1237 nomina
548 1195 698 1249 quibus
738 1208 829 1238 aras
866 1195 1057 1237 uidemus
1088 1208 1112 1237 a
1142 1195 1258 1237 uobis
1290 1208 1384 1237 cum
1426 1194 1655 1249 magnificis
1686 1194 1844 1236 exaedi-
1878 1208 1891 1229 5

345 1264 485 1306 ficatas
526 1264 707 1306 delubris
748 1266 833 1306 uim
873 1264 1022 1306 habere
1061 1263 1246 1305 diuinam
1294 1263 1476 1317 caelique
1516 1263 1558 1305 in
1605 1262 1844 1318 regionibus

343 1333 488 1388 degere
527 1346 578 1375 an
608 1334 670 1375 ita
700 1335 746 1374 ut
778 1333 935 1375 adsolet
966 1333 1068 1375 dicis
1110 1345 1255 1383 causa,
1291 1344 1337 1374 ex
1368 1345 1412 1374 eo
1445 1332 1551 1385 quod
1583 1332 1772 1386 optamus
1805 1333 1846 1374 et

344 1402 535 1444 uolumus
567 1402 670 1444 bona
699 1402 780 1443 ista
810 1401 926 1443 nobis
966 1401 1228 1456 contingere,
1270 1412 1509 1455 superorum
1548 1401 1772 1442 retuleritis
1803 1401 1845 1442 in

227 1481 253 1516 f.
268 1481 329 1515 80b
345 1473 540 1512 censum?
585 1483 682 1512 nam
721 1470 756 1512 si
797 1470 923 1512 uerba
958 1469 963 1525 Ι
1000 1470 1286 1511 existimantes
1327 1470 1427 1511 haec
1468 1482 1581 1511 cassa
1617 1472 1657 1511 et
1689 1469 1844 1510 nullius

345 1539 599 1581 substantiae
636 1539 803 1581 nomina
833 1539 986 1580 diuinis
1018 1541 1156 1581 tamen
1187 1539 1422 1593 regionibus
1463 1538 1729 1588 consecratis,
1769 1538 1846 1579 erit
1862 1554 1892 1576 10

344 1608 460 1650 uobis
490 1608 727 1659 uidendum,
760 1608 952 1649 utrumne
982 1608 1096 1649 istud
1127 1607 1285 1662 puerile
1325 1608 1380 1650 sit
1416 1607 1621 1649 ludicrum
1664 1620 1714 1649 an
1753 1619 1845 1649 ues-

343 1677 500 1719 trorum
539 1677 758 1719 numinum
788 1676 1040 1718 delusionem
1082 1677 1290 1730 spectanS‚
1339 1677 1486 1730 quibus
1530 1677 1763 1730 coaequatis
1806 1678 1846 1718 et

344 1746 567 1800 adiungitis
607 1745 793 1788 inanium
833 1745 1030 1799 figmenta
1070 1746 1319 1788 uerborum?
1361 1746 1424 1787 sin
1467 1747 1606 1787 autem
1639 1759 1686 1787 ex
1716 1745 1844 1787 animi

344 1814 514 1856 certiore
544 1814 750 1856 sententia
781 1814 876 1856 deos
907 1826 992 1856 esse
1022 1814 1063 1855 et
1084 1814 1183 1855 haec
1203 1814 1284 1856 rati
1306 1814 1476 1868 templis
1498 1817 1539 1856 et
1560 1813 1843 1867 puluinaribus

343 1883 593 1933 honorastiS‚
641 1883 849 1925 inscitiam
895 1883 1080 1924 nostram
1120 1884 1167 1925 ut
1209 1883 1389 1925 doceatis
1431 1895 1615 1925 oramus:
1658 1882 1890 1925 Victoriam

343 1952 426 1994 Pax
456 1952 656 2006 Aequitas
687 1954 727 1993 et
765 1953 898 1994 cetera
936 1964 1038 2005 quae
1069 1952 1112 1993 in
1142 1952 1420 2005 superioribus
1463 1952 1572 1994 dicta
1609 1955 1704 1994 sunt
1743 1964 1841 2005 qua-

343 2034 437 2063 nam
468 2021 644 2071 ratione‚
684 2033 762 2074 qua
792 2020 863 2062 uia
893 2020 1082 2076 intellegi
1124 2021 1294 2074 possunt
1325 2021 1384 2062 dii
1417 2033 1504 2063 esse
1535 2021 1658 2074 atque
1689 2020 1740 2062 ad
1772 2032 1841 2061 su-

305 2093 531 2143 2perorum
563 2090 782 2132 concilium
812 2090 1042 2143 pertinere?
1082 2101 1154 2131 nos
1186 2089 1307 2141 enim,
1338 2090 1418 2132 nisi
1449 2090 1554 2132 forte
1586 2101 1843 2131 communem

346 2159 495 2201 tollitis
526 2159 642 2201 nobis
673 2161 795 2212 atque
837 2159 998 2213 eripitis
1029 2171 1214 2210 sensum,
1258 2159 1363 2201 nihil
1395 2160 1541 2201 horum
1573 2159 1772 2200 sentimus
1805 2159 1844 2200 et

345 2228 548 2269 cernimus
589 2227 735 2270 habere
775 2227 862 2269 uim
903 2227 1083 2269 numinis
1123 2241 1252 2282 neque
1289 2229 1333 2269 in
1374 2228 1513 2281 aliqua
1551 2227 1747 2269 contineri
1780 2227 1843 2268 sui
1859 2242 1891 2264 ρο

344 2296 502 2351 generis
534 2297 678 2347 forma,
711 2296 781 2338 sed
812 2308 899 2338 esse
929 2296 1130 2338 uirtutem
1163 2297 1257 2347 uiri,
1290 2297 1470 2339 salutem
1501 2296 1619 2349 salui,
1651 2296 1842 2338 honorem

344 2365 554 2416 honorati,
606 2365 773 2407 uictoris
803 2365 1039 2416 uictoriam,
1081 2365 1290 2407 concordis
1331 2365 1603 2416 concordiam,
1646 2364 1843 2418 pietatem

390 2557 411 2591 2
435 2557 580 2601 ipsoque
606 2557 642 2592 P
664 2567 746 2592 corr
770 2568 789 2593 c
926 2558 948 2592 3
973 2559 1139 2592 utrumne
1158 2557 1252 2592 sab.-
1278 2568 1446 2592 uerumne
1463 2558 1498 2592 P
1635 2558 1656 2592 5
1681 2557 1841 2591 exaedifi-

343 2614 422 2648 cata
446 2613 482 2647 P
501 2624 582 2648 corr
608 2616 638 2649 θ’
796 2614 815 2648 7
841 2614 923 2656 dici,
948 2624 989 2648 ex
1012 2624 1051 2649 eo
1076 2615 1266 2650 Her-aldus
1290 2614 1371 2656 dici,
1395 2625 1500 2649 causa
1524 2625 1562 2648 ex
1587 2625 1626 2649 ea
1652 2615 1754 2649 Salm

343 2670 365 2704 9
390 2681 487 2704 cassa
512 2671 604 2705 Sab:
622 2682 726 2706 causa
749 2672 785 2706 P
885 2671 928 2706 10
944 2673 1064 2706 tamen
1088 2671 1176 2707 Urs:
1193 2674 1269 2706 tam
1288 2672 1327 2706 in
1344 2673 1381 2706 P
1395 2674 1515 2706 tamen
1533 2672 1568 2705 in
1588 2672 1661 2706 Sab
1763 2671 1843 2705 reli-

343 2726 509 2772 gionibus
534 2727 601 2763 Urs
732 2728 963 2764 consecrastis
987 2729 1055 2764 Urs
1188 2730 1229 2765 11
1247 2731 1412 2763 utrumne
1430 2729 1521 2764 Sab:
1542 2729 1704 2763 uirumne
1722 2729 1756 2761 P

345 2782 389 2818 12
403 2783 589 2818 numinum
603 2785 721 2820 Salm:
738 2785 781 2820 de
796 2785 982 2820 numinum
994 2787 1029 2819 P
1042 2786 1087 2821 ad
1103 2786 1289 2821 numinum
1305 2786 1388 2829 Sab,
1402 2797 1422 2820 r
1525 2785 1740 2820 delusionem
1759 2785 1842 2826 Sab,

344 2852 383 2875 r.-
408 2840 586 2876 delusione
603 2843 638 2876 P
775 2843 818 2878 13
834 2842 888 2877 lex
903 2844 939 2877 P
952 2854 1035 2879 corr
1051 2846 1081 2879 ε’
1219 2843 1263 2879 15
1286 2843 1488 2879 honorastis
1506 2843 1600 2879 Sab:
1624 2843 1795 2878 onerastis
1812 2843 1846 2875 P
