2032 3248
366 240 449 282 208
775 237 963 272 Arnobii
1000 237 1217 272 aduersus
1249 236 1458 272 nationes

298 357 351 397 38
364 367 504 396 rerum
534 352 890 408 simplicissimam
922 352 1176 395 dictionem?
1206 354 1278 395 aut
1306 353 1438 408 igitur
1469 353 1621 395 debent
1651 354 1869 409 allegorico

366 435 511 479 genere
541 422 680 465 omnia
710 434 796 464 6336
827 421 982 475 scripta
1013 422 1054 464 et
1083 422 1218 475 posita
1249 422 1648 476 demonstrandaque
1675 422 1869 465 uniuersa

365 491 495 543 nobis,
527 492 599 533 aut
628 504 777 546 genere
803 492 884 533 isto
907 492 1186 546 conscriptum
1209 492 1269 533 est
1288 492 1406 543 nihil,
1439 492 1632 546 quoniam
1655 505 1741 535 esse
1762 492 1870 546 quod

365 561 600 603 concretum
640 561 758 615 quasi
797 561 912 615 parte
953 574 999 603 ex
1035 560 1208 603 historia
1247 560 1302 603 sit
1331 563 1448 615 parte
1479 575 1526 603 ex
1564 561 1761 617 allegoria
1789 573 1869 603 non

363 631 541 672 uidetur.
593 629 813 685 allegorico
853 642 1000 684 genere
1040 630 1194 684 scripta
1231 631 1328 672 sunt
1364 630 1464 673 11366
1499 630 1650 673 01111113.
1696 630 1868 672 minime
1901 645 1915 669 ⁵

363 699 478 741 istud
508 700 674 742 uidetur
705 701 873 742 certum.
921 711 1002 752 qua
1033 699 1232 753 quaeritis
1262 700 1433 750 ratione,
1466 712 1547 753 qua
1577 701 1727 741 causa?
1772 699 1869 753 quia

364 781 483 811 omne
514 768 622 822 quod
652 769 816 823 gestum
848 769 911 810 est
939 769 981 810 et
1009 768 1053 810 in
1084 768 1259 810 alicuius
1282 768 1414 822 operis
1436 768 1647 810 euidentia
1666 768 1868 810 constitu-

362 838 455 879 tum
485 838 790 880 conuersionem
820 849 901 879 non
930 838 1066 890 potest
1096 837 1140 879 in
1170 838 1437 893 allegoricam
1458 837 1573 887 duci3
1606 849 1737 891 neque
1758 837 1869 879 6111111

363 907 500 960 potest
543 906 744 949 infectum
789 918 874 948 esse
915 906 1023 959 quod
1063 905 1223 948 factum
1262 907 1325 948 est
1356 909 1428 948 aut
1458 907 1518 948 rei
1550 907 1691 962 gestae
1719 907 1870 948 natura

362 974 407 1016 in
438 975 616 1017 alienam
648 976 785 1028 potest
816 975 1058 1030 degenerare
1089 976 1294 1018 naturam.
1339 975 1543 1029 numquid
1581 976 1737 1018 bellum
1766 975 1868 1016 Ilia·
1884 989 1916 1012 ιο

365 1057 458 1087 611111
494 1045 537 1087 111
577 1045 829 1087 Socraticam
868 1044 978 1086 uerti
1019 1045 1403 1087 condemnationem
1433 1045 1588 1098 potest,
1631 1045 1704 1087 aut
1732 1057 1870 1099 pugna

362 1113 437 1155 illa
458 1113 683 1156 Cannensis
704 1114 946 1168 proscriptio
967 1113 1056 1156 fieri
1077 1114 1380 1168 crudelitasque
1401 1113 1598 1169 Syllana?
1618 1114 1755 1168 potest
1776 1113 1869 1167 qui-

245 1190 268 1224 f.
283 1193 347 1225 118
363 1182 457 1225 dem
478 1184 736 1238 proscriptio,
759 1183 1105 1237 quemadmodum
1128 1183 1132 1239 Ι
1155 1184 1316 1226 Tullius
1333 1183 1452 1235 ludit,
1474 1196 1613 1239 pugna
1631 1183 1713 1225 dici
1729 1182 1870 1237 appel-

361 1252 521 1306 larique
541 1252 778 1304 Cannensis,
810 1252 881 1295 sed
904 1266 1006 1307 quae
1027 1254 1144 1307 gesta
1174 1254 1237 1295 est
1267 1253 1423 1295 dudum
1444 1266 1594 1308 pugna,
1624 1265 1762 1308 pugna
1783 1263 1869 1294 esse

362 1334 441 1364 non
471 1323 604 1375 potest
634 1323 855 1376 eademque
885 1322 1151 1377 proscripti03
1182 1335 1314 1376 neque
1346 1323 1456 1364 enim
1485 1323 1593 1376 quod
1621 1323 1787 1376 gestum
1809 1322 1870 1363 est
1883 1335 1916 1360 15

361 1391 497 1445 potest
533 1391 649 1433 aliud
687 1393 735 1434 ut
772 1392 857 1434 dixi
895 1405 1019 1446 quam
1055 1392 1099 1433 id
1138 1404 1223 1434 esse
1260 1392 1368 1446 quod
1408 1393 1574 1448 gestum
1605 1392 1689 1443 est,
1722 1391 1794 1433 aut
1825 1390 1868 1431 in

363 1460 542 1502 alienam
582 1460 764 1515 migrare
803 1461 1079 1503 substantiam
1109 1461 1152 1503 id
1185 1463 1291 1515 quod
1322 1462 1364 1503 in
1394 1462 1439 1503 ui
1469 1461 1631 1515 propria
1673 1460 1795 1513 atque
1824 1460 1868 1501 in

296 1531 348 1571 39
363 1529 428 1571 sui
458 1530 619 1584 generis
651 1530 852 1583 qualitate
883 1529 1061 1571 defixum
1094 1531 1168 1572 est.
1216 1530 1321 1572 unde
1343 1530 1475 1584 igitur
1496 1530 1715 1583 probamus
1736 1528 1867 1569 histo-

361 1598 445 1640 rias
477 1598 548 1640 has
580 1610 720 1640 omnes
751 1611 889 1640 rerum
910 1611 996 1640 esse
1018 1599 1231 1653 gestarum
1253 1599 1601 1652 conscriptiones?
1634 1611 1679 1640 ex
1701 1598 1868 1640 sollem-

361 1667 482 1710 nibus
514 1667 674 1709 scilicet
705 1668 829 1710 sacris
861 1668 984 1721 atque
1015 1666 1233 1710 initiorum
1262 1668 1485 1722 mysteriis,
1518 1668 1586 1710 uel
1617 1681 1720 1721 quae
1747 1666 1870 1709 statis
1883 1682 1916 1708 20

361 1735 467 1777 fiunt
504 1736 757 1790 temporibus
789 1748 835 1778 36
863 1736 1006 1778 diebus
1038 1737 1108 1779 uel
1146 1750 1248 1791 quae
1278 1737 1322 1778 in
1352 1737 1493 1779 abdito
1524 1736 1695 1779 tradunt
1726 1736 1870 1790 gentes

361 1805 487 1846 moris
517 1805 672 1859 proprii
703 1805 980 1859 perpetuitate
1010 1806 1188 1847 seruata.
1234 1818 1364 1859 neque
1395 1806 1506 1847 6111111
1528 1805 1777 1848 616(1611(111111
1807 1805 1870 1847 est

361 1874 448 1916 sine
478 1874 563 1916 suis
595 1874 825 1928 originibus
854 1874 955 1916 11366
985 1886 1093 1926 6336,
1132 1875 1287 1917 frustra
1318 1875 1440 1928 atque
1471 1874 1649 1916 inaniter
1675 1874 1765 1915 fieri
1794 1886 1869 1915 nec

361 1943 510 1985 habere
557 1943 793 1985 coniunctas
837 1943 983 1996 primis
1030 1943 1366 1986 institutionibus
1412 1956 1568 1986 causas.
1615 1940 1736 1996 pinus
1777 1941 1865 1993 illa,

362 2012 618 2054 sollemniter
647 2025 749 2065 quae
779 2012 822 2053 in
852 2012 998 2054 matris
1021 2012 1198 2054 infertur
1219 2013 1409 2054 sanctum
1430 2012 1565 2064 deum,
1598 2023 1730 2053 nonne
1750 2011 1867 2052 illius
1881 2023 1914 2049 25

360 2080 496 2134 imago
529 2081 591 2122 est
620 2081 792 2131 arboris,
825 2080 899 2122 sub
931 2093 1011 2134 qua
1041 2081 1122 2123 sibi
1144 2082 1259 2123 Attis
1291 2082 1427 2123 uirum
1449 2081 1647 2123 demessis
1670 2080 1865 2135 genitali—

361 2149 438 2191 bus
469 2149 645 2191 abstulit
676 2149 716 2191 et
749 2162 872 2202 quam
902 2150 1136 2192 memorant
1166 2151 1306 2192 diuam
1336 2150 1380 2192 in
1412 2150 1608 2192 solatium
1639 2150 1867 2191 3111601136-

363 2218 541 2260 crauisse
590 2219 817 2260 maeroris?
867 2219 1103 2272 phallorum
1149 2218 1224 2260 illa
1269 2219 1598 2271 fascinorumque
1648 2218 1864 2268 subrectio,

500 2320 543 2354 13
567 2319 639 2355 Cic.
664 2331 729 2365 pro
754 2320 856 2356 Rosc.
882 2321 1001 2357 Amer.
1026 2321 1070 2356 89

407 2402 427 2436 1
463 2402 594 2446 rerum]
633 2401 793 2437 Cererem
825 2402 1016 2437 Mem-sius
1201 2402 1223 2436 2
1259 2401 1602 2447 demonstrandaque
1634 2402 1671 2436 P
1697 2412 1775 2436 corr

359 2459 383 2494 4
407 2461 609 2494 concretum
634 2460 786 2503 scripsi.-
818 2459 973 2494 creditur
999 2460 1035 2494 P
1187 2459 1338 2494 historia
1362 2460 1511 2504 scripsi:
1543 2458 1716 2493 historiae
1740 2459 1777 2493 P

359 2517 409 2552 sit
433 2519 533 2561 parte
558 2528 598 2551 ex
621 2517 795 2562 allegoria
811 2517 941 2552 addidi
1079 2517 1100 2552 6
1124 2528 1194 2562 qua
1209 2517 1380 2562 quaeritis
1412 2517 1601 2552 Oehlerus:
1634 2515 1806 2560 quaeritis
1832 2515 1867 2550 P

360 2574 531 2619 quaeritis
556 2585 624 2619 qua
649 2574 722 2609 Sab
864 2574 884 2608 7
910 2575 1114 2609 constutum
1139 2575 1176 2610 P
1199 2585 1280 2610 corr
1305 2577 1333 2609 c'
1360 2574 1597 2609 constitutum
1622 2574 1676 2607 est
1702 2573 1773 2608 Sal>

359 2632 382 2666 8
406 2632 634 2666 conuersione
655 2632 723 2667 Urs
862 2632 1067 2677 allegoriam
1092 2632 1160 2667 Urs
1298 2632 1342 2667 14
1366 2642 1496 2677 pugna,
1520 2642 1639 2676 pugna
1663 2630 1752 2665 Urs.-
1775 2640 1863 2674 pug-

359 2699 407 2722 na
432 2689 468 2723 P
617 2690 661 2724 15
686 2689 878 2733 eademque
902 2689 997 2724 Sab:
1033 2689 1154 2723 eadem
1178 2689 1365 2733 eademque
1390 2690 1427 2724 P
1577 2688 1620 2722 21
1645 2689 1767 2732 gentes
1793 2687 1865 2731 (uel

359 2745 532 2790 initiatis)
567 2746 654 2781 Urs.-
678 2746 810 2802 genitis
835 2747 871 2781 P
1007 2746 1199 2781 traduntur
1224 2747 1380 2781 initiatis
1405 2746 1505 2781 Salon
1642 2745 1686 2779 23
1711 2744 1865 2778 inaniter

367 2814 457 2849 Urs.-
473 2814 570 2848 inaia
587 2816 620 2849 P
633 2816 756 2850 inania
774 2815 856 2858 Sab,
872 2826 892 2850 r
1044 2816 1090 2850 25
1106 2815 1210 2850 deum
1226 2816 1433 2850 Meursius:
1458 2815 1540 2849 deae
1557 2815 1593 2849 P
1729 2814 1773 2848 27
1792 2823 1862 2847 me-

358 2873 519 2906 morant»
545 2874 579 2906 P
714 2872 759 2907 28
775 2873 976 2917 phallorum
995 2873 1116 2909 Salm:
1140 2874 1307 2908 fanorum
1325 2874 1362 2908 P
1383 2872 1668 2918 ithyphallorum
1686 2871 1757 2906 Sab
