2032 3248
785 224 915 259 Liber
947 225 986 258 v.
1550 227 1625 268 197

138 337 349 390 adquirere
380 337 530 391 generi,
562 341 650 379 tum
678 339 858 392 longiore
889 339 939 380 ab
971 339 1128 380 incuria
1157 339 1314 389 liberat,
1348 339 1448 381 facit
1470 352 1627 382 sumere

138 404 324 447 habitum
366 406 568 458 puriorem
601 409 640 447 et
672 407 713 447 in
745 407 920 459 speciem
961 407 1134 461 leuigari
1176 409 1353 448 nondum
1385 407 1476 449 duri
1506 410 1627 461 atque

139 473 355 527 hystriculi
377 474 571 525 pusionis.
604 475 710 516 redit
732 475 781 516 ad
803 475 919 516 deam
942 476 1103 516 tristem
1126 476 1166 516 et
1183 475 1290 516 iuter
1311 476 1381 516 illa
1398 477 1629 518 communia

138 542 284 595 quibus
322 542 447 584 moris
486 544 547 584 est
585 542 771 597 frangere
809 556 854 584 ac
894 546 1117 596 temperare
1155 555 1354 585 maerores
1400 545 1549 598 retegit
1588 558 1629 586 se

110 610 269 663 :sipsam
302 611 424 663 atque
455 612 590 652 omnia
621 612 698 652 illa
727 611 892 664 pudoris
923 612 1012 653 loca
1043 612 1238 653 reuelatis
1270 613 1470 654 monstrat
1491 613 1629 667 ingui-

137 679 269 721 nibus.
321 680 443 731 atque
474 680 572 732 pubi
604 679 747 734 adfigit
787 680 923 721 0011103
955 680 1051 721 diua
1082 680 1121 720 et
1152 680 1328 721 inauditi
1359 681 1490 734 specie
1522 682 1628 723 sola-

138 748 259 788 minis
291 748 490 800 pascitur:
523 749 613 789 tum
643 748 830 790 diffusior
851 748 960 790 facta
981 761 1051 802 per
1073 748 1201 790 risum
1224 751 1482 802 aspernatam
1503 750 1630 791 sumit

139 816 259 868 atque
291 816 419 856 ebibit
449 817 668 868 potionem,
702 818 742 858 et
773 817 879 869 quod
902 817 972 858 diu
993 817 1179 869 nequiuit
1202 818 1446 858 uerecundia
1466 818 1627 859 Baubo-

139 884 200 925 nis
232 884 454 937 exprimere
492 885 725 937 propudiosi
764 885 953 926 facinoris
994 885 1161 926 extorsit
1189 885 1426 926 obscenitas.
1475 886 1629 927 calum-
1645 886 1696 926 26

95 969 127 993 ιο
140 952 244 993 niari
266 965 336 993 nos
358 953 538 1005 improbe
560 953 594 993 si
616 953 706 1005 quis
729 953 830 994 forte
851 953 1063 994 hominum
1086 953 1326 1006 suspicatur,
1349 954 1473 996 libros
1495 956 1631 996 sumat

141 1021 319 1063 Threicii
357 1021 484 1073 uatis,
532 1033 629 1074 quos
668 1022 929 1074 antiquitatis
968 1022 1204 1063 memoratis
1244 1035 1329 1064 esse
1368 1022 1552 1073 diuinae,
1593 1025 1632 1065 et

140 1089 319 1131 inueniet
358 1102 428 1131 nos
465 1090 569 1131 nihil
607 1102 736 1142 neque
776 1090 921 1131 callide
960 1090 1110 1144 fingere
1149 1103 1275 1143 neque
1307 1103 1383 1143 quo
1415 1091 1498 1132 31111
1530 1091 1631 1132 113111

141 1157 261 1198 deum
293 1170 483 1210 quaerere
514 1159 635 1210 atque
667 1157 823 1199 efficere
854 1158 1105 1199 sanctitates.
1148 1158 1253 1212 ipsos
1286 1171 1460 1211 namque
1482 1158 1523 1199 in
1546 1173 1631 1200 me-

142 1225 206 1267 dio
238 1238 431 1279 ponemus
463 1238 618 1277 uersus,
650 1238 748 1279 quos
774 1225 980 1279 Calliopae
1010 1226 1119 1267 filius
1152 1239 1217 1267 ore
1249 1226 1378 1267 edidit
1408 1225 1561 1269 Graeco
1593 1228 1633 1269 et

96 1313 126 1336 15
141 1295 339 1336 cantando
370 1307 441 1348 per
471 1295 634 1336 saecula
665 1294 744 1335 iuri
775 1294 1006 1347 publicauit
1037 1294 1233 1336 humano:

276 1363 334 1404 310
367 1362 490 1404 effata
522 1362 647 1403 simul
679 1363 836 1404 uestem
869 1363 1070 1404 contraxit
1102 1363 1151 1404 ab
1183 1363 1265 1403 imo

275 1431 505 1484 obiecitque
535 1431 662 1472 oculis
694 1430 888 1472 formatas
919 1430 1154 1484 inguinibus
1186 1443 1268 1472 res:

275 1501 301 1550 †
324 1511 423 1552 quas
454 1511 554 1541 caua
584 1499 815 1540 succutiens
843 1497 847 1553 Ι
875 1499 1013 1540 Baubo
1044 1511 1168 1540 manu
1198 1523 1254 1529 —-
1284 1512 1380 1541 nam
1412 1500 1577 1552 puerilis
1644 1513 1745 1545 f.112

275 1567 367 1608 ollis
398 1567 539 1609 uultus
571 1568 656 1608 erat
688 1592 740 1597 —
772 1567 942 1620 plaudit,
976 1568 1200 1609 contrectat
1230 1568 1369 1609 amice.

94 1656 126 1680 20
274 1638 365 1676 tum
396 1637 470 1677 dea
501 1635 681 1690 defigens
713 1636 879 1689 augusti
910 1636 1080 1677 luminis
1112 1636 1226 1677 orbes

276 1705 468 1746 tristitias
500 1704 629 1746 animi
660 1704 829 1758 paulum
860 1704 1023 1745 mollita
1053 1704 1230 1757 reponit:

277 1773 370 1813 inde
400 1785 524 1813 manu
556 1773 718 1825 poclum
751 1772 878 1813 sumit
908 1772 1070 1825 risuque
1102 1773 1283 1825 sequenti

275 1840 461 1893 perducit
492 1841 626 1881 totum
659 1840 840 1894 cyceonis
871 1840 978 1881 laeta
1014 1840 1226 1892 liquorem.

141 1908 237 1961 quid
268 1908 542 1950 Erechthidae
574 1921 595 1950 ο
627 1908 727 1959 cati,
775 1907 872 1960 quid
917 1908 1025 1949 ciues
1066 1908 1259 1949 Mineruii
1297 1907 1466 1949 dicitis?
1511 1909 1631 1950 hauet

278 2000 320 2033 13
347 2009 419 2042 sqq.
449 1998 470 2031 l.
497 2010 525 2033 0.
552 1999 582 2037 2,
608 1999 648 2032 21

189 2082 205 2114 1
232 2079 361 2124 generi,
387 2081 463 2111 111111
483 2078 602 2111 Salm:
627 2078 759 2121 generi.
786 2088 865 2111 cum
884 2078 919 2111 P
942 2077 1084 2120 generi:
1110 2087 1188 2110 cum
1213 2077 1281 2111 Sab
1307 2077 1444 2121 generi:
1471 2088 1545 2111 eam
1566 2078 1632 2112 Gel

142 2137 343 2179 gener-icum
374 2135 444 2169 Urs
477 2134 693 2178 genetricum
724 2135 919 2168 Liuineius
1100 2135 1121 2167 3
1155 2133 1342 2177 hystriculi
1366 2134 1512 2177 scripsi:
1550 2135 1631 2168 stri-

142 2193 211 2226 culi
237 2193 272 2226 P
415 2192 506 2225 redit
531 2192 574 2225 ad
601 2191 683 2231 Sub,
711 2202 748 2224 r:
782 2190 971 2234 reditalad
998 2191 1032 2224 P
1064 2190 1154 2224 redit
1180 2190 1231 2224 ita
1257 2190 1299 2223 ad
1326 2191 1541 2224 Stewechius

141 2250 162 2283 6
188 2249 306 2294 affigit
331 2249 421 2284 Sab:
447 2248 566 2282 adficit
592 2249 626 2282 P
730 2248 841 2292 specie
867 2248 956 2282 Sab:
982 2247 1111 2290 species
1130 2248 1164 2281 P
1265 2249 1286 2280 ὅ
1311 2247 1490 2290 neequiuit
1508 2248 1543 2281 P

142 2318 354 2351 uerucundia
372 2318 408 2351 P
543 2318 583 2351 11
602 2316 718 2350 treicii
738 2317 772 2349 P
906 2316 947 2349 13
965 2316 1170 2349 sanctitates
1190 2315 1282 2349 Sab:
1301 2305 1491 2349 sanctitate
1510 2316 1544 2349 P

142 2375 185 2408 14
210 2386 331 2408 uersus
358 2375 449 2409 Sal).-
475 2384 590 2407 uersos
616 2374 651 2407 P
788 2372 966 2415 Calliopae
990 2372 1301 2405 Hildebrandius:
1326 2372 1469 2415 calliope
1496 2372 1531 2406 P
1554 2373 1632 2406 Cal-

142 2431 251 2475 liopes
278 2432 347 2465 Sub
501 2441 604 2474 greco
631 2431 665 2464 P
815 2430 857 2462 15
881 2429 1072 2463 cantandos
1104 2429 1259 2463 Orellius
1407 2429 1487 2472 iuri]
1515 2431 1632 2472 generi

149 2488 218 2521 Urs
357 2488 399 2521 16
425 2487 504 2521 sinu
532 2487 735 2520 Lambinus
874 2486 912 2518 17
940 2485 1109 2519 formatas
1135 2484 1341 2528 inguinibus
1368 2485 1456 2518 Sab:
1485 2485 1634 2519 formata

144 2545 343 2587 sanguinib›
374 2545 407 2578 P
546 2545 587 2576 18
613 2543 754 2576 Baubus
780 2544 894 2576 nianu'
921 2542 966 2575 N.
989 2542 1161 2575 Heinsius
1186 2541 1314 2575 Bacchi
1338 2544 1452 2574 manu'
1479 2542 1634 2576 Ioannes

144 2603 309 2636 Ani-atus
465 2601 506 2634 19
531 2601 591 2634 0111
620 2600 692 2633 Sab
846 2599 954 2632 amice
984 2599 1065 2632 Uel:
1099 2598 1227 2631 amicae
1255 2598 1289 2630 P
1440 2600 1634 2632 contrectat

144 2659 265 2702 amice]
299 2661 458 2692 conctata
485 2658 591 2691 micae
611 2657 681 2690 Sao
819 2657 861 2689 21
888 2655 1024 2688 tristias
1050 2655 1084 2688 P
1100 2665 1180 2689 corr
1318 2655 1362 2688 22
1386 2655 1522 2697 poclum
1542 2655 1634 2689 Sab:

144 2716 305 2758 poculum
332 2717 364 2747 P
524 2714 663 2756 risuque
691 2712 781 2746 Sab:
807 2712 983 2754 risuqucm
1010 2711 1042 2743 P
1204 2710 1245 2742 24
1271 2709 1497 2743 Erichthidae
1522 2721 1540 2743 0
1565 2709 1633 2743 cati

147 2773 334 2806 Pithoeus:
360 2771 466 2805 0111111
491 2770 626 2803 deocati
654 2770 688 2802 P
712 2768 901 2802 Erichtheo
927 2767 993 2800 sati
1022 2767 1094 2801 Sao
1258 2766 1423 2799 Mineruii
1451 2766 1539 2800 Sab:
1574 2766 1634 2799 mi-

146 2829 240 2861 1101111
271 2829 303 2861 P
441 2832 519 2861 auet
547 2827 637 2861 Sab:
662 2826 768 2860 habet
797 2826 828 2858 P
