2032 3248
356 211 440 252 5282
990 206 1233 250 Appendix.

360 314 562 361 dimisisse,
595 325 689 362 quos
710 314 907 352 iubeamur
928 325 950 350 a
971 313 1129 351 Domino
1151 324 1218 360 pro
1240 324 1353 351 causa
1373 313 1587 352 deuotionis
1609 313 1747 351 odisse.
1785 325 1864 352 me-

356 384 432 421 lius
454 395 554 421 nunc
574 382 722 421 saluam
744 383 908 420 animam
930 394 1037 420 suam
1058 382 1224 420 moriens
1248 381 1450 429 dereliquit
1466 381 1506 419 in
1523 394 1626 429 pace,
1648 393 1695 419 ne
1717 382 1756 420 in
1772 394 1860 430 per-

357 452 550 491 secutione
573 452 765 490 dimittere
788 463 871 490 cum
893 463 960 490 suo
983 451 1142 489 interitu
1162 463 1239 489 non
1260 451 1420 488 ualeret.
1453 451 1535 498 ipse
1557 451 1635 489 illis
1657 451 1864 490 auxiliatur

357 522 395 559 in
416 521 577 568 mundo,
615 532 775 569 quorum
795 522 917 558 mater
938 520 1088 558 habitat
1110 519 1149 558 in
1173 520 1296 566 caelo,
1335 521 1372 557 et
1421 520 1486 567 qui
1528 521 1641 558 matri
1682 521 1859 558 subuenit

355 593 393 628 et
433 589 525 628 filiis
567 601 635 638 pro
687 591 788 629 certo
841 590 1040 628 succurrit.
1092 590 1280 637 postremo
1333 589 1418 626 uide
1459 589 1492 626 si
1527 590 1663 627 debeat
1718 588 1890 637 aliquid5

356 659 476 697 dolori
517 659 690 706 concedi,
740 659 805 697 ubi
847 660 927 697 sine
969 658 1096 707 aliquo
1133 658 1299 696 remedio
1339 660 1466 706 potest
1507 659 1655 696 animus
1692 658 1863 707 fatigari.

355 728 546 776 sapienter
568 729 679 766 debet
701 729 828 766 dolere
845 727 911 775 qui
932 728 1034 766 dolet
1055 739 1100 766 ne
1123 728 1258 776 perdat
1275 727 1356 765 sine
1373 739 1487 765 causa
1508 727 1608 775 quod
1630 727 1746 765 dolet.
1765 739 1865 766 nunc

355 799 480 835 autem
504 798 634 835 contra
649 797 793 835 luctum
810 798 991 835 sumenda
1010 799 1099 834 sunt
1116 808 1235 842 arma,
1258 798 1301 834 ut
1322 807 1409 843 spes
1431 797 1563 834 nostra
1585 796 1707 844 possit
1723 797 1864 834 habere

356 865 564 904 uictoriam.
598 865 861 913 principaliter
898 866 997 913 quod
1026 866 1209 904 Dominus
1244 865 1366 903 uoluit
1396 865 1588 913 suscipere
1611 866 1860 914 gratulemur.

355 935 489 972 deinde
511 935 600 982 quia
620 935 691 972 hoc
713 935 889 973 omnibus
910 935 949 972 iu
979 936 1116 973 mundo
1140 946 1347 981 commune,
1380 935 1534 972 additur
1566 934 1757 982 priuatum
1792 946 1859 982 pe·
1878 946 1911 971 10

357 1003 498 1041 culiare
521 1004 694 1041 nostrum
716 1004 816 1051 quod
837 1004 884 1041 ad
923 1003 1092 1050 requiem
1125 1004 1361 1042 deuocamur.
1399 1004 1571 1051 sequitur
1592 1003 1870 1042 consummatio>

355 1073 521 1111 omnium
542 1072 780 1120 gaudiorum,
816 1073 916 1120 quod
938 1072 976 1109 in
998 1073 1273 1110 resurrectione
1304 1072 1467 1110 inuicem
1489 1072 1597 1110 nobis
1619 1073 1778 1111 Domino
1800 1084 1862 1111 re-

358 1143 544 1180 formante
566 1142 787 1187 reddemur,
825 1143 924 1188 quod
956 1141 1151 1189 apostolus
1180 1141 1405 1188 pollicetur:
1448 1141 1559 1179 nolu
1573 1153 1672 1179 mus
1705 1141 1866 1189 igitur

354 1211 587 1259 ignorare
618 1222 723 1256 uos,
757 1210 970 1256 fratres,
1004 1211 1056 1248 de
1088 1210 1450 1248 dormientibus
1481 1211 1652 1248 utnon
1683 1210 1865 1249 contri-

354 1279 553 1317 stemini
585 1279 715 1317 sicut
761 1281 807 1317 et
839 1279 998 1317 ceteri
1026 1279 1110 1327 qui
1142 1290 1233 1316 non
1265 1291 1395 1327 spem
1426 1280 1622 1319 habent.
1670 1280 1711 1317 si
1743 1280 1864 1318 enim
1879 1290 1910 1314 15

353 1348 597 1386 credimus
639 1348 752 1396 quia
792 1348 907 1386 Iesu
938 1349 1156 1386 mortuus
1192 1349 1269 1386 est
1305 1350 1352 1386 et
1388 1349 1674 1396 resurrexit,
1720 1349 1791 1387 sic
1819 1351 1865 1386 et

351 1417 581 1456 Dominus
604 1428 684 1455 eos
706 1416 787 1465 qui
810 1417 1111 1454 dormierunt
1131 1428 1215 1464 per
1232 1417 1387 1455 Iesum
1409 1419 1615 1456 adducet
1637 1430 1736 1456 cum
1758 1418 1862 1457 illo.

353 1488 447 1526 haec
468 1487 554 1534 tibi,
586 1487 797 1533 benedicte,
821 1497 888 1533 pro
911 1486 1071 1523 caritate
1093 1486 1279 1524 communi
1300 1487 1507 1525 transmisi.
1541 1489 1707 1525 ceterum
1728 1487 1804 1525 scio
1827 1489 1864 1525 te

352 1556 447 1594 alios
484 1555 682 1594 consolari.
716 1557 806 1593 tunc
838 1566 877 1592 se
899 1554 1043 1592 orbitas
1073 1567 1148 1593 non
1178 1556 1346 1593 inueniet
1376 1556 1662 1603 penetrabilem,
1705 1556 1738 1594 si
1769 1555 1864 1594 alios

351 1627 482 1664 eontra
513 1625 620 1662 illam
650 1636 725 1662 non
746 1624 902 1662 cessetis
934 1636 1092 1662 armare.
1133 1626 1219 1672 opto
1250 1627 1301 1671 te,
1325 1625 1443 1663 frater
1474 1625 1681 1667 carissime,
1718 1635 1911 1672 semper20

351 1694 447 1733 bene
478 1693 605 1731 ualere
626 1695 664 1731 et
686 1693 810 1731 nostri
832 1693 1061 1731 meminisse.

444 1788 488 1822 13
512 1788 531 1822 I
557 1788 677 1822 Thess.
703 1787 736 1829 4,
764 1788 818 1822 13.
847 1788 901 1822 14.

444 1875 463 1909 1
491 1875 656 1909 iubemur
679 1876 702 1910 h
869 1886 931 1920 pro
957 1886 1023 1911 om.
1048 1876 1092 1909 rh
1255 1876 1368 1910 edisse
1398 1888 1414 1910 r
1577 1877 1598 1911 2
1623 1877 1741 1911 saluat
1766 1877 1818 1912 Zv

352 1933 569 1977 derelinquit
594 1933 653 1977 μῙι,
680 1933 852 1978 relinquit
878 1933 932 1968 Zv
1088 1944 1130 1967 ne
1155 1944 1221 1967 om.
1247 1934 1280 1967 Z
1434 1934 1471 1968 in
1498 1935 1754 1979 persecutione]
1782 1945 1861 1979 per-

352 1990 570 2025 secutionem
597 1991 650 2026 Zv
803 1990 824 2024 3
849 1990 1033 2024 dimittere
1060 2001 1126 2026 om.
1153 1992 1187 2024 Z
1336 1991 1423 2035 ipsis
1448 1992 1471 2025 h
1609 1992 1710 2025 illius
1735 1991 1776 2032 Z,
1804 1991 1860 2025 illi

350 2059 384 2090 v,
409 2058 476 2083 om.
502 2049 526 2082 h
689 2048 924 2082 auxiliabitur
948 2048 971 2082 h
1125 2048 1148 2082 4
1173 2050 1325 2082 matrem
1350 2050 1408 2083 ΖΙι
1569 2048 1726 2093 habitat]
1752 2048 1863 2083 habet

351 2106 436 2151 ΖμῘι
607 2106 669 2151 qui
694 2118 760 2141 om.
786 2118 833 2151 νμ
1005 2108 1026 2141 5
1049 2117 1113 2151 pro
1140 2108 1248 2151 certo]
1276 2108 1370 2141 certe
1395 2108 1419 2142 h
1592 2109 1771 2142 succurret
1794 2107 1818 2141 h

352 2163 444 2209 uide]
471 2163 553 2198 inde
579 2164 614 2198 Z
763 2164 902 2208 debeat]
928 2164 1063 2198 habeat
1087 2175 1107 2198 v
1259 2164 1395 2208 aliquid
1425 2164 1551 2199 debeat
1575 2165 1599 2199 Ιι
1751 2165 1772 2198 6
1797 2164 1862 2198 ali-

351 2222 430 2265 quis
455 2221 574 2256 dolore
600 2222 735 2256 concidi
761 2222 816 2256 Zv
967 2222 1120 2265 animus]
1148 2222 1280 2265 aliquis
1305 2222 1358 2256 Zv
1497 2223 1518 2256 9
1543 2223 1660 2256 uoluit
1685 2222 1769 2256 deus
1793 2223 1817 2256 h

352 2278 396 2312 10
419 2278 556 2324 deinde]
583 2278 735 2323 denique
761 2279 815 2314 Zv
1010 2279 1186 2324 omnibus]
1213 2279 1316 2313 nobis
1342 2280 1364 2313 70
1550 2290 1772 2314 communem
1796 2291 1816 2313 r

351 2335 495 2370 additur
520 2337 564 2380 Z,
590 2338 660 2370 est:
688 2336 833 2371 additur
857 2338 890 2377 le,
915 2336 1052 2371 aditum
1078 2347 1108 2377 r,
1141 2336 1305 2371 additum
1331 2350 1354 2381 μ
1597 2337 1768 2381 priuatim
1793 2338 1816 2372 h

351 2393 540 2439 peculiare]
567 2394 782 2438 particulare
806 2405 827 2428 v
980 2395 1021 2428 11
1048 2405 1254 2429 reuocamur
1279 2396 1341 2437 Zv,
1369 2395 1584 2430 deducamur
1608 2395 1631 2429 h
1782 2405 1861 2429 con-

351 2451 504 2484 sumatio
529 2451 606 2495 Ζνμ
760 2451 804 2484 12
830 2451 935 2496 quod]
963 2462 1053 2495 quae
1078 2452 1131 2487 Zv
1285 2453 1327 2487 13
1352 2453 1538 2488 reddemur
1563 2452 1667 2497 quod]
1694 2452 1861 2487 reddetur

351 2507 443 2541 sicut
467 2508 520 2543 Zv
685 2509 729 2544 14
753 2509 834 2543 11010
862 2520 924 2544 1108
949 2510 1112 2553 ignorare
1135 2510 1158 2543 h
1323 2511 1364 2545 15
1390 2521 1485 2555 spem
1510 2520 1578 2544 non
1603 2510 1737 2544 habent
1762 2510 1814 2545 Zv

352 2564 396 2598 16
422 2565 517 2610 quia]
546 2576 613 2609 quo
639 2566 682 2608 Z,
709 2566 801 2610 quod
825 2577 846 2601 v
1000 2566 1087 2611 iesu]
1115 2567 1269 2601 christus
1294 2568 1317 2602 h
1471 2568 1514 2601 17
1539 2557 1603 2601 (1118
1629 2578 1685 2601 008
1712 2581 1747 2612 μ,
1775 2567 1858 2602 (10118

352 2632 408 2655 eos
434 2622 467 2663 h,
492 2622 576 2657 deus
601 2634 631 2664 r,
658 2634 715 2658 eos
741 2624 796 2659 Zv
917 2634 978 2668 per
1002 2624 1129 2669 iesum]
1155 2624 1192 2658 in
1217 2625 1294 2658 iesu
1320 2626 1384 2666 Zv,
1411 2626 1448 2658 in
1474 2625 1606 2659 christo
1632 2626 1654 2659 h
1779 2625 1857 2670 illo]

351 2688 389 2712 eo
413 2678 466 2713 Zv
591 2680 635 2714 18
660 2680 854 2725 communi]
879 2682 1004 2715 mutua
1029 2682 1084 2715 Zv
1199 2682 1247 2727 te]
1275 2683 1393 2716 ualere
1418 2681 1503 2716 add.
1531 2683 1597 2723 Zh,
1626 2683 1713 2716 bene
1738 2682 1858 2716 ualere

352 2734 438 2769 add.
464 2746 485 2770 v
591 2737 633 2771 19
660 2748 696 2771 80
719 2749 779 2782 ru,
805 2739 841 2772 te
865 2738 945 2774 Zhv
1050 2738 1095 2783 81]
1121 2740 1157 2773 et
1181 2740 1216 2773 Z
1316 2739 1362 2773 20
1386 2738 1538 2773 cessabis
1564 2739 1627 2781 Zv,
1655 2750 1764 2774 cesses
1789 2740 1813 2774 h

351 2793 434 2835 opto
450 2793 721 2828 ...meminisse
747 2806 814 2829 om.
840 2796 873 2838 h,
900 2806 1002 2830 amen
1028 2796 1063 2830 Z
1068 2811 1077 2838 3
1104 2797 1222 2831 ualete
1248 2797 1332 2832 add.
1352 2810 1388 2841 μ,
1413 2816 1458 2821 -
1483 2796 1537 2831 Ad
1562 2797 1751 2831 'l'urasium
1778 2806 1858 2841 pre·

351 2848 531 2893 sbyterum
557 2850 702 2892 explicit
728 2852 768 2893 Z,
795 2863 860 2886 om.
886 2864 943 2897 νμ.
970 2873 1014 2878 -
