2032 3248
358 227 436 266 120
985 220 1227 266 Appendix.

351 329 485 366 timore
522 328 779 366 satisfactione
816 326 917 365 omni
939 327 1191 375 paenitentiae
1213 327 1260 364 ab
1282 325 1549 374 iniquitatibus
1571 326 1740 364 liberari.
1789 327 1857 364 sed

352 399 498 446 perstat
518 399 555 435 et
591 398 702 435 durat
736 397 859 435 adhuc
880 398 917 434 et
946 406 1093 444 semper
1127 397 1218 443 puto
1256 394 1407 432 durabit
1429 395 1476 432 ad
1497 406 1614 442 usque
1637 395 1856 443 progeniem

354 466 614 504 succidaneam
634 465 765 503 innata
785 467 934 512 patrum
955 464 1175 512 inreligiosa
1195 463 1364 511 perfidia,
1402 475 1496 511 quae
1518 464 1700 501 aduersus
1722 463 1851 501 odium

353 535 513 573 nominis
549 533 698 572 Domini
733 533 1012 572 incredulitatis
1049 533 1197 570 insania
1231 532 1407 570 roborata
1441 543 1511 570 nee
1544 533 1591 569 ad
1624 532 1853 570 noscendam

353 603 552 641 ueritatem
594 604 720 651 potest
759 602 898 650 corrigi
933 612 1001 639 nec
1031 601 1078 639 ad
1110 601 1282 639 timorem
1304 600 1371 638 Dei
1407 600 1526 648 ipsius
1548 600 1702 639 monitis
1726 601 1853 639 doceri
1872 619 1887 643 5

352 674 464 719 atque
500 672 663 710 suaderi.
695 683 779 709 cum
815 673 941 709 autem
973 671 1104 709 doceat
1125 670 1306 709 Dominus
1329 672 1367 709 et
1388 670 1564 708 ostendat
1585 670 1736 708 dicens:
1769 681 1855 718 ego

353 753 449 779 sum
471 741 628 779 lumen
650 737 862 778 saeculi:
894 741 941 778 et
962 739 1042 787 qui
1063 751 1130 777 me
1162 741 1361 778 secutus
1392 738 1550 777 fuerit
1581 750 1675 776 non
1705 739 1860 776 ambu-

351 809 480 848 labit
510 810 556 847 in
586 810 821 856 tenebris,
854 809 934 847 sed
965 809 1167 847 habebit
1198 809 1356 847 lumen
1386 808 1541 854 uitae,
1575 819 1687 856 quarn
1716 808 1860 846 malum

352 879 448 917 ratio
485 880 544 916 est
579 881 772 917 ostensum
810 877 995 916 diuinitus
1030 877 1133 915 uitae
1161 877 1288 916 lumen
1319 877 1493 916 omittere
1515 879 1552 915 et
1570 877 1712 914 mentis
1735 877 1857 915 caeci-

351 949 468 985 tatem
490 947 623 994 malle,
645 947 822 986 tenebras
843 947 975 985 mortis
997 947 1150 995 eligere,
1188 949 1230 984 ut
1259 948 1460 985 ostendant
1490 946 1744 984 damnationis
1769 957 1858 985 suae
1875 960 1909 985 10

352 1016 525 1064 propriae
567 1016 778 1054 uoluntatis
815 1015 936 1054 libera
964 1018 1002 1053 et
1035 1016 1141 1054 licita
1171 1015 1381 1062 perditione
1417 1017 1547 1054 contra
1582 1015 1703 1054 Deum
1739 1015 1855 1053 etiam

352 1085 420 1122 illa
440 1085 538 1123 nolle
560 1096 653 1132 quae
674 1086 863 1132 prosunt?
896 1085 1098 1123 secundum
1130 1085 1229 1133 quod
1250 1086 1287 1122 et
1318 1096 1384 1132 per
1405 1083 1556 1122 Domini
1576 1095 1705 1123 uocem
1727 1083 1855 1121 incre-

352 1156 480 1201 patam
502 1153 754 1200 Hierusalem,
785 1154 885 1201 quod
912 1153 1042 1201 colligi
1072 1153 1235 1192 noluerit
1256 1153 1333 1191 Deo
1356 1153 1461 1190 illam
1482 1154 1633 1191 uolente
1655 1152 1849 1200 colligere,

351 1221 520 1269 loquitur
551 1222 709 1269 spiritus
745 1227 898 1261 sanctus
932 1226 970 1260 et
1004 1223 1213 1261 bonitatem
1246 1222 1319 1260 Dei
1340 1222 1561 1260 manifestat
1596 1222 1858 1270 peccatoribus

352 1291 552 1330 subuenire
587 1292 728 1339 iugiter
765 1292 884 1330 uelle:
930 1291 1244 1330 Hierusalem
1275 1291 1607 1338 Hierusalem,
1639 1302 1760 1339 quae
1791 1291 1857 1328 in·
1874 1306 1906 1331 15

352 1360 553 1398 terficis
581 1362 846 1408 prophetas
878 1362 924 1398 et
954 1360 1148 1409 lapidas
1180 1372 1257 1399 eos
1288 1359 1369 1411 qui
1399 1360 1454 1398 ad
1484 1361 1532 1398 te
1563 1359 1703 1397 missi
1734 1361 1860 1406 sunt,

352 1429 582 1475 quotiens
632 1430 765 1468 uolui
815 1429 1057 1478 colligere
1107 1429 1253 1468 filios
1303 1431 1438 1476 tuos,
1489 1429 1618 1467 sicut
1668 1428 1861 1476 gallina

354 1497 560 1545 colligit
604 1498 750 1537 filios
797 1511 909 1538 suos
955 1499 1043 1537 sub
1089 1498 1304 1537 ascellas
1353 1510 1478 1545 81138,
1525 1500 1569 1536 et
1614 1497 1859 1536 noluisti?

354 1567 447 1604 adeo
488 1567 556 1605 Dei
591 1579 680 1606 uoce
717 1567 916 1606 manifeste
951 1568 1085 1616 perfidi
1120 1567 1249 1616 populi
1284 1567 1519 1606 contumacia
1555 1567 1769 1614 denotatur,
1811 1568 1858 1605 ut

354 1635 471 1673 etiam
493 1636 652 1674 salutem
674 1637 864 1685 propriam
885 1649 991 1675 suam
1013 1648 1159 1684 semper
1194 1637 1378 1675 aduersus
1400 1636 1623 1675 clementem
1645 1636 1859 1675 1018011001-
1875 1651 1908 1677 20

447 1784 468 1818 6
493 1783 545 1817 Io.
571 1784 602 1823 ὅ,
631 1783 681 1817 12.
827 1784 869 1818 15
894 1784 1026 1818 Matth.
1052 1784 1107 1825 23,
1132 1784 1185 1818 37.

448 1920 466 1954 1
492 1920 656 1955 timorem
682 1921 772 1964 Ztv;
797 1921 845 1963 cf.
866 1933 905 1966 p.
931 1924 1011 1966 126,
1039 1925 1059 1956 1
1189 1923 1305 1957 01111118
1331 1937 1355 1968 μ
1489 1923 1511 1957 2
1537 1923 1597 1967 (1111
1623 1923 1761 1967 perstat
1786 1922 1820 1956 Z

358 1980 442 2021 puto
468 1977 611 2012 durabit
635 1989 699 2013 om.
729 1979 802 2023 Τΐμ
954 1979 1010 2025 3(1]
1038 1981 1074 2014 et
1099 1980 1134 2014 Z
1280 1980 1302 2014 3
1328 1980 1570 2015 succedentem
1597 1980 1631 2014 Z
1760 1980 1862 2014 inno-

355 2037 430 2069 tam
456 2036 491 2069 Z
670 2037 836 2080 patruum
863 2036 920 2078 Tt,
945 2047 1011 2071 om.
1037 2038 1071 2071 Z
1241 2038 1485 2082 inreligiosam
1510 2038 1547 2072 in
1572 2037 1756 2082 perfidiam
1783 2038 1818 2071 Z

356 2093 377 2126 4
401 2093 525 2127 christi
550 2093 685 2128 domini
710 2094 742 2128 Z
916 2095 1093 2128 insaniam
1119 2096 1161 2135 Z,
1187 2095 1337 2129 infamia
1363 2106 1384 2130 v
1554 2095 1756 2129 roboratam
1783 2095 1819 2128 Z

355 2150 612 2194 agnoscendam
639 2165 662 2194 μ
831 2152 853 2186 5
877 2153 1005 2196 potest]
1031 2154 1210 2197 potestate
1241 2155 1272 2186 T
1273 2155 1303 2187 ιι
1470 2153 1489 2187 7
1516 2154 1551 2186 et
1577 2153 1650 2198 (1111]
1677 2153 1738 2197 (1111
1763 2153 1817 2187 Ζυ

356 2207 557 2242 ambulauit
586 2210 618 2243 T
737 2210 758 2244 8
783 2220 890 2253 quam
916 2210 990 2251 TZ,
1016 2210 1101 2244 haec
1126 2214 1150 2251 t,
1176 2221 1265 2254 quae
1290 2222 1337 2255 giz-
1455 2211 1550 2245 mala
1575 2211 1617 2251 Z,
1642 2210 1773 2244 maluit
1798 2213 1813 2244 t

356 2264 378 2298 9
403 2264 495 2299 ratio
522 2266 588 2310 est]
616 2266 752 2301 ratione
777 2270 835 2311 τμ“
981 2268 1078 2302 uitae
1103 2278 1168 2302 om.
1196 2269 1230 2302 Z
1366 2268 1550 2303 dimittere
1577 2269 1611 2302 Z
1749 2267 1861 2301 caeci·

357 2323 432 2356 tate
459 2334 505 2366 μυ
682 2324 726 2358 10
750 2324 872 2369 malle]
897 2325 988 2359 male
1014 2338 1050 2369 μ,
1076 2325 1169 2359 alere
1195 2330 1218 2366 t,
1245 2327 1304 2360 uel
1331 2327 1365 2360 Z
1540 2324 1666 2359 mortis
1692 2336 1736 2359 ex
1762 2334 1863 2358 mon-

356 2379 405 2412 tis
435 2380 468 2413 T
580 2380 745 2415 ostendat
769 2383 823 2416 t²v
941 2382 982 2416 11
1009 2382 1187 2427 propriam
1213 2383 1438 2417 uoluntatem
1462 2383 1496 2417 Z
1609 2382 1758 2417 liberam
1784 2383 1816 2415 Z

356 2435 525 2469 illicitam
549 2437 589 2479 Z.
615 2437 744 2471 illicita
771 2438 805 2472 T
925 2438 1119 2483 perditione
1145 2440 1212 2484 εἳμ,
1239 2440 1474 2484 perditionem
1496 2441 1592 2475 TZt¹
1732 2439 1776 2473 12
1802 2439 1858 2474 111-

357 2495 538 2536 crepatum
567 2495 606 2537 T,
633 2494 678 2528 ad
702 2495 913 2540 increpitam
939 2510 964 2540 μ
1149 2498 1192 2532 13
1218 2498 1323 2543 quod]
1350 2509 1419 2542 quo
1449 2499 1504 2537 Τί,
1530 2507 1596 2541 que
1622 2508 1666 2531 ea:
1693 2497 1755 2540 qui
1786 2510 1809 2541 μ

358 2550 472 2584 uoluit
497 2551 532 2584 Z
742 2552 820 2597 deo]
846 2553 939 2587 idem
965 2554 997 2587 Z
1210 2555 1310 2589 illam
1329 2583 1337 2591 .
1357 2582 1364 2590 .
1385 2581 1392 2589 .
1418 2557 1441 2590 l.
1468 2557 1517 2589 20
1542 2555 1637 2589 salut
1658 2558 1743 2598 post
1767 2555 1861 2588 esset

353 2618 392 2650 p.
420 2609 502 2646 124,
526 2611 548 2642 9
574 2609 713 2643 exhibet
737 2612 771 2643 Z
929 2611 1108 2645 uolentem
1134 2626 1168 2654 μ,
1195 2613 1379 2647 uoluntem
1410 2612 1455 2646 T¹
1627 2611 1671 2646 14
1696 2602 1756 2646 dni
1782 2612 1815 2646 Z

358 2675 428 2707 qua
453 2665 692 2707 peccatoribus
717 2667 850 2712 iugiter
875 2668 1061 2703 subuenire
1086 2670 1196 2704 uellet
1223 2671 1257 2704 Z
1368 2670 1410 2705 16
1435 2669 1517 2703 111181
1548 2670 1580 2704 T
1684 2670 1725 2703 17
1751 2670 1858 2713 filios]

359 2721 473 2765 pullos
497 2722 532 2755 Z
683 2724 725 2757 18
749 2725 897 2760 ascellas
926 2727 1009 2770 Τίμ,
1035 2727 1110 2760 3138
1135 2728 1176 2769 Ζ,
1201 2728 1328 2762 axillas
1353 2739 1374 2762 v
1530 2738 1611 2761 81138
1637 2738 1703 2762 om.
1730 2728 1814 2771 Ζμυ

360 2779 402 2811 19
428 2779 479 2822 ut]
507 2781 543 2813 et
569 2780 602 2813 Z
722 2781 768 2815 20
786 2787 869 2825 post
894 2783 990 2817 salut
1015 2783 1093 2818 eaeh.
1116 2784 1152 2817 Z
1173 2784 1305 2819 tionem
1329 2784 1483 2819 hominis
1508 2786 1591 2820 122.
1615 2787 1664 2818 8.
1684 2810 1693 2817 .
1713 2811 1721 2818 .
1742 2784 1859 2818 80111111

359 2837 439 2876 123,
467 2840 506 2870 11
649 2839 838 2884 propriam]
866 2842 1006 2874 sanctus
1033 2840 1227 2876 aduentum
1252 2843 1326 2876 eius
1352 2843 1389 2876 in
1414 2841 1592 2886 propriam
1618 2842 1653 2875 Z

2010 2298 2021 2357 —wn
2010 2162 2019 2202 „„-2
2012 1970 2020 2031 1,»,

2004 2530 2021 3248 ΜΨ-ι-ι-Μ-Ᾰυσ-ε-ενυ-ννη
