<?xml version="1.0" encoding="UTF-8"?>
<!DOCTYPE html PUBLIC "-//W3C//DTD XHTML 1.0 Transitional//EN"
    "http://www.w3.org/TR/xhtml1/DTD/xhtml1-transitional.dtd">
<html xmlns="http://www.w3.org/1999/xhtml" xml:lang="en" lang="en">
 <head>
  <title>
</title>
<meta http-equiv="Content-Type" content="text/html;charset=utf-8" />
  <meta name='ocr-system' content='tesseract 3.04.00' />
  <meta name='ocr-capabilities' content='ocr_page ocr_carea ocr_par ocr_line ocrx_word'/>
</head>
<body>
  <div class='ocr_page' id='page_1' title='image "./corpusscriptorum03cypruoft/corpusscriptorum03cypruoft_0652.png"; bbox 0 0 2032 3248; ppageno 0'>
   <div class='ocr_carea' id='block_1_1' title="bbox 298 1023 383 1060">
    <p class='ocr_par' dir='ltr' id='par_1_1' title="bbox 298 1023 383 1060">
     <span class='ocr_line' id='line_1_1' title="bbox 298 1023 383 1060; baseline 0.035 -4"><span class='ocrx_word' id='word_1_1' title='bbox 298 1023 342 1058; x_wconf 77' lang='grc'>42</span> <span class='ocrx_word' id='word_1_2' title='bbox 360 1025 383 1060; x_wconf 78' lang='lat' dir='ltr'>f.</span> 
     </span>
    </p>
   </div>
   <div class='ocr_carea' id='block_1_2' title="bbox 410 202 1483 244">
    <p class='ocr_par' dir='ltr' id='par_1_2' title="bbox 410 202 1483 244">
     <span class='ocr_line' id='line_1_2' title="bbox 410 202 1483 244; baseline 0.002 -8"><span class='ocrx_word' id='word_1_3' title='bbox 410 203 463 244; x_wconf 79' lang='lat'>72</span> <span class='ocrx_word' id='word_1_4' title='bbox 816 202 1007 237; x_wconf 91' lang='lat' dir='ltr'>Arnobii</span> <span class='ocrx_word' id='word_1_5' title='bbox 1033 202 1249 239; x_wconf 84' lang='lat' dir='ltr'>aduersus</span> <span class='ocrx_word' id='word_1_6' title='bbox 1273 204 1483 239; x_wconf 85' lang='lat' dir='ltr'>nationes</span> 
     </span>
    </p>
   </div>
   <div class='ocr_carea' id='block_1_3' title="bbox 405 328 1899 586">
    <p class='ocr_par' dir='ltr' id='par_1_3' title="bbox 405 328 1899 586">
     <span class='ocr_line' id='line_1_3' title="bbox 406 328 1896 384; baseline 0.001 -16"><span class='ocrx_word' id='word_1_7' title='bbox 406 341 587 381; x_wconf 90' lang='lat' dir='ltr'>unquam</span> <span class='ocrx_word' id='word_1_8' title='bbox 633 329 804 371; x_wconf 91' lang='lat' dir='ltr'>meritus</span> <span class='ocrx_word' id='word_1_9' title='bbox 850 334 1084 384; x_wconf 89' lang='lat' dir='ltr'>nuncupari.</span> <span class='ocrx_word' id='word_1_10' title='bbox 1145 343 1239 373; x_wconf 87' lang='lat' dir='ltr'>cum</span> <span class='ocrx_word' id='word_1_11' title='bbox 1283 330 1394 373; x_wconf 87' lang='lat' dir='ltr'>enim</span> <span class='ocrx_word' id='word_1_12' title='bbox 1431 343 1503 373; x_wconf 92' lang='lat' dir='ltr'>uos</span> <span class='ocrx_word' id='word_1_13' title='bbox 1547 330 1750 384; x_wconf 88' lang='lat' dir='ltr'>oporteret</span> <span class='ocrx_word' id='word_1_14' title='bbox 1787 328 1896 370; x_wconf 87' lang='lat' dir='ltr'>uiros</span> 
     </span>
     <span class='ocr_line' id='line_1_4' title="bbox 406 396 1899 454; baseline 0.001 -17"><span class='ocrx_word' id='word_1_15' title='bbox 406 396 505 438; x_wconf 86' lang='lat' dir='ltr'>recti</span> <span class='ocrx_word' id='word_1_16' title='bbox 562 397 683 450; x_wconf 89' lang='lat' dir='ltr'>atque</span> <span class='ocrx_word' id='word_1_17' title='bbox 739 398 994 454; x_wconf 88' lang='lat' dir='ltr'>integritatis</span> <span class='ocrx_word' id='word_1_18' title='bbox 1052 399 1237 442; x_wconf 72' lang='lat' dir='ltr'>auctores</span> <span class='ocrx_word' id='word_1_19' title='bbox 1293 399 1470 454; x_wconf 87' lang='lat' dir='ltr'>typhum</span> <span class='ocrx_word' id='word_1_20' title='bbox 1520 399 1560 440; x_wconf 89' lang='lat' dir='ltr'>et</span> <span class='ocrx_word' id='word_1_21' title='bbox 1617 398 1899 452; x_wconf 74' lang='lat' dir='ltr'>adrogantiam</span> 
     </span>
     <span class='ocr_line' id='line_1_5' title="bbox 405 464 1899 520; baseline 0 -14"><span class='ocrx_word' id='word_1_22' title='bbox 405 464 611 520; x_wconf 78' lang='lat' dir='ltr'>frangere,</span> <span class='ocrx_word' id='word_1_23' title='bbox 663 478 835 519; x_wconf 89' lang='lat' dir='ltr'>quorum</span> <span class='ocrx_word' id='word_1_24' title='bbox 896 466 973 507; x_wconf 87' lang='lat' dir='ltr'>alis</span> <span class='ocrx_word' id='word_1_25' title='bbox 1024 467 1158 508; x_wconf 88' lang='lat' dir='ltr'>cuncti</span> <span class='ocrx_word' id='word_1_26' title='bbox 1209 466 1444 508; x_wconf 77' lang='lat' dir='ltr'>extollimur</span> <span class='ocrx_word' id='word_1_27' title='bbox 1493 466 1534 507; x_wconf 92' lang='lat' dir='ltr'>et</span> <span class='ocrx_word' id='word_1_28' title='bbox 1582 465 1693 507; x_wconf 89' lang='lat' dir='ltr'>inani</span> <span class='ocrx_word' id='word_1_29' title='bbox 1744 464 1899 506; x_wconf 90' lang='lat' dir='ltr'>disten-</span> 
     </span>
     <span class='ocr_line' id='line_1_6' title="bbox 405 533 1898 586; baseline 0 -11"><span class='ocrx_word' id='word_1_30' title='bbox 405 533 541 576; x_wconf 89' lang='lat' dir='ltr'>dimur</span> <span class='ocrx_word' id='word_1_31' title='bbox 575 535 778 586; x_wconf 81' lang='lat' dir='ltr'>uanitate,</span> <span class='ocrx_word' id='word_1_32' title='bbox 811 546 888 576; x_wconf 92' lang='lat' dir='ltr'>non</span> <span class='ocrx_word' id='word_1_33' title='bbox 917 535 1082 577; x_wconf 87' lang='lat' dir='ltr'>tantum</span> <span class='ocrx_word' id='word_1_34' title='bbox 1112 536 1292 578; x_wconf 87' lang='lat' dir='ltr'>accidere</span> <span class='ocrx_word' id='word_1_35' title='bbox 1331 535 1440 577; x_wconf 89' lang='lat' dir='ltr'>mala</span> <span class='ocrx_word' id='word_1_36' title='bbox 1477 535 1558 576; x_wconf 91' lang='lat' dir='ltr'>ista</span> <span class='ocrx_word' id='word_1_37' title='bbox 1597 547 1677 576; x_wconf 93' lang='lat' dir='ltr'>non</span> <span class='ocrx_word' id='word_1_38' title='bbox 1712 534 1898 584; x_wconf 85' lang='lat' dir='ltr'>censetis,</span> 
     </span>
    </p>
   </div>
   <div class='ocr_carea' id='block_1_4' title="bbox 404 602 1935 659">
    <p class='ocr_par' dir='ltr' id='par_1_4' title="bbox 404 602 1935 659">
     <span class='ocr_line' id='line_1_7' title="bbox 404 602 1935 659; baseline 0 -15"><span class='ocrx_word' id='word_1_39' title='bbox 404 616 547 646; x_wconf 90' lang='lat' dir='ltr'>uerum</span> <span class='ocrx_word' id='word_1_40' title='bbox 587 604 692 658; x_wconf 92' lang='lat' dir='ltr'>quod</span> <span class='ocrx_word' id='word_1_41' title='bbox 732 603 900 659; x_wconf 89' lang='lat' dir='ltr'>grauius</span> <span class='ocrx_word' id='word_1_42' title='bbox 939 604 1072 646; x_wconf 86' lang='lat' dir='ltr'>multo</span> <span class='ocrx_word' id='word_1_43' title='bbox 1104 605 1188 655; x_wconf 90' lang='lat' dir='ltr'>est,</span> <span class='ocrx_word' id='word_1_44' title='bbox 1234 604 1449 647; x_wconf 75' lang='lat' dir='ltr'>addidistis</span> <span class='ocrx_word' id='word_1_45' title='bbox 1491 615 1631 645; x_wconf 81' lang='lat' dir='ltr'>causas</span> <span class='ocrx_word' id='word_1_46' title='bbox 1670 602 1818 656; x_wconf 89' lang='lat' dir='ltr'>quibus</span> <span class='ocrx_word' id='word_1_47' title='bbox 1861 603 1935 644; x_wconf 79' lang='lat' dir='ltr'>et5</span> 
     </span>
    </p>
   </div>
   <div class='ocr_carea' id='block_1_5' title="bbox 401 670 1903 1558">
    <p class='ocr_par' dir='ltr' id='par_1_5' title="bbox 401 670 1903 1558">
     <span class='ocr_line' id='line_1_8' title="bbox 405 670 1902 725; baseline 0.001 -14"><span class='ocrx_word' id='word_1_48' title='bbox 405 670 510 712; x_wconf 89' lang='lat' dir='ltr'>uitia</span> <span class='ocrx_word' id='word_1_49' title='bbox 541 674 766 714; x_wconf 71' lang='lat' dir='ltr'>crescerent</span> <span class='ocrx_word' id='word_1_50' title='bbox 798 672 839 712; x_wconf 89' lang='lat' dir='ltr'>et</span> <span class='ocrx_word' id='word_1_51' title='bbox 869 671 1183 713; x_wconf 87' lang='lat' dir='ltr'>inemendabilis</span> <span class='ocrx_word' id='word_1_52' title='bbox 1214 670 1401 724; x_wconf 77' lang='lat' dir='ltr'>nequitia</span> <span class='ocrx_word' id='word_1_53' title='bbox 1430 672 1697 724; x_wconf 75' lang='lat' dir='ltr'>permaneret.</span> <span class='ocrx_word' id='word_1_54' title='bbox 1728 672 1818 725; x_wconf 91' lang='lat' dir='ltr'>quis</span> <span class='ocrx_word' id='word_1_55' title='bbox 1841 674 1902 714; x_wconf 86' lang='lat' dir='ltr'>est</span> 
     </span>
     <span class='ocr_line' id='line_1_9' title="bbox 404 739 1902 795; baseline 0.002 -15"><span class='ocrx_word' id='word_1_56' title='bbox 404 739 511 782; x_wconf 90' lang='lat' dir='ltr'>enim</span> <span class='ocrx_word' id='word_1_57' title='bbox 542 740 767 791; x_wconf 86' lang='lat' dir='ltr'>hominum,</span> <span class='ocrx_word' id='word_1_58' title='bbox 800 740 988 793; x_wconf 88' lang='lat' dir='ltr'>quamuis</span> <span class='ocrx_word' id='word_1_59' title='bbox 1018 740 1090 782; x_wconf 87' lang='lat' dir='ltr'>ille</span> <span class='ocrx_word' id='word_1_60' title='bbox 1121 739 1177 782; x_wconf 91' lang='lat' dir='ltr'>sit</span> <span class='ocrx_word' id='word_1_61' title='bbox 1206 739 1356 781; x_wconf 90' lang='lat' dir='ltr'>indolis</span> <span class='ocrx_word' id='word_1_62' title='bbox 1395 739 1565 781; x_wconf 89' lang='lat' dir='ltr'>infamia</span> <span class='ocrx_word' id='word_1_63' title='bbox 1595 752 1752 794; x_wconf 86' lang='lat' dir='ltr'>semper</span> <span class='ocrx_word' id='word_1_64' title='bbox 1781 742 1902 795; x_wconf 89' lang='lat' dir='ltr'>atque</span> 
     </span>
     <span class='ocr_line' id='line_1_10' title="bbox 404 807 1903 864; baseline 0.003 -16"><span class='ocrx_word' id='word_1_65' title='bbox 404 807 676 863; x_wconf 88' lang='lat' dir='ltr'>ignominiosa</span> <span class='ocrx_word' id='word_1_66' title='bbox 706 808 917 863; x_wconf 78' lang='lat' dir='ltr'>fugientis,</span> <span class='ocrx_word' id='word_1_67' title='bbox 950 810 1019 863; x_wconf 88' lang='lat' dir='ltr'>qui</span> <span class='ocrx_word' id='word_1_68' title='bbox 1050 822 1144 851; x_wconf 91' lang='lat' dir='ltr'>cum</span> <span class='ocrx_word' id='word_1_69' title='bbox 1175 808 1257 851; x_wconf 92' lang='lat' dir='ltr'>dici</span> <span class='ocrx_word' id='word_1_70' title='bbox 1295 809 1484 851; x_wconf 83' lang='lat' dir='ltr'>exaudiat</span> <span class='ocrx_word' id='word_1_71' title='bbox 1520 809 1620 851; x_wconf 92' lang='lat' dir='ltr'>uiris</span> <span class='ocrx_word' id='word_1_72' title='bbox 1662 809 1712 851; x_wconf 92' lang='lat' dir='ltr'>ab</span> <span class='ocrx_word' id='word_1_73' title='bbox 1743 810 1903 864; x_wconf 89' lang='lat' dir='ltr'>sapien-</span> 
     </span>
     <span class='ocr_line' id='line_1_11' title="bbox 402 877 1901 930; baseline 0.001 -11"><span class='ocrx_word' id='word_1_74' title='bbox 402 877 515 921; x_wconf 90' lang='lat' dir='ltr'>tibus</span> <span class='ocrx_word' id='word_1_75' title='bbox 537 878 727 930; x_wconf 85' lang='lat' dir='ltr'>maxime,</span> <span class='ocrx_word' id='word_1_76' title='bbox 749 879 996 921; x_wconf 90' lang='lat' dir='ltr'>immortalis</span> <span class='ocrx_word' id='word_1_77' title='bbox 1018 880 1175 921; x_wconf 85' lang='lat' dir='ltr'>animas</span> <span class='ocrx_word' id='word_1_78' title='bbox 1192 892 1277 921; x_wconf 90' lang='lat' dir='ltr'>esse</span> <span class='ocrx_word' id='word_1_79' title='bbox 1305 891 1378 920; x_wconf 90' lang='lat' dir='ltr'>nec</span> <span class='ocrx_word' id='word_1_80' title='bbox 1398 877 1574 920; x_wconf 90' lang='lat' dir='ltr'>fatorum</span> <span class='ocrx_word' id='word_1_81' title='bbox 1605 891 1690 921; x_wconf 89' lang='lat' dir='ltr'>esse</span> <span class='ocrx_word' id='word_1_82' title='bbox 1711 879 1901 922; x_wconf 84' lang='lat' dir='ltr'>obnoxias</span> 
     </span>
     <span class='ocr_line' id='line_1_12' title="bbox 404 947 1898 1004; baseline 0.002 -16"><span class='ocrx_word' id='word_1_83' title='bbox 404 947 577 1002; x_wconf 82' lang='lat' dir='ltr'>legibus,</span> <span class='ocrx_word' id='word_1_84' title='bbox 623 961 701 990; x_wconf 90' lang='lat' dir='ltr'>non</span> <span class='ocrx_word' id='word_1_85' title='bbox 733 948 772 990; x_wconf 90' lang='lat' dir='ltr'>in</span> <span class='ocrx_word' id='word_1_86' title='bbox 805 948 941 990; x_wconf 90' lang='lat' dir='ltr'>omnia</span> <span class='ocrx_word' id='word_1_87' title='bbox 973 948 1133 1004; x_wconf 85' lang='lat' dir='ltr'>flagitia</span> <span class='ocrx_word' id='word_1_88' title='bbox 1162 960 1353 1002; x_wconf 88' lang='lat' dir='ltr'>praeceps</span> <span class='ocrx_word' id='word_1_89' title='bbox 1384 960 1425 989; x_wconf 89' lang='lat' dir='ltr'>se</span> <span class='ocrx_word' id='word_1_90' title='bbox 1457 949 1568 999; x_wconf 85' lang='lat' dir='ltr'>ruat,</span> <span class='ocrx_word' id='word_1_91' title='bbox 1613 960 1690 990; x_wconf 92' lang='lat' dir='ltr'>non</span> <span class='ocrx_word' id='word_1_92' title='bbox 1723 961 1898 1001; x_wconf 79' lang='lat' dir='ltr'>securus,</span> 
     </span>
     <span class='ocr_line' id='line_1_13' title="bbox 403 1014 1900 1074; baseline 0.003 -18"><span class='ocrx_word' id='word_1_93' title='bbox 403 1014 632 1070; x_wconf 91' lang='lat' dir='ltr'>intrepidus</span> <span class='ocrx_word' id='word_1_94' title='bbox 663 1030 725 1059; x_wconf 88' lang='lat' dir='ltr'>res</span> <span class='ocrx_word' id='word_1_95' title='bbox 757 1017 876 1059; x_wconf 91' lang='lat' dir='ltr'>obeat</span> <span class='ocrx_word' id='word_1_96' title='bbox 906 1019 1028 1071; x_wconf 90' lang='lat' dir='ltr'>atque</span> <span class='ocrx_word' id='word_1_97' title='bbox 1055 1017 1061 1074; x_wconf 84' lang='grc' dir='ltr'>Ι</span> <span class='ocrx_word' id='word_1_98' title='bbox 1088 1017 1351 1072; x_wconf 86' lang='lat' dir='ltr'>adgrediatur</span> <span class='ocrx_word' id='word_1_99' title='bbox 1381 1017 1581 1069; x_wconf 89' lang='grc'>1111161136,</span> <span class='ocrx_word' id='word_1_100' title='bbox 1619 1030 1697 1060; x_wconf 89' lang='grc'>11011</span> <span class='ocrx_word' id='word_1_101' title='bbox 1728 1018 1900 1072; x_wconf 89' lang='lat' dir='ltr'>denique</span> 
     </span>
     <span class='ocr_line' id='line_1_14' title="bbox 405 1085 1899 1141; baseline 0.002 -15"><span class='ocrx_word' id='word_1_102' title='bbox 405 1086 547 1127; x_wconf 90' lang='lat' dir='ltr'>omnia</span> <span class='ocrx_word' id='word_1_103' title='bbox 569 1086 654 1128; x_wconf 93' lang='lat' dir='ltr'>suis</span> <span class='ocrx_word' id='word_1_104' title='bbox 676 1085 970 1139; x_wconf 88' lang='lat' dir='ltr'>cupiditatibus</span> <span class='ocrx_word' id='word_1_105' title='bbox 992 1086 1194 1141; x_wconf 84' lang='lat' dir='ltr'>largiatur</span> <span class='ocrx_word' id='word_1_106' title='bbox 1227 1099 1329 1140; x_wconf 90' lang='lat' dir='ltr'>quae</span> <span class='ocrx_word' id='word_1_107' title='bbox 1351 1086 1481 1128; x_wconf 91' lang='lat' dir='ltr'>libido</span> <span class='ocrx_word' id='word_1_108' title='bbox 1503 1086 1690 1141; x_wconf 88' lang='lat' dir='ltr'>inpotens</span> <span class='ocrx_word' id='word_1_109' title='bbox 1721 1086 1899 1141; x_wconf 88' lang='lat' dir='ltr'>iusserit,</span> 
     </span>
     <span class='ocr_line' id='line_1_15' title="bbox 403 1154 1899 1211; baseline 0.001 -15"><span class='ocrx_word' id='word_1_110' title='bbox 403 1154 648 1209; x_wconf 89' lang='lat' dir='ltr'>inpunitatis</span> <span class='ocrx_word' id='word_1_111' title='bbox 678 1157 888 1210; x_wconf 88' lang='lat' dir='ltr'>praeterea</span> <span class='ocrx_word' id='word_1_112' title='bbox 910 1156 1034 1198; x_wconf 90' lang='lat' dir='ltr'>etiam</span> <span class='ocrx_word' id='word_1_113' title='bbox 1066 1156 1260 1198; x_wconf 87' lang='lat' dir='ltr'>libertate</span> <span class='ocrx_word' id='word_1_114' title='bbox 1281 1156 1472 1198; x_wconf 79' lang='lat' dir='ltr'>munita?</span> <span class='ocrx_word' id='word_1_115' title='bbox 1503 1156 1601 1210; x_wconf 92' lang='lat' dir='ltr'>quid</span> <span class='ocrx_word' id='word_1_116' title='bbox 1633 1156 1742 1198; x_wconf 90' lang='lat' dir='ltr'>enim</span> <span class='ocrx_word' id='word_1_117' title='bbox 1762 1157 1899 1211; x_wconf 91' lang='lat' dir='ltr'>prohi-</span> 
     </span>
     <span class='ocr_line' id='line_1_16' title="bbox 403 1223 1900 1280; baseline 0.001 -14"><span class='ocrx_word' id='word_1_118' title='bbox 403 1223 528 1276; x_wconf 75' lang='lat' dir='ltr'>bebit,</span> <span class='ocrx_word' id='word_1_119' title='bbox 561 1225 778 1278; x_wconf 87' lang='lat' dir='ltr'>quominus</span> <span class='ocrx_word' id='word_1_120' title='bbox 809 1226 907 1268; x_wconf 89' lang='lat' dir='ltr'>haec</span> <span class='ocrx_word' id='word_1_121' title='bbox 937 1226 1090 1268; x_wconf 76' lang='lat' dir='ltr'>faciat?</span> <span class='ocrx_word' id='word_1_122' title='bbox 1129 1227 1264 1268; x_wconf 91' lang='lat' dir='ltr'>metus</span> <span class='ocrx_word' id='word_1_123' title='bbox 1301 1238 1496 1280; x_wconf 87' lang='lat' dir='ltr'>supernae</span> <span class='ocrx_word' id='word_1_124' title='bbox 1534 1227 1751 1280; x_wconf 91' lang='lat' dir='ltr'>potestatis</span> <span class='ocrx_word' id='word_1_125' title='bbox 1791 1227 1900 1270; x_wconf 92' lang='lat' dir='ltr'>iudi-</span> 
     </span>
     <span class='ocr_line' id='line_1_17' title="bbox 402 1293 1900 1351; baseline 0.002 -16"><span class='ocrx_word' id='word_1_126' title='bbox 402 1293 592 1348; x_wconf 90' lang='lat' dir='ltr'>ciumque</span> <span class='ocrx_word' id='word_1_127' title='bbox 625 1294 842 1338; x_wconf 77' lang='lat' dir='ltr'>diuinum?</span> <span class='ocrx_word' id='word_1_128' title='bbox 874 1297 915 1338; x_wconf 92' lang='lat' dir='ltr'>et</span> <span class='ocrx_word' id='word_1_129' title='bbox 945 1296 1015 1350; x_wconf 91' lang='lat' dir='ltr'>qui</span> <span class='ocrx_word' id='word_1_130' title='bbox 1045 1296 1197 1351; x_wconf 87' lang='lat' dir='ltr'>poterit</span> <span class='ocrx_word' id='word_1_131' title='bbox 1237 1296 1416 1338; x_wconf 87' lang='lat' dir='ltr'>territari</span> <span class='ocrx_word' id='word_1_132' title='bbox 1456 1296 1686 1338; x_wconf 89' lang='lat' dir='ltr'>formidinis</span> <span class='ocrx_word' id='word_1_133' title='bbox 1728 1296 1900 1338; x_wconf 89' lang='lat' dir='ltr'>alicuius</span> 
     </span>
     <span class='ocr_line' id='line_1_18' title="bbox 402 1363 1897 1419; baseline 0.003 -15"><span class='ocrx_word' id='word_1_134' title='bbox 402 1363 585 1414; x_wconf 79' lang='lat' dir='ltr'>horrore,</span> <span class='ocrx_word' id='word_1_135' title='bbox 624 1364 689 1405; x_wconf 92' lang='lat' dir='ltr'>cui</span> <span class='ocrx_word' id='word_1_136' title='bbox 720 1364 846 1407; x_wconf 88' lang='lat' dir='ltr'>fuerit</span> <span class='ocrx_word' id='word_1_137' title='bbox 876 1377 1114 1419; x_wconf 88' lang='lat' dir='ltr'>persuasum</span> <span class='ocrx_word' id='word_1_138' title='bbox 1145 1365 1234 1407; x_wconf 92' lang='grc'>13111</span> <span class='ocrx_word' id='word_1_139' title='bbox 1265 1378 1307 1408; x_wconf 89' lang='grc'>66</span> <span class='ocrx_word' id='word_1_140' title='bbox 1346 1377 1431 1408; x_wconf 88' lang='grc'>6666</span> <span class='ocrx_word' id='word_1_141' title='bbox 1468 1365 1747 1408; x_wconf 86' lang='lat' dir='ltr'>immortalem</span> <span class='ocrx_word' id='word_1_142' title='bbox 1777 1379 1897 1419; x_wconf 90' lang='lat' dir='ltr'>quam</span> 
     </span>
     <span class='ocr_line' id='line_1_19' title="bbox 401 1433 1898 1488; baseline 0.003 -15"><span class='ocrx_word' id='word_1_143' title='bbox 401 1433 538 1485; x_wconf 89' lang='lat' dir='ltr'>ipsum</span> <span class='ocrx_word' id='word_1_144' title='bbox 568 1433 689 1475; x_wconf 90' lang='lat' dir='ltr'>deum</span> <span class='ocrx_word' id='word_1_145' title='bbox 719 1434 899 1488; x_wconf 91' lang='lat' dir='ltr'>primum</span> <span class='ocrx_word' id='word_1_146' title='bbox 931 1448 1003 1476; x_wconf 90' lang='lat' dir='ltr'>nec</span> <span class='ocrx_word' id='word_1_147' title='bbox 1034 1436 1083 1477; x_wconf 93' lang='lat' dir='ltr'>ab</span> <span class='ocrx_word' id='word_1_148' title='bbox 1115 1446 1160 1476; x_wconf 93' lang='lat' dir='ltr'>eo</span> <span class='ocrx_word' id='word_1_149' title='bbox 1182 1435 1353 1476; x_wconf 89' lang='lat' dir='ltr'>iudicari</span> <span class='ocrx_word' id='word_1_150' title='bbox 1385 1434 1603 1488; x_wconf 91' lang='lat' dir='ltr'>quicquam</span> <span class='ocrx_word' id='word_1_151' title='bbox 1624 1435 1673 1477; x_wconf 89' lang='lat' dir='ltr'>de</span> <span class='ocrx_word' id='word_1_152' title='bbox 1704 1447 1746 1477; x_wconf 89' lang='grc'>66</span> <span class='ocrx_word' id='word_1_153' title='bbox 1768 1446 1898 1488; x_wconf 91' lang='lat' dir='ltr'>posse,</span> 
     </span>
     <span class='ocr_line' id='line_1_20' title="bbox 402 1502 1900 1558; baseline 0.003 -15"><span class='ocrx_word' id='word_1_154' title='bbox 402 1515 495 1544; x_wconf 90' lang='lat' dir='ltr'>cum</span> <span class='ocrx_word' id='word_1_155' title='bbox 525 1502 579 1543; x_wconf 88' lang='lat' dir='ltr'>sit</span> <span class='ocrx_word' id='word_1_156' title='bbox 620 1516 701 1545; x_wconf 91' lang='lat' dir='ltr'>una</span> <span class='ocrx_word' id='word_1_157' title='bbox 730 1503 1021 1547; x_wconf 87' lang='lat' dir='ltr'>immortalitas</span> <span class='ocrx_word' id='word_1_158' title='bbox 1060 1505 1102 1546; x_wconf 92' lang='lat' dir='ltr'>in</span> <span class='ocrx_word' id='word_1_159' title='bbox 1140 1505 1311 1558; x_wconf 88' lang='lat' dir='ltr'>utroque</span> <span class='ocrx_word' id='word_1_160' title='bbox 1354 1516 1427 1546; x_wconf 90' lang='lat' dir='ltr'>nec</span> <span class='ocrx_word' id='word_1_161' title='bbox 1469 1503 1512 1545; x_wconf 93' lang='lat' dir='ltr'>ui</span> <span class='ocrx_word' id='word_1_162' title='bbox 1557 1503 1725 1547; x_wconf 89' lang='lat' dir='ltr'>alterius</span> <span class='ocrx_word' id='word_1_163' title='bbox 1770 1505 1900 1547; x_wconf 89' lang='lat' dir='ltr'>altera</span> 
     </span>
    </p>
   </div>
   <div class='ocr_carea' id='block_1_6' title="bbox 338 1571 1898 1628">
    <p class='ocr_par' dir='ltr' id='par_1_6' title="bbox 338 1571 1898 1628">
     <span class='ocr_line' id='line_1_21' title="bbox 338 1571 1898 1628; baseline -0.001 -11"><span class='ocrx_word' id='word_1_164' title='bbox 338 1577 390 1616; x_wconf 75' lang='lat'>30</span> <span class='ocrx_word' id='word_1_165' title='bbox 405 1571 649 1613; x_wconf 88' lang='lat' dir='ltr'>condicionis</span> <span class='ocrx_word' id='word_1_166' title='bbox 680 1573 809 1626; x_wconf 89' lang='lat' dir='ltr'>possit</span> <span class='ocrx_word' id='word_1_167' title='bbox 839 1574 1084 1627; x_wconf 88' lang='lat' dir='ltr'>aequalitate</span> <span class='ocrx_word' id='word_1_168' title='bbox 1115 1573 1281 1616; x_wconf 77' lang='lat' dir='ltr'>uexari?</span> <span class='ocrx_word' id='word_1_169' title='bbox 1319 1572 1388 1615; x_wconf 90' lang='lat' dir='ltr'>sed</span> <span class='ocrx_word' id='word_1_170' title='bbox 1417 1574 1667 1615; x_wconf 88' lang='lat' dir='ltr'>memoratae</span> <span class='ocrx_word' id='word_1_171' title='bbox 1697 1574 1804 1628; x_wconf 90' lang='lat' dir='ltr'>apud</span> <span class='ocrx_word' id='word_1_172' title='bbox 1835 1573 1898 1615; x_wconf 91' lang='lat' dir='ltr'>in-</span> 
     </span>
    </p>
   </div>
   <div class='ocr_carea' id='block_1_7' title="bbox 401 1641 1899 1975">
    <p class='ocr_par' dir='ltr' id='par_1_7' title="bbox 401 1641 1899 1975">
     <span class='ocr_line' id='line_1_22' title="bbox 402 1641 1898 1697; baseline 0.002 -15"><span class='ocrx_word' id='word_1_173' title='bbox 402 1641 507 1683; x_wconf 88' lang='lat' dir='ltr'>feros</span> <span class='ocrx_word' id='word_1_174' title='bbox 539 1653 690 1694; x_wconf 91' lang='lat' dir='ltr'>poenae</span> <span class='ocrx_word' id='word_1_175' title='bbox 721 1645 761 1684; x_wconf 93' lang='lat' dir='ltr'>et</span> <span class='ocrx_word' id='word_1_176' title='bbox 792 1643 1087 1697; x_wconf 89' lang='lat' dir='ltr'>suppliciorum</span> <span class='ocrx_word' id='word_1_177' title='bbox 1122 1642 1339 1697; x_wconf 88' lang='lat' dir='ltr'>generibus</span> <span class='ocrx_word' id='word_1_178' title='bbox 1370 1641 1677 1684; x_wconf 78' lang='lat' dir='ltr'>multiformes?</span> <span class='ocrx_word' id='word_1_179' title='bbox 1723 1642 1765 1684; x_wconf 91' lang='lat' dir='ltr'>et</span> <span class='ocrx_word' id='word_1_180' title='bbox 1807 1643 1898 1697; x_wconf 91' lang='lat' dir='ltr'>quis</span> 
     </span>
     <span class='ocr_line' id='line_1_23' title="bbox 402 1711 1898 1766; baseline 0.001 -13"><span class='ocrx_word' id='word_1_181' title='bbox 402 1711 480 1753; x_wconf 89' lang='grc'>6111</span> <span class='ocrx_word' id='word_1_182' title='bbox 511 1713 597 1754; x_wconf 85' lang='grc'>13111</span> <span class='ocrx_word' id='word_1_183' title='bbox 629 1713 774 1754; x_wconf 86' lang='lat' dir='ltr'>brutus</span> <span class='ocrx_word' id='word_1_184' title='bbox 821 1713 862 1754; x_wconf 91' lang='lat' dir='ltr'>et</span> <span class='ocrx_word' id='word_1_185' title='bbox 892 1725 1026 1754; x_wconf 88' lang='lat' dir='ltr'>rerum</span> <span class='ocrx_word' id='word_1_186' title='bbox 1065 1711 1371 1766; x_wconf 86' lang='lat' dir='ltr'>consequentias</span> <span class='ocrx_word' id='word_1_187' title='bbox 1402 1711 1607 1762; x_wconf 82' lang='lat' dir='ltr'>nesciens,</span> <span class='ocrx_word' id='word_1_188' title='bbox 1653 1712 1721 1765; x_wconf 92' lang='lat' dir='ltr'>qui</span> <span class='ocrx_word' id='word_1_189' title='bbox 1752 1713 1898 1755; x_wconf 91' lang='lat' dir='ltr'>animis</span> 
     </span>
     <span class='ocr_line' id='line_1_24' title="bbox 401 1781 1898 1835; baseline 0.002 -14"><span class='ocrx_word' id='word_1_190' title='bbox 401 1781 780 1835; x_wconf 85' lang='lat' dir='ltr'>incorruptibilibus</span> <span class='ocrx_word' id='word_1_191' title='bbox 812 1781 953 1823; x_wconf 89' lang='lat' dir='ltr'>credat</span> <span class='ocrx_word' id='word_1_192' title='bbox 985 1782 1057 1823; x_wconf 87' lang='lat' dir='ltr'>aut</span> <span class='ocrx_word' id='word_1_193' title='bbox 1102 1781 1291 1824; x_wconf 89' lang='lat' dir='ltr'>tenebras</span> <span class='ocrx_word' id='word_1_194' title='bbox 1323 1781 1536 1823; x_wconf 85' lang='lat' dir='ltr'>Tartareas</span> <span class='ocrx_word' id='word_1_195' title='bbox 1581 1793 1698 1835; x_wconf 88' lang='lat' dir='ltr'>posse</span> <span class='ocrx_word' id='word_1_196' title='bbox 1742 1781 1898 1835; x_wconf 90' lang='lat' dir='ltr'>aliquid</span> 
     </span>
     <span class='ocr_line' id='line_1_25' title="bbox 401 1850 1898 1907; baseline 0.001 -16"><span class='ocrx_word' id='word_1_197' title='bbox 401 1861 541 1892; x_wconf 90' lang='lat' dir='ltr'>nocere</span> <span class='ocrx_word' id='word_1_198' title='bbox 572 1851 643 1892; x_wconf 89' lang='lat' dir='ltr'>aut</span> <span class='ocrx_word' id='word_1_199' title='bbox 674 1851 814 1905; x_wconf 91' lang='lat' dir='ltr'>igneos</span> <span class='ocrx_word' id='word_1_200' title='bbox 846 1850 992 1893; x_wconf 88' lang='lat' dir='ltr'>fluuios</span> <span class='ocrx_word' id='word_1_201' title='bbox 1023 1851 1095 1893; x_wconf 89' lang='lat' dir='ltr'>aut</span> <span class='ocrx_word' id='word_1_202' title='bbox 1132 1851 1313 1893; x_wconf 90' lang='lat' dir='ltr'>caenosis</span> <span class='ocrx_word' id='word_1_203' title='bbox 1352 1850 1590 1907; x_wconf 85' lang='lat' dir='ltr'>gurgitibus</span> <span class='ocrx_word' id='word_1_204' title='bbox 1626 1851 1796 1904; x_wconf 84' lang='lat' dir='ltr'>paludes</span> <span class='ocrx_word' id='word_1_205' title='bbox 1827 1852 1898 1893; x_wconf 93' lang='lat' dir='ltr'>aut</span> 
     </span>
     <span class='ocr_line' id='line_1_26' title="bbox 401 1919 1899 1975; baseline 0.001 -15"><span class='ocrx_word' id='word_1_206' title='bbox 401 1920 582 1961; x_wconf 90' lang='lat' dir='ltr'>rotarum</span> <span class='ocrx_word' id='word_1_207' title='bbox 614 1919 863 1962; x_wconf 88' lang='lat' dir='ltr'>uolubilium</span> <span class='ocrx_word' id='word_1_208' title='bbox 902 1921 1202 1963; x_wconf 75' lang='lat' dir='ltr'>circumactus?</span> <span class='ocrx_word' id='word_1_209' title='bbox 1247 1921 1352 1975; x_wconf 90' lang='lat' dir='ltr'>quod</span> <span class='ocrx_word' id='word_1_210' title='bbox 1398 1920 1507 1963; x_wconf 90' lang='lat' dir='ltr'>enim</span> <span class='ocrx_word' id='word_1_211' title='bbox 1551 1919 1788 1975; x_wconf 87' lang='lat' dir='ltr'>contiguum</span> <span class='ocrx_word' id='word_1_212' title='bbox 1820 1933 1899 1962; x_wconf 92' lang='lat' dir='ltr'>non</span> 
     </span>
    </p>
   </div>
   <div class='ocr_carea' id='block_1_8' title="bbox 402 1987 1951 2043">
    <p class='ocr_par' dir='ltr' id='par_1_8' title="bbox 402 1987 1951 2043">
     <span class='ocr_line' id='line_1_27' title="bbox 402 1987 1951 2043; baseline -0.002 -13"><span class='ocrx_word' id='word_1_213' title='bbox 402 1990 463 2030; x_wconf 91' lang='lat' dir='ltr'>est</span> <span class='ocrx_word' id='word_1_214' title='bbox 495 1989 535 2030; x_wconf 93' lang='lat' dir='ltr'>et</span> <span class='ocrx_word' id='word_1_215' title='bbox 565 1988 615 2030; x_wconf 92' lang='lat' dir='ltr'>ab</span> <span class='ocrx_word' id='word_1_216' title='bbox 648 1988 808 2043; x_wconf 90' lang='lat' dir='ltr'>legibus</span> <span class='ocrx_word' id='word_1_217' title='bbox 839 1988 1118 2031; x_wconf 89' lang='lat' dir='ltr'>dissolutionis</span> <span class='ocrx_word' id='word_1_218' title='bbox 1148 1990 1330 2031; x_wconf 89' lang='lat' dir='ltr'>amotum</span> <span class='ocrx_word' id='word_1_219' title='bbox 1361 1989 1433 2042; x_wconf 86' lang='lat' dir='ltr'>est,</span> <span class='ocrx_word' id='word_1_220' title='bbox 1465 1988 1560 2030; x_wconf 90' lang='lat' dir='ltr'>licet</span> <span class='ocrx_word' id='word_1_221' title='bbox 1591 1987 1779 2030; x_wconf 90' lang='lat' dir='ltr'>amnibus</span> <span class='ocrx_word' id='word_1_222' title='bbox 1809 2001 1897 2031; x_wconf 86' lang='lat' dir='ltr'>am·</span> <span class='ocrx_word' id='word_1_223' title='bbox 1936 2003 1951 2027; x_wconf 81' lang='lat'>5</span> 
     </span>
    </p>
   </div>
   <div class='ocr_carea' id='block_1_9' title="bbox 401 2057 1900 2181">
    <p class='ocr_par' dir='ltr' id='par_1_9' title="bbox 401 2057 1900 2181">
     <span class='ocr_line' id='line_1_28' title="bbox 401 2057 1898 2109; baseline 0.001 -10"><span class='ocrx_word' id='word_1_224' title='bbox 401 2057 537 2099; x_wconf 91' lang='lat' dir='ltr'>biatur</span> <span class='ocrx_word' id='word_1_225' title='bbox 566 2057 786 2109; x_wconf 88' lang='lat' dir='ltr'>flammeis,</span> <span class='ocrx_word' id='word_1_226' title='bbox 833 2057 1076 2100; x_wconf 89' lang='lat' dir='ltr'>torrentium</span> <span class='ocrx_word' id='word_1_227' title='bbox 1107 2057 1324 2100; x_wconf 88' lang='lat' dir='ltr'>fluminum</span> <span class='ocrx_word' id='word_1_228' title='bbox 1355 2058 1546 2100; x_wconf 89' lang='lat' dir='ltr'>uoluatur</span> <span class='ocrx_word' id='word_1_229' title='bbox 1576 2057 1618 2099; x_wconf 90' lang='lat' dir='ltr'>in</span> <span class='ocrx_word' id='word_1_230' title='bbox 1649 2069 1789 2109; x_wconf 83' lang='grc'>636110,</span> <span class='ocrx_word' id='word_1_231' title='bbox 1833 2070 1898 2101; x_wconf 89' lang='lat' dir='ltr'>sa-</span> 
     </span>
     <span class='ocr_line' id='line_1_29' title="bbox 401 2126 1900 2181; baseline 0.003 -14"><span class='ocrx_word' id='word_1_232' title='bbox 401 2138 543 2168; x_wconf 83' lang='lat' dir='ltr'>xorum</span> <span class='ocrx_word' id='word_1_233' title='bbox 575 2127 880 2170; x_wconf 89' lang='lat' dir='ltr'>imminentium</span> <span class='ocrx_word' id='word_1_234' title='bbox 920 2126 1080 2169; x_wconf 89' lang='lat' dir='ltr'>casibus</span> <span class='ocrx_word' id='word_1_235' title='bbox 1111 2128 1152 2169; x_wconf 90' lang='grc'>61</span> <span class='ocrx_word' id='word_1_236' title='bbox 1182 2127 1427 2169; x_wconf 88' lang='grc'>1111111311111111</span> <span class='ocrx_word' id='word_1_237' title='bbox 1457 2126 1659 2169; x_wconf 89' lang='lat' dir='ltr'>montium</span> <span class='ocrx_word' id='word_1_238' title='bbox 1692 2126 1900 2181; x_wconf 89' lang='lat' dir='ltr'>operiatur</span> 
     </span>
    </p>
   </div>
   <div class='ocr_carea' id='block_1_10' title="bbox 401 2251 1900 2928">
    <p class='ocr_par' dir='ltr' id='par_1_10' title="bbox 401 2251 1900 2928">
     <span class='ocr_line' id='line_1_30' title="bbox 448 2251 1900 2296; baseline 0.001 -11"><span class='ocrx_word' id='word_1_239' title='bbox 448 2252 465 2285; x_wconf 87' lang='lat' dir='ltr'>l</span> <span class='ocrx_word' id='word_1_240' title='bbox 493 2252 642 2285; x_wconf 90' lang='lat' dir='ltr'>meritus</span> <span class='ocrx_word' id='word_1_241' title='bbox 670 2252 760 2286; x_wconf 81' lang='lat' dir='ltr'>Sab:</span> <span class='ocrx_word' id='word_1_242' title='bbox 786 2251 923 2285; x_wconf 88' lang='lat' dir='ltr'>meritis</span> <span class='ocrx_word' id='word_1_243' title='bbox 942 2251 977 2285; x_wconf 89' lang='lat' dir='ltr'><em>P</em></span> <span class='ocrx_word' id='word_1_244' title='bbox 1093 2251 1240 2285; x_wconf 84' lang='lat' dir='ltr'>meritus</span> <span class='ocrx_word' id='word_1_245' title='bbox 1267 2251 1365 2285; x_wconf 88' lang='lat' dir='ltr'>heres</span> <span class='ocrx_word' id='word_1_246' title='bbox 1384 2251 1402 2285; x_wconf 74' lang='lat'>.?</span> <span class='ocrx_word' id='word_1_247' title='bbox 1518 2253 1628 2296; x_wconf 88' lang='lat' dir='ltr'>patris</span> <span class='ocrx_word' id='word_1_248' title='bbox 1658 2251 1755 2296; x_wconf 77' lang='lat' dir='ltr'>clari,</span> <span class='ocrx_word' id='word_1_249' title='bbox 1787 2254 1900 2288; x_wconf 85' lang='lat' dir='ltr'>tantis</span> 
     </span>
     <span class='ocr_line' id='line_1_31' title="bbox 402 2309 1899 2355; baseline 0.001 -12"><span class='ocrx_word' id='word_1_250' title='bbox 402 2320 480 2344; x_wconf 91' lang='lat' dir='ltr'>cum</span> <span class='ocrx_word' id='word_1_251' title='bbox 506 2310 644 2343; x_wconf 89' lang='lat' dir='ltr'>meritis</span> <span class='ocrx_word' id='word_1_252' title='bbox 670 2320 872 2355; x_wconf 86' lang='lat' dir='ltr'>nuncupare</span> <span class='ocrx_word' id='word_1_253' title='bbox 899 2310 999 2344; x_wconf 80' lang='lat' dir='ltr'>Salm</span> <span class='ocrx_word' id='word_1_254' title='bbox 1170 2310 1191 2343; x_wconf 92' lang='grc'>2</span> <span class='ocrx_word' id='word_1_255' title='bbox 1215 2310 1393 2343; x_wconf 88' lang='lat' dir='ltr'>auctorest</span> <span class='ocrx_word' id='word_1_256' title='bbox 1417 2310 1453 2344; x_wconf 90' lang='lat' dir='ltr'><em>P</em></span> <span class='ocrx_word' id='word_1_257' title='bbox 1477 2319 1558 2344; x_wconf 76' lang='lat' dir='ltr'>corr</span> <span class='ocrx_word' id='word_1_258' title='bbox 1720 2309 1837 2354; x_wconf 84' lang='lat' dir='ltr'>tyfum</span> <span class='ocrx_word' id='word_1_259' title='bbox 1864 2312 1899 2345; x_wconf 92' lang='lat' dir='ltr'><strong><em>P</em></strong></span> 
     </span>
     <span class='ocr_line' id='line_1_32' title="bbox 404 2367 1895 2412; baseline 0.002 -12"><span class='ocrx_word' id='word_1_260' title='bbox 404 2367 611 2411; x_wconf 77' lang='lat' dir='ltr'>&#39;l‘yphaeum</span> <span class='ocrx_word' id='word_1_261' title='bbox 638 2367 710 2402; x_wconf 82' lang='lat' dir='ltr'>Sab</span> <span class='ocrx_word' id='word_1_262' title='bbox 735 2367 937 2412; x_wconf 82' lang='lat' dir='ltr'>Typhoeum</span> <span class='ocrx_word' id='word_1_263' title='bbox 962 2367 1002 2402; x_wconf 75' lang='lat' dir='ltr'>in</span> <span class='ocrx_word' id='word_1_264' title='bbox 1028 2377 1088 2401; x_wconf 82' lang='lat' dir='ltr'>err</span> <span class='ocrx_word' id='word_1_265' title='bbox 1225 2367 1247 2401; x_wconf 88' lang='lat'><strong>3</strong></span> <span class='ocrx_word' id='word_1_266' title='bbox 1272 2367 1337 2401; x_wconf 88' lang='lat' dir='ltr'>alis</span> <span class='ocrx_word' id='word_1_267' title='bbox 1369 2367 1461 2402; x_wconf 73' lang='lat' dir='ltr'>Urs:</span> <span class='ocrx_word' id='word_1_268' title='bbox 1494 2367 1599 2401; x_wconf 84' lang='lat' dir='ltr'>malis</span> <span class='ocrx_word' id='word_1_269' title='bbox 1625 2367 1659 2400; x_wconf 90' lang='lat' dir='ltr'><em>P</em></span> <span class='ocrx_word' id='word_1_270' title='bbox 1796 2367 1895 2403; x_wconf 87' lang='lat' dir='ltr'>inani</span> 
     </span>
     <span class='ocr_line' id='line_1_33' title="bbox 410 2424 1897 2461; baseline 0.002 -3"><span class='ocrx_word' id='word_1_271' title='bbox 410 2424 495 2459; x_wconf 80' lang='lat' dir='ltr'>Urs.-</span> <span class='ocrx_word' id='word_1_272' title='bbox 529 2424 691 2459; x_wconf 90' lang='lat' dir='ltr'>inanium</span> <span class='ocrx_word' id='word_1_273' title='bbox 717 2426 753 2459; x_wconf 91' lang='lat' dir='ltr'><em>P</em></span> <span class='ocrx_word' id='word_1_274' title='bbox 775 2425 875 2459; x_wconf 83' lang='lat' dir='ltr'>inani</span> <span class='ocrx_word' id='word_1_275' title='bbox 899 2436 1019 2460; x_wconf 89' lang='lat' dir='ltr'>omnes</span> <span class='ocrx_word' id='word_1_276' title='bbox 1047 2425 1065 2459; x_wconf 79' lang='lat'><em>?</em></span> <span class='ocrx_word' id='word_1_277' title='bbox 1225 2426 1248 2459; x_wconf 85' lang='lat'>4</span> <span class='ocrx_word' id='word_1_278' title='bbox 1272 2425 1347 2459; x_wconf 81' lang='lat' dir='ltr'>alas</span> <span class='ocrx_word' id='word_1_279' title='bbox 1379 2425 1468 2459; x_wconf 89' lang='lat' dir='ltr'>istas</span> <span class='ocrx_word' id='word_1_280' title='bbox 1500 2425 1569 2459; x_wconf 82' lang='lat' dir='ltr'>Urs</span> <span class='ocrx_word' id='word_1_281' title='bbox 1728 2435 1796 2459; x_wconf 89' lang='lat' dir='ltr'>non</span> <span class='ocrx_word' id='word_1_282' title='bbox 1822 2426 1897 2461; x_wconf 80' lang='lat' dir='ltr'>add</span> 
     </span>
     <span class='ocr_line' id='line_1_34' title="bbox 401 2482 1806 2526; baseline 0.001 -10"><span class='ocrx_word' id='word_1_283' title='bbox 401 2482 677 2517; x_wconf 73' lang='lat' dir='ltr'>Klussmannus</span> <span class='ocrx_word' id='word_1_284' title='bbox 794 2483 812 2516; x_wconf 79' lang='lat'><strong>7</strong></span> <span class='ocrx_word' id='word_1_285' title='bbox 838 2483 1023 2518; x_wconf 87' lang='lat' dir='ltr'>infamiam</span> <span class='ocrx_word' id='word_1_286' title='bbox 1044 2483 1115 2518; x_wconf 76' lang='lat' dir='ltr'>Sab</span> <span class='ocrx_word' id='word_1_287' title='bbox 1230 2483 1251 2517; x_wconf 80' lang='lat'>9</span> <span class='ocrx_word' id='word_1_288' title='bbox 1279 2482 1495 2516; x_wconf 88' lang='lat' dir='ltr'>immortalis</span> <span class='ocrx_word' id='word_1_289' title='bbox 1521 2482 1548 2526; x_wconf 91' lang='lat' dir='ltr'>(i</span> <span class='ocrx_word' id='word_1_290' title='bbox 1565 2483 1606 2517; x_wconf 73' lang='lat' dir='ltr'>in</span> <span class='ocrx_word' id='word_1_291' title='bbox 1623 2492 1641 2515; x_wconf 87' lang='grc'>6</span> <span class='ocrx_word' id='word_1_292' title='bbox 1658 2484 1754 2525; x_wconf 78' lang='lat' dir='ltr'>corr)</span> <span class='ocrx_word' id='word_1_293' title='bbox 1770 2483 1806 2517; x_wconf 89' lang='lat' dir='ltr'><em>P</em></span> 
     </span>
     <span class='ocr_line' id='line_1_35' title="bbox 404 2539 1896 2585; baseline 0.001 -13"><span class='ocrx_word' id='word_1_294' title='bbox 404 2539 447 2572; x_wconf 90' lang='lat'>10</span> <span class='ocrx_word' id='word_1_295' title='bbox 471 2550 506 2573; x_wconf 90' lang='lat' dir='ltr'>se</span> <span class='ocrx_word' id='word_1_296' title='bbox 532 2550 587 2574; x_wconf 84' lang='lat' dir='ltr'>om</span> <span class='ocrx_word' id='word_1_297' title='bbox 618 2539 685 2574; x_wconf 65' lang='grc' dir='ltr'>θεῖ</span> <span class='ocrx_word' id='word_1_298' title='bbox 823 2551 962 2575; x_wconf 88' lang='lat' dir='ltr'>securus</span> <span class='ocrx_word' id='word_1_299' title='bbox 989 2540 1168 2585; x_wconf 71' lang='lat' dir='ltr'>eoepunxit</span> <span class='ocrx_word' id='word_1_300' title='bbox 1193 2550 1221 2582; x_wconf 86' lang='grc'>6,</span> <span class='ocrx_word' id='word_1_301' title='bbox 1247 2550 1303 2574; x_wconf 82' lang='lat' dir='ltr'>om</span> <span class='ocrx_word' id='word_1_302' title='bbox 1327 2539 1398 2574; x_wconf 79' lang='lat' dir='ltr'>Sab</span> <span class='ocrx_word' id='word_1_303' title='bbox 1537 2539 1580 2574; x_wconf 88' lang='lat'>14</span> <span class='ocrx_word' id='word_1_304' title='bbox 1604 2549 1776 2583; x_wconf 87' lang='lat' dir='ltr'>supernae</span> <span class='ocrx_word' id='word_1_305' title='bbox 1806 2540 1896 2575; x_wconf 78' lang='lat' dir='ltr'>Urs:</span> 
     </span>
     <span class='ocr_line' id='line_1_36' title="bbox 402 2590 1803 2641; baseline 0.001 -12"><span class='ocrx_word' id='word_1_306' title='bbox 402 2590 572 2639; x_wconf 84' lang='lat' dir='ltr'>superbae</span> <span class='ocrx_word' id='word_1_307' title='bbox 597 2598 631 2629; x_wconf 93' lang='lat' dir='ltr'><em>P</em></span> <span class='ocrx_word' id='word_1_308' title='bbox 653 2607 798 2641; x_wconf 83' lang='lat' dir='ltr'>superae</span> <span class='ocrx_word' id='word_1_309' title='bbox 824 2597 919 2632; x_wconf 80' lang='lat' dir='ltr'>idem</span> <span class='ocrx_word' id='word_1_310' title='bbox 951 2598 1019 2632; x_wconf 83' lang='lat' dir='ltr'>Urs</span> <span class='ocrx_word' id='word_1_311' title='bbox 1042 2597 1194 2632; x_wconf 73' lang='lat' dir='ltr'>coniecit</span> <span class='ocrx_word' id='word_1_312' title='bbox 1355 2596 1398 2632; x_wconf 81' lang='lat'>17</span> <span class='ocrx_word' id='word_1_313' title='bbox 1426 2597 1593 2641; x_wconf 85' lang='lat' dir='ltr'>quiquam</span> <span class='ocrx_word' id='word_1_314' title='bbox 1618 2596 1653 2630; x_wconf 90' lang='lat' dir='ltr'><em>P</em></span> <span class='ocrx_word' id='word_1_315' title='bbox 1677 2607 1761 2631; x_wconf 75' lang='lat' dir='ltr'>coro·</span> <span class='ocrx_word' id='word_1_316' title='bbox 1784 2607 1803 2631; x_wconf 79' lang='lat' dir='ltr'>r</span> 
     </span>
     <span class='ocr_line' id='line_1_37' title="bbox 404 2653 1803 2697; baseline 0.001 -10"><span class='ocrx_word' id='word_1_317' title='bbox 404 2653 446 2687; x_wconf 86' lang='grc'>18</span> <span class='ocrx_word' id='word_1_318' title='bbox 472 2653 509 2687; x_wconf 84' lang='grc'>111</span> <span class='ocrx_word' id='word_1_319' title='bbox 534 2653 743 2689; x_wconf 76' lang='lat' dir='ltr'>Meursius:</span> <span class='ocrx_word' id='word_1_320' title='bbox 768 2654 805 2688; x_wconf 92' lang='lat' dir='ltr'>in</span> <span class='ocrx_word' id='word_1_321' title='bbox 833 2655 868 2689; x_wconf 95' lang='lat' dir='ltr'><em>P</em></span> <span class='ocrx_word' id='word_1_322' title='bbox 1017 2655 1058 2689; x_wconf 88' lang='lat'>19</span> <span class='ocrx_word' id='word_1_323' title='bbox 1084 2653 1298 2688; x_wconf 83' lang='lat' dir='ltr'>conditionis</span> <span class='ocrx_word' id='word_1_324' title='bbox 1324 2654 1360 2688; x_wconf 91' lang='lat' dir='ltr'><em>P</em></span> <span class='ocrx_word' id='word_1_325' title='bbox 1518 2653 1562 2687; x_wconf 90' lang='grc'>20</span> <span class='ocrx_word' id='word_1_326' title='bbox 1587 2654 1705 2697; x_wconf 88' lang='lat' dir='ltr'>ecquis</span> <span class='ocrx_word' id='word_1_327' title='bbox 1732 2653 1803 2689; x_wconf 78' lang='lat' dir='ltr'>Sal&gt;</span> 
     </span>
     <span class='ocr_line' id='line_1_38' title="bbox 403 2710 1895 2755; baseline 0.001 -12"><span class='ocrx_word' id='word_1_328' title='bbox 403 2710 446 2744; x_wconf 85' lang='grc'>24</span> <span class='ocrx_word' id='word_1_329' title='bbox 470 2711 511 2744; x_wconf 75' lang='lat' dir='ltr'>in</span> <span class='ocrx_word' id='word_1_330' title='bbox 535 2722 593 2755; x_wconf 71' lang='lat' dir='ltr'>my</span> <span class='ocrx_word' id='word_1_331' title='bbox 617 2722 635 2745; x_wconf 91' lang='grc'>6</span> <span class='ocrx_word' id='word_1_332' title='bbox 666 2711 694 2749; x_wconf 61' lang='grc' dir='ltr'><em>ἓ</em></span> <span class='ocrx_word' id='word_1_333' title='bbox 848 2712 894 2747; x_wconf 88' lang='grc'>25</span> <span class='ocrx_word' id='word_1_334' title='bbox 919 2714 1064 2746; x_wconf 68' lang='lat' dir='ltr'>amotum</span> <span class='ocrx_word' id='word_1_335' title='bbox 1090 2712 1126 2746; x_wconf 91' lang='lat' dir='ltr'><em>P</em></span> <span class='ocrx_word' id='word_1_336' title='bbox 1148 2713 1271 2746; x_wconf 87' lang='lat' dir='ltr'>tutum</span> <span class='ocrx_word' id='word_1_337' title='bbox 1298 2711 1394 2746; x_wconf 83' lang='lat' dir='ltr'>Salm</span> <span class='ocrx_word' id='word_1_338' title='bbox 1555 2710 1718 2745; x_wconf 81' lang='lat' dir='ltr'>amnibus</span> <span class='ocrx_word' id='word_1_339' title='bbox 1743 2711 1875 2755; x_wconf 74' lang='lat' dir='ltr'>scripsi</span> <span class='ocrx_word' id='word_1_340' title='bbox 1884 2725 1895 2744; x_wconf 86' lang='lat'>.-</span> 
     </span>
     <span class='ocr_line' id='line_1_39' title="bbox 402 2767 1761 2812; baseline 0.001 -11"><span class='ocrx_word' id='word_1_341' title='bbox 402 2767 563 2802; x_wconf 91' lang='lat' dir='ltr'>omnibus</span> <span class='ocrx_word' id='word_1_342' title='bbox 596 2779 640 2802; x_wconf 76' lang='lat' dir='ltr'>eoe</span> <span class='ocrx_word' id='word_1_343' title='bbox 671 2768 836 2803; x_wconf 89' lang='lat' dir='ltr'>omniuus</span> <span class='ocrx_word' id='word_1_344' title='bbox 863 2769 897 2803; x_wconf 92' lang='lat' dir='ltr'><em>P</em></span> <span class='ocrx_word' id='word_1_345' title='bbox 1079 2769 1124 2803; x_wconf 90' lang='grc'>26</span> <span class='ocrx_word' id='word_1_346' title='bbox 1159 2768 1329 2803; x_wconf 85' lang='lat' dir='ltr'>flammeis</span> <span class='ocrx_word' id='word_1_347' title='bbox 1360 2768 1510 2812; x_wconf 74' lang='lat' dir='ltr'>scripsi.-</span> <span class='ocrx_word' id='word_1_348' title='bbox 1543 2768 1694 2802; x_wconf 85' lang='lat' dir='ltr'>flammis</span> <span class='ocrx_word' id='word_1_349' title='bbox 1725 2769 1761 2802; x_wconf 94' lang='lat' dir='ltr'><em>P</em></span> 
     </span>
     <span class='ocr_line' id='line_1_40' title="bbox 402 2824 1893 2868; baseline 0.001 -10"><span class='ocrx_word' id='word_1_350' title='bbox 402 2825 612 2859; x_wconf 86' lang='lat' dir='ltr'>torrentium</span> <span class='ocrx_word' id='word_1_351' title='bbox 640 2825 733 2860; x_wconf 84' lang='lat' dir='ltr'>Sab:</span> <span class='ocrx_word' id='word_1_352' title='bbox 759 2827 973 2861; x_wconf 85' lang='lat' dir='ltr'>terrentium</span> <span class='ocrx_word' id='word_1_353' title='bbox 999 2826 1033 2860; x_wconf 91' lang='lat' dir='ltr'><em>P</em></span> <span class='ocrx_word' id='word_1_354' title='bbox 1170 2826 1320 2860; x_wconf 88' lang='lat' dir='ltr'>flammis</span> <span class='ocrx_word' id='word_1_355' title='bbox 1347 2825 1560 2860; x_wconf 87' lang='lat' dir='ltr'>torrentium</span> <span class='ocrx_word' id='word_1_356' title='bbox 1588 2826 1791 2868; x_wconf 75' lang='lat' dir='ltr'>fluminum,</span> <span class='ocrx_word' id='word_1_357' title='bbox 1819 2824 1893 2859; x_wconf 88' lang='lat' dir='ltr'>uol-</span> 
     </span>
     <span class='ocr_line' id='line_1_41' title="bbox 406 2883 1292 2928; baseline 0.002 -13"><span class='ocrx_word' id='word_1_358' title='bbox 406 2883 510 2916; x_wconf 86' lang='lat' dir='ltr'>uatur</span> <span class='ocrx_word' id='word_1_359' title='bbox 535 2884 643 2928; x_wconf 61' lang='grc' dir='ltr'>31ιῖ96</span> <span class='ocrx_word' id='word_1_360' title='bbox 782 2895 887 2919; x_wconf 82' lang='lat' dir='ltr'>caeno</span> <span class='ocrx_word' id='word_1_361' title='bbox 913 2885 1004 2920; x_wconf 75' lang='lat' dir='ltr'>Sab:</span> <span class='ocrx_word' id='word_1_362' title='bbox 1031 2895 1135 2919; x_wconf 85' lang='lat' dir='ltr'>caeno</span> <span class='ocrx_word' id='word_1_363' title='bbox 1160 2894 1228 2918; x_wconf 85' lang='lat' dir='ltr'>non</span> <span class='ocrx_word' id='word_1_364' title='bbox 1257 2884 1292 2917; x_wconf 91' lang='lat' dir='ltr'><em>P</em></span> 
     </span>
    </p>
   </div>
   <div class='ocr_carea' id='block_1_11' title="bbox 1921 964 1952 988">
    <p class='ocr_par' dir='ltr' id='par_1_11' title="bbox 1921 964 1952 988">
     <span class='ocr_line' id='line_1_42' title="bbox 1921 964 1952 988; baseline 0 0"><span class='ocrx_word' id='word_1_365' title='bbox 1921 964 1952 988; x_wconf 86' lang='lat'>10</span> 
     </span>
    </p>
   </div>
   <div class='ocr_carea' id='block_1_12' title="bbox 1921 1308 1953 1333">
    <p class='ocr_par' dir='ltr' id='par_1_12' title="bbox 1921 1308 1953 1333">
     <span class='ocr_line' id='line_1_43' title="bbox 1921 1308 1953 1333; baseline 0 0"><span class='ocrx_word' id='word_1_366' title='bbox 1921 1308 1953 1333; x_wconf 83' lang='lat'>15</span> 
     </span>
    </p>
   </div>
   <div class='ocr_carea' id='block_1_13' title="bbox 1920 1658 1953 1683">
    <p class='ocr_par' dir='ltr' id='par_1_13' title="bbox 1920 1658 1953 1683">
     <span class='ocr_line' id='line_1_44' title="bbox 1920 1658 1953 1683; baseline 0 0"><span class='ocrx_word' id='word_1_367' title='bbox 1920 1658 1953 1683; x_wconf 87' lang='lat'>20</span> 
     </span>
    </p>
   </div>
  </div>
 </body>
</html>
