2032 3248
335 195 419 238 346

381 310 425 345 18
472 314 670 347 summotus
703 329 746 344 =
778 316 996 362 lonqinquus
1026 319 1082 362 45,

378 366 422 401 21
447 367 484 402 in
510 370 696 405 summotis
714 371 920 409 delitescere
937 376 1083 411 secretis

380 425 455 467 164,
472 425 516 460 27

333 483 489 519 subolem
499 485 554 520 sui
567 486 726 531 pignoris
744 498 944 534 nuncupare
953 491 1029 535 185,
1040 493 1082 527 17

332 540 509 577 subrectio
534 543 736 588 phallorum
760 545 838 588 208,
856 546 901 581 28

329 601 519 647 subrogare
559 601 693 649 prolem
725 602 803 644 244,
821 603 843 637 8
880 607 1017 650 corpori
1046 609 1082 642 et

376 659 514 695 uiribus
539 660 880 705 redintegrationem
905 662 982 707 279,
1002 665 1046 699 10

330 715 557 761 subrumpere
581 718 671 753 scita
696 718 846 753 aliorum
871 720 926 763 92,
944 722 987 756 21

328 773 497 810 subruere
514 776 751 812 uenerabilem
776 778 981 813 castitatem
999 780 1075 823 182,

373 832 395 866 2
419 832 524 867 fidem
542 833 619 876 135,
639 835 679 869 17
706 836 950 870 matronarum
964 837 1073 881 pudo-

372 900 447 924 rem
470 890 588 934 44,17
618 892 794 927 rationem
819 893 945 928 subrui
970 896 1076 939 atque

371 946 519 983 interire
544 948 691 984 uiuendi
714 950 792 993 261,
810 951 854 986 27

326 1003 541 1049 subscriptio
568 1021 611 1037 =
637 1008 819 1043 accusatio
846 1009 923 1052 198,
939 1009 961 1043 3

325 1062 561 1098 subscudibus
586 1067 622 1099 et
646 1065 783 1100 catenis
808 1066 921 1108 228,ss

324 1118 503 1154 subsessor
519 1136 562 1151 =
587 1122 732 1157 adulter
758 1123 834 1166 159,
852 1123 908 1157 21.
935 1123 1011 1167 191,
1029 1124 1071 1158 27

323 1175 511 1212 subsiciuis
529 1178 756 1215 adcumulare
773 1180 940 1216 laudibus
958 1182 1037 1225 202,
1051 1183 1073 1216 4

322 1233 482 1270 subsidia
509 1236 683 1272 salutaria
707 1238 885 1273 conlocare
909 1240 986 1283 107,
1006 1240 1049 1274 13

322 1291 469 1337 aliquod
493 1303 622 1329 nomen
655 1294 965 1341 substantiamque
990 1308 1071 1342 por-

365 1350 443 1384 tare
468 1351 526 1395 (=
552 1352 640 1396 esse)
666 1351 758 1395 49,8
796 1353 897 1388 nulla
928 1365 1002 1389 esse
1032 1355 1070 1390 in

366 1407 571 1443 substantia
596 1411 839 1454 computatum
867 1411 942 1455 105,
959 1412 982 1446 5
1016 1412 1071 1446 di-

365 1464 487 1499 uinam
511 1466 755 1503 substantiam
781 1470 954 1504 sustinere
972 1470 1030 1514 74,
1047 1471 1068 1505 5

364 1521 403 1556 in
420 1522 475 1557 sui
487 1524 640 1559 nominis
661 1536 735 1561 esse
748 1526 953 1562 substantia
970 1539 1068 1573 prae-

364 1578 474 1614 dicari
510 1581 630 1623 77,18
671 1585 876 1618 substantia
908 1585 1067 1620 numinis

363 1636 633 1683 maiestatisque
659 1640 712 1683 19,
730 1642 752 1676 5
792 1641 898 1676 uitali
922 1642 960 1676 in
985 1643 1067 1677 sub-

366 1694 503 1728 stantia
520 1697 695 1731 contineri
711 1698 789 1740 215,
807 1698 852 1733 25
882 1700 926 1734 ad
951 1701 1066 1734 numi-

362 1761 447 1786 num
474 1752 694 1788 substantias
725 1757 908 1800 peruenire
933 1757 1012 1800 239,
1022 1758 1067 1792 20

317 1807 540 1845 substernere
555 1813 762 1847 cunctorum
775 1813 915 1849 notioni
931 1815 1008 1858 204,
1026 1816 1068 1850 14

364 1866 543 1901 substerni
568 1869 750 1904 maiestati
776 1871 830 1914 75,
848 1872 892 1907 28

317 1923 493 1960 subterrei
518 1926 595 1960 diui
619 1927 756 1970 253,14

317 1981 502 2017 subtexere
529 1983 663 2018 caelum
689 1984 784 2020 fumo
809 1986 887 2031 249,
901 1987 946 2022 26

318 2038 562 2075 subuersiones
587 2042 783 2077 animorum
811 2044 887 2087 186,
906 2045 949 2080 13

316 2097 498 2131 succedere
529 2098 566 2132 in
592 2100 722 2143 species
758 2101 948 2146 coniugum
981 2103 1064 2138 sub-

361 2153 469 2188 ditiui
494 2156 646 2200 corporis
672 2157 900 2193 simulatione
924 2160 1000 2202 170,
1019 2160 1066 2195 20

313 2210 519 2246 succendere
531 2212 669 2248 fontem
685 2214 908 2251 ualidissima
921 2217 958 2251 ui
975 2218 1063 2252 meri
1095 2245 1097 2249 »

361 2267 437 2310 178,
456 2270 477 2303 3
518 2272 693 2305 succensis
732 2273 905 2308 altaribus
941 2275 1019 2318 240,
1041 2276 1062 2310 6

312 2333 490 2360 successus
505 2327 650 2371 quidam
669 2340 708 2363 ex
724 2329 878 2365 molibus
895 2331 1062 2376 inaequa-

357 2382 440 2417 liter
464 2385 646 2429 aggeratis
670 2386 747 2429 281,
763 2387 807 2421 12
846 2388 1061 2425 lautioribus

359 2441 576 2477 successibus
612 2444 793 2479 institutis
831 2446 907 2487 102,
927 2449 945 2481 1
983 2458 1060 2482 suc-

356 2506 471 2532 cessus
502 2500 647 2543 quidam
679 2501 779 2545 parui
812 2502 889 2546 216,
909 2505 950 2539 11
992 2506 1060 2539 ter-

354 2564 474 2589 rarum
493 2556 660 2592 abscondi
678 2560 897 2595 successibus
920 2561 995 2605 195,
1014 2562 1058 2597 27

308 2610 561 2656 instrumenta,
588 2615 717 2658 quibus
735 2616 813 2651 uita
833 2618 1058 2664 succingitur

353 2670 389 2702 et
414 2670 617 2706 continetur
640 2672 796 2707 humana
821 2674 876 2716 67,
893 2675 915 2709 8
939 2676 1058 2710 omnia

353 2726 483 2767 cetera,
510 2727 639 2771 quibus
664 2729 743 2764 uita
775 2732 996 2776 succingitur
1021 2734 1058 2767 et

352 2782 555 2818 continetur
578 2785 734 2821 humana
758 2788 789 2828 5,
809 2788 851 2822 13

307 2839 533 2874 succumbere
559 2852 638 2876 cum
654 2843 723 2885 inf.
747 2844 802 2886 43,
821 2845 840 2879 7

1050 205 1187 242 Index

1152 322 1226 357 suci
1242 324 1371 359 uitales
1396 326 1474 370 257,
1495 329 1538 363 18
1568 328 1654 365 bene
1678 332 1809 375 ualida,
1834 334 1896 370 flo-

1196 379 1275 415 rida
1299 383 1335 416 et
1359 384 1433 418 suci
1458 385 1627 429 plenioris
1654 389 1728 433 192,
1747 390 1791 425 20

1151 438 1271 472 suetus
1296 440 1370 474 ruri
1407 441 1512 477 homo
1548 444 1625 488 275,
1642 445 1686 480 29
1727 447 1896 483 animalia

1195 496 1303 530 terris
1328 500 1427 533 sueta
1451 500 1484 543 5,
1503 501 1522 535 1

1149 552 1353 590 suffectione
1388 560 1553 602 purpurei
1592 559 1737 595 luminis
1776 563 1852 607 185,
1870 566 1894 600 4

1194 613 1402 648 nonnullius
1417 614 1623 651 suffectione
1636 619 1803 655 materiae
1816 621 1894 665 239,

1193 669 1236 704 13
1275 673 1539 715 unguentorum
1579 674 1739 711 suffectio
1776 678 1853 721 187,
1870 679 1892 713 4

1191 726 1318 762 alienis
1355 729 1620 766 suffectionibus
1656 732 1774 769 uiuere
1809 736 1890 780 261,

1189 783 1235 818 30
1271 786 1492 822 macularum
1518 789 1652 824 corium
1677 791 1891 827 suffectioni-

1191 840 1255 875 bus
1279 843 1420 878 uarium
1445 845 1524 889 280,
1543 846 1586 880 27

1140 897 1306 934 suffectus
1330 901 1498 937 tristibus
1523 914 1541 938 e
1565 903 1656 939 fucis
1689 905 1785 940 color
1808 907 1888 950 253,

1187 955 1231 990 10

1141 1013 1285 1049 sufferre
1311 1026 1347 1050 se
1370 1017 1407 1050 ui
1433 1018 1575 1062 propria
1601 1019 1655 1063 94,
1673 1020 1695 1055 9

1140 1070 1276 1106 suffitio
1311 1072 1431 1109 thuris
1469 1075 1546 1119 277,
1564 1078 1609 1112 28
1655 1077 1888 1113 uerbenarum

1186 1128 1262 1172 176,
1281 1130 1300 1164 1

1138 1185 1297 1220 fauorem
1337 1198 1377 1222 ac
1418 1190 1631 1235 suffragium
1669 1192 1889 1228 commodare

1183 1242 1260 1286 144,
1278 1245 1300 1279 8

1137 1303 1328 1346 suggestus
1369 1306 1497 1339 summi
1536 1306 1709 1342 honorum
1736 1308 1812 1351 148,
1839 1310 1882 1344 19

1135 1358 1188 1392 est
1217 1360 1258 1393 ut
1282 1360 1336 1403 11,
1360 1362 1381 1395 6
1405 1363 1520 1397 eritne
1545 1365 1586 1398 ut
1609 1365 1663 1407 66,
1690 1366 1734 1400 24
1765 1366 1883 1411 magis

1180 1418 1235 1450 est
1243 1418 1284 1451 ut
1292 1417 1349 1460 71,
1359 1419 1583 1465 4nu1nquam
1591 1422 1711 1465 fuerit,
1725 1425 1766 1457 ut
1774 1423 1829 1466 38,
1841 1425 1883 1459 13

1136 1483 1270 1508 sumere
1296 1474 1334 1509 in
1360 1476 1443 1512 deos
1468 1480 1707 1524 contemptum
1734 1481 1875 1522 214,14

1179 1531 1285 1566 initia
1303 1533 1379 1577 190,
1394 1534 1438 1569 23
1469 1535 1584 1570 locum
1601 1536 1639 1571 in
1663 1537 1886 1572 caerimoniis

1179 1589 1335 1632 primum
1359 1592 1437 1634 260,
1456 1593 1498 1628 13
1538 1594 1705 1628 notitiam
1736 1595 1786 1630 rei
1820 1596 1885 1630 ali-

1179 1646 1278 1681 cuius
1303 1648 1357 1690 66,
1376 1648 1395 1682 7
1429 1660 1649 1695 nequaquam
1674 1653 1883 1688 sumendum

1179 1705 1234 1738 est
1269 1705 1415 1740 auribus
1455 1707 1567 1750 256,3
1614 1711 1695 1744 ante
1732 1710 1884 1755 sumptis

1177 1760 1402 1805 opinionibus
1439 1765 1626 1800 aestimare
1663 1766 1738 1808 249,
1756 1767 1802 1802 28
1841 1768 1884 1802 ab

1177 1818 1252 1852 illis
1295 1822 1476 1865 sumptum
1513 1826 1883 1870 conmemoratumque

1177 1876 1313 1918 151,18
1343 1878 1380 1912 in
1409 1890 1509 1914 suam
1538 1891 1675 1916 sumere
1701 1883 1805 1927 atque
1829 1883 1882 1917 in-

1176 1936 1316 1969 mutare
1340 1936 1503 1971 naturam
1527 1938 1604 1981 256,
1623 1939 1666 1973 18

1131 2001 1268 2026 summa
1292 2003 1406 2028 rerum
1431 2009 1474 2024 =
1499 1995 1658 2030 mundus
1682 1997 1735 2038 21,
1755 1997 1798 2031 16
1836 1997 1881 2031 ad

1176 2058 1253 2083 eam
1270 2050 1474 2093 perducitur
1491 2063 1545 2087 res
1559 2064 1733 2087 summam
1747 2054 1824 2098 164,
1834 2054 1877 2088 13

1130 2107 1336 2141 summatim
1361 2109 1541 2144 ostendere
1562 2111 1639 2156 214,
1657 2111 1677 2145 2

1130 2163 1413 2200 sumministrare
1430 2167 1596 2202 audaciae
1623 2168 1714 2202 uires
1733 2169 1812 2211 167,
1830 2169 1872 2204 21

1127 2221 1373 2257 summissione
1420 2224 1566 2259 alterius
1615 2225 1719 2260 datur
1769 2226 1875 2261 alteri

1172 2278 1364 2321 plurimum
1389 2281 1467 2326 248,
1487 2282 1529 2317 13

1127 2337 1333 2372 summitate
1364 2338 1587 2382 perfectionis
1611 2340 1689 2383 270,
1707 2342 1748 2375 16
1781 2342 1875 2386 prin-

1171 2393 1259 2437 cipis
1277 2395 1464 2430 summitas
1482 2396 1535 2439 63,
1550 2397 1570 2430 9
1596 2397 1708 2441 ipsius
1726 2399 1875 2433 retinere

1171 2451 1366 2495 sapientiae
1380 2454 1622 2488 summitatem
1638 2455 1713 2497 130,
1724 2455 1768 2490 20
1782 2467 1874 2490 sum-

1170 2508 1334 2543 mitatem
1358 2510 1517 2545 omnium
1542 2523 1756 2547 summorum
1781 2512 1872 2547 obti-

1170 2575 1250 2600 nere
1271 2566 1324 2609 16,
1342 2567 1386 2601 27
1412 2569 1633 2603 summitatis
1650 2569 1761 2613 ipsius
1779 2581 1872 2604 sum-

1170 2633 1229 2656 ma
1254 2623 1330 2667 132,
1344 2624 1390 2659 20

1124 2680 1299 2715 summula
1323 2681 1377 2725 68,
1395 2681 1418 2715 4

1123 2737 1373 2780 superciliosae
1404 2738 1569 2775 ciuitates
1595 2739 1670 2782 185,
1689 2740 1709 2773 9
1751 2751 1869 2786 super-

1168 2793 1289 2829 ciliosa
1314 2806 1368 2830 res
1394 2796 1448 2837 11,
1465 2797 1486 2830 2

1121 2851 1347 2894 supercilium
1359 2854 1483 2889 tollere
1496 2855 1550 2898 87,
1565 2855 1609 2889 14
1634 2855 1864 2899 adrogantiae
