2032 3248
170 1103 366 1136 Epistularum

202 1152 324 1180 codices.

385 243 502 274 XXVI

385 334 755 390 grammaticarum
776 333 996 375 materiam
1016 332 1287 387 proponentes
1304 330 1559 375 Schuchardt
1576 331 1685 388 (Der
1710 332 1893 375 Vokalz's-

383 422 477 452 mus
504 409 573 451 des
605 407 924 462 Vulgarlateins
943 408 1054 461 Lips.
1079 407 1201 450 1867.
1234 406 1362 463 1868)
1393 407 1434 449 et
1454 406 1618 449 Ronsch
1649 407 1784 458 (Itala
1804 409 1894 450 und

395 483 577 538 Vulgata
592 483 808 538 Marburgi
827 482 967 536 1869),
988 482 1092 524 hanc
1108 481 1391 535 quaestionem
1406 494 1486 524 non
1502 481 1743 537 attigerunt.
1768 495 1892 536 quare

382 559 427 601 in
462 558 707 612 recipiendis
744 557 961 612 scripturis
997 556 1218 599 incertiora
1253 557 1455 610 quaedam
1491 556 1652 599 cautius
1682 557 1725 599 in
1757 557 1892 599 medio

385 633 656 687 relinquenda
686 644 810 686 quam
840 631 1060 674 audentius
1089 630 1403 685 corruptissima
1432 643 1616 686 quaeque
1644 632 1686 674 et
1715 631 1893 675 insolen-

384 708 548 751 tissima
567 707 744 750 maxime
767 707 947 763 genuina
966 705 1155 749 habenda
1176 718 1263 749 esse
1283 706 1442 760 putaui.

884 911 1076 992 Caput
1118 910 1395 977 alterum.

519 1079 633 1122 Libri
654 1080 928 1134 manuscripti
950 1094 1030 1135 qua
1050 1082 1208 1125 ratione
1231 1081 1282 1124 ad
1300 1081 1500 1136 epistulas
1523 1081 1787 1137 castigandas
1809 1081 1893 1124 sint

385 1154 621 1207 adhibendi,
652 1167 732 1198 non
761 1156 898 1209 potest
928 1169 1010 1198 una
1039 1157 1130 1212 lege
1162 1169 1265 1211 quae
1290 1156 1333 1198 in
1355 1168 1495 1198 omncs
1525 1155 1645 1198 cadat
1676 1156 1888 1208 constitui,

379 1243 477 1273 nam
509 1230 617 1284 quod
646 1230 696 1272 de
724 1230 812 1273 toto
835 1228 1030 1285 Cypriani
1061 1243 1225 1285 corpore
1255 1231 1342 1273 dixi
1371 1231 1537 1285 propter
1567 1231 1890 1286 amplitudinem

380 1305 668 1360 particulatim
704 1317 792 1347 esse
827 1305 1095 1359 descriptum,
1131 1306 1176 1348 id
1207 1306 1257 1349 de
1287 1306 1363 1349 hac
1398 1306 1515 1361 parte
1551 1318 1675 1360 quam
1711 1306 1891 1348 maxime

379 1380 504 1422 ualet.
537 1380 723 1423 omnium
753 1391 849 1422 uero
878 1380 1154 1434 epistularum
1175 1393 1276 1434 quas
1298 1380 1526 1436 Cyprianus
1547 1381 1700 1435 partim
1723 1381 1889 1434 scripsit

378 1455 534 1508 partim
571 1456 728 1509 accepit
759 1455 828 1497 uel
860 1468 961 1509 quas
992 1455 1170 1498 aliorum
1201 1455 1287 1498 suis
1317 1456 1472 1498 litteris
1503 1455 1692 1508 subiecit,
1727 1456 1888 1498 nullam

377 1542 577 1584 umquam
606 1530 815 1573 exstitisse
845 1530 1051 1585 integram
1079 1530 1362 1573 collectionem
1384 1543 1480 1573 cum
1501 1542 1548 1572 ex
1568 1530 1771 1573 librorum
1794 1542 1888 1571 con-

381 1604 540 1647 dicione
588 1605 789 1659 quotquot
836 1605 958 1648 hodie
999 1605 1043 1647 in
1082 1605 1345 1648 bibliothecis
1387 1606 1665 1657 asseruantur,
1715 1617 1889 1658 quorum

380 1679 521 1722 nullus
553 1692 706 1732 omnes,
738 1681 860 1735 pauci
892 1680 1056 1723 easdem
1086 1680 1309 1722 immutato
1338 1680 1490 1732 ordine,
1521 1680 1588 1722 hic
1610 1680 1683 1722 ille
1705 1680 1893 1735 singulas

379 1754 578 1808 epistulas
623 1755 688 1798 bis
735 1754 981 1807 contineant,
1032 1756 1124 1797 tum
1173 1755 1268 1797 inde
1319 1756 1427 1809 quod
1472 1754 1761 1811 Augustinum
1809 1754 1894 1811 (Dc

378 1829 583 1883 baptismo
604 1832 749 1872 contra
769 1830 1023 1872 Donatistas
1045 1830 1117 1882 VI,
1142 1831 1209 1882 16,
1231 1830 1303 1887 25)
1325 1830 1371 1872 in
1393 1843 1467 1873 sua
1489 1830 1647 1885 sylloge
1669 1830 1891 1883 epistulam

382 1905 448 1957 72,
479 1918 582 1959 quae
611 1906 779 1960 quidem
799 1906 843 1947 in
862 1918 906 1947 re
927 1906 976 1947 ab
998 1905 1072 1948 illo
1100 1906 1281 1948 tractata
1309 1917 1388 1947 non
1415 1905 1573 1947 nullius
1594 1906 1656 1947 est
1676 1905 1892 1955 momenti,

378 1992 458 2022 non
488 1980 694 2023 inuenisse
715 1993 762 2023 ex
783 1981 948 2023 silentio
981 1981 1068 2022 eius
1097 1981 1272 2032 constat,
1310 1981 1375 2023 sat
1403 1980 1513 2022 certo
1543 1979 1769 2034 colligitur.
1807 1979 1892 2020 for-

378 2055 487 2097 tuito
510 2055 711 2110 epistulae
727 2057 852 2110 prout
868 2056 1019 2098 artiore
1035 2056 1103 2098 uel
1119 2067 1387 2109 personarum
1404 2055 1471 2096 uel
1488 2067 1627 2097 rerum
1643 2055 1711 2096 uel
1729 2056 1891 2108 tempo-

378 2143 472 2172 rum
508 2130 675 2173 uinculo
712 2132 829 2173 erant
865 2143 1036 2173 conexae
1072 2130 1116 2172 in
1151 2130 1316 2185 singula
1352 2129 1676 2184 congerebantur
1712 2141 1891 2183 corpora,

380 2217 482 2259 quae
509 2205 654 2248 deinde
676 2206 829 2248 sensim
850 2205 894 2248 in
915 2205 1136 2259 ampliores
1158 2205 1418 2248 collectiones
1441 2204 1645 2247 abierunt.
1679 2217 1774 2246 cum
1795 2216 1893 2246 uero

382 2291 523 2322 eorum
560 2281 631 2334 qui
667 2293 733 2323 eas
770 2281 1044 2323 instituebant
1078 2279 1282 2322 iudicium
1317 2292 1455 2321 rerum
1491 2278 1667 2333 singulis
1701 2278 1892 2332 epistulis

380 2354 655 2403 tractatarum
683 2355 752 2397 uel
782 2355 1039 2398 cohaerentia
1059 2356 1128 2398 uel
1150 2355 1358 2410 grauitate
1378 2354 1644 2408 potissimum
1665 2354 1890 2407 regeretur,

379 2428 473 2470 inde
503 2429 587 2471 iam
615 2429 774 2472 factum
808 2431 883 2482 est,
914 2430 962 2472 ut
982 2431 1143 2472 multae
1165 2430 1334 2472 leuioris
1355 2429 1592 2484 argumenti
1613 2428 1825 2483 neglectae
1848 2427 1892 2469 in

379 2503 522 2556 paucis
558 2504 726 2546 tantum
757 2505 967 2547 codicibus
998 2517 1071 2546 nec
1102 2505 1238 2547 aetate
1267 2517 1342 2547 nec
1372 2503 1616 2559 integritate
1644 2503 1890 2557 insignibus,

381 2577 532 2629 quibus
572 2578 873 2633 inuestigandis
913 2579 1096 2621 multum
1137 2579 1292 2621 laboris
1329 2579 1370 2620 et
1404 2577 1601 2632 temporis
1643 2577 1890 2630 consumpsi,

380 2650 608 2708 latitarent,
631 2653 770 2707 itaque
791 2654 1013 2707 paullatim
1035 2654 1116 2696 alio
1138 2654 1275 2696 codice
1291 2654 1384 2708 post
1400 2653 1529 2694 alium
1547 2652 1706 2705 reperto
1723 2651 1890 2693 uniuer-

384 2738 452 2767 sus
475 2727 748 2779 epistularum
770 2741 966 2770 numerus
988 2728 1238 2770 editionibus
1259 2728 1552 2782 publicaretur.
1590 2739 1694 2780 quae
1716 2739 1810 2767 cum
1830 2725 1890 2767 ita

382 2801 479 2852 sint,
510 2802 569 2843 rei
599 2802 765 2845 criticae
795 2802 1050 2845 factitandae
1078 2803 1184 2844 ratio
1215 2803 1278 2844 est
1301 2802 1480 2844 maxime
1509 2800 1694 2854 inpedita
1714 2812 1787 2841 nec
1807 2812 1890 2841 una

388 2875 616 2929 disputatio
648 2876 718 2918 sed
749 2877 812 2919 tot
844 2878 943 2930 quot
974 2877 1149 2919 discerni
1180 2877 1351 2930 possunt
1382 2875 1652 2929 epistularum
1683 2875 1820 2929 partes
1843 2886 1889 2915 ex

2026 2664 2030 2671 .
2029 2649 2032 2657 ,
2028 2633 2032 2639 „
2024 2130 2032 2620 -,.-..um-—.a.-...—...r-.....x..,
2028 2095 2032 2113 ..1
2028 2062 2032 2088 .—
2028 2003 2032 2054 ῌ-
