2032 3248
765 213 892 246 Liber
926 214 964 247 V.
1527 216 1601 257 181

117 330 258 370 mater.
310 327 407 381 quid
454 340 475 369 o
514 328 691 381 theologi
739 328 894 381 dicitis,
943 328 1039 381 quid
1085 342 1348 381 supernarum
1398 329 1606 371 antistites

115 397 394 450 potestatum?
425 409 570 450 ergone
601 397 721 437 deum
753 399 883 437 mater
914 398 1006 438 ante
1037 397 1185 438 diluuii
1218 409 1355 439 casum
1393 398 1506 439 nulla
1527 398 1606 439 fuit

117 466 156 506 in
188 466 303 519 parte
333 466 523 515 naturae,
556 468 596 506 et
628 465 706 506 11131
738 476 854 506 omne
887 465 1124 506 mortalium
1169 479 1294 519 genus
1334 467 1607 508 interemisset

115 534 177 575 uis
208 534 424 583 imbrium,
466 533 753 586 procreationis
790 533 903 574 illius
943 546 1062 574 causa
1103 535 1223 586 atque
1262 535 1373 588 origo
1405 537 1606 576 cessaret?

87 604 339 644 ahumanum
382 604 444 643 est
482 614 574 655 ergo
613 615 761 643 munus
799 602 904 654 quod
945 615 1032 643 esse
1072 616 1112 643 se
1152 603 1276 643 sentit
1325 606 1364 644 et
1404 603 1606 644 beneficiis

116 671 234 712 debet
274 671 424 724 Pyrrae
470 671 574 724 quod
621 672 826 712 numerari
874 684 916 712 se
962 671 1160 724 conspicit
1207 672 1248 713 in
1296 672 1467 713 alicuius
1509 672 1605 713 sub-

116 740 289 781 stantiae
334 739 552 792 qualitate:
600 739 707 791 quod
752 739 916 791 quidem
948 741 1154 781 sinerum
1197 742 1276 790 est,
1321 741 1362 781 et
1393 741 1496 782 illud
1529 740 1607 782 erit

116 808 335 850 necessario
367 821 444 849 non
478 808 641 857 falsum,
674 808 879 848 hominem
913 808 1031 849 illam
1054 808 1190 851 fuisse.
1224 821 1303 849 non
1326 809 1474 850 diuam.
1510 822 1604 850 nam

116 876 148 917 si
181 878 334 917 certum
375 878 435 917 est
474 876 658 917 homines
690 889 736 917 ex
768 876 839 916 illo
872 877 1052 928 lapidum
1094 878 1204 918 iactu
1245 878 1480 919 natiuitatis
1513 890 1606 919 suae

70 957 101 980 10
115 944 313 999 originem
354 944 514 997 ducere,
563 946 602 985 et
640 944 742 985 hanc
782 957 942 986 necesse
981 948 1041 986 est
1081 946 1187 986 credi
1226 959 1347 986 11113111
1391 946 1514 987 fuisse
1558 946 1606 987 de

115 1014 242 1063 nobis⁷
266 1013 540 1054 consimilium
563 1026 775 1054 causarum
799 1014 1025 1055 rationibus
1048 1016 1310 1066 procreatam.
1348 1027 1475 1067 neque
1498 1015 1603 1055 enim

115 1082 200 1122 lieri
231 1095 366 1123 rerum
397 1095 467 1135 per
499 1083 811 1135 repugnantiam
841 1082 986 1134 (101011,
1020 1084 1065 1123 111
1088 1095 1132 1122 ex
1156 1095 1232 1123 uno
1255 1083 1435 1136 lapidum
1460 1096 1605 1137 genere

115 1152 154 1191 et
183 1162 228 1191 ex
261 1151 401 1191 eadem
433 1151 587 1191 ratione
619 1150 792 1192 iaciendi
825 1150 1126 1191 immortalium
1159 1151 1321 1203 quidam
1348 1151 1479 1200 301113,
1512 1163 1606 1193 con-

115 1218 284 1259 dicionis
330 1218 399 1259 alii
447 1218 794 1259 substituerentur
839 1219 1050 1259 humanae.
1110 1219 1235 1259 Varro
1283 1220 1352 1260 ille
1399 1220 1605 1262 Romanus

68 1301 98 1324 15
114 1286 441 1328 multiformibus
473 1287 652 1327 eminens
683 1286 912 1339 disciplinis
945 1289 984 1327 et
1016 1287 1056 1327 in
1090 1288 1310 1328 uetustatis
1343 1287 1604 1342 indagatione

113 1356 283 1396 rimator
313 1356 355 1396 in
388 1356 583 1396 librorum
616 1357 809 1408 quattuor
838 1355 970 1407 primo
1002 1367 1099 1408 quos
1131 1357 1178 1397 de
1210 1357 1327 1409 gente
1358 1357 1603 1409 conscriptos

114 1424 283 1466 Romani
321 1424 459 1477 populi
499 1424 717 1477 dereliquit
756 1424 923 1465 curiosis
956 1425 1327 1477 computationibus
1360 1424 1520 1476 edocet,
1553 1426 1602 1466 ab

113 1493 259 1534 diluuii
296 1491 300 1545 Ι
336 1494 540 1546 tempore,
583 1494 697 1534 ouius
730 1506 850 1546 supra
880 1494 1049 1534 fecimus
1087 1494 1354 1543 mentionem,
1396 1494 1446 1534 ad
1478 1497 1740 1546 usqum-102b

112 1562 225 1603 Hirti
257 1562 515 1604 consulatum
548 1564 588 1603 et
610 1562 766 1603 Pansae
797 1575 993 1603 annorum
1027 1574 1112 1603 esse
1143 1562 1260 1602 milia
1291 1562 1471 1603 nondum
1503 1564 1602 1604 duo:

66 1643 202 1672 2ocum
237 1643 313 1683 quo
345 1631 378 1671 31
410 1633 494 1672 3131
526 1630 637 1680 fides,
670 1630 803 1671 Mater
834 1643 991 1683 000003
1023 1630 1192 1671 dicenda
1224 1632 1285 1671 est
1315 1631 1466 1683 Magna
1500 1631 1606 1671 intra

112 1699 233 1741 huius
272 1699 430 1740 numeri
463 1699 562 1740 fines
595 1699 816 1740 aeuitatem
857 1711 971 1740 suam
1003 1699 1151 1739 habere
1184 1699 1434 1748 conclusam,
1483 1700 1604 1751 atque

113 1770 172 1810 ita
201 1768 437 1820 perducitur
468 1780 531 1809 res
562 1779 619 1816 60,
654 1768 699 1807 01
730 1779 831 1819 01133
863 1766 1045 1807 omnium
1078 1767 1292 1807 numinum
1315 1767 1497 1820 genetrix
1520 1779 1604 1808 esse

112 1838 298 1877 narratur
330 1847 408 1877 non
440 1835 495 1876 sit
525 1837 656 1876 mater
688 1837 756 1876 sed
788 1835 894 1885 filia,
928 1835 1154 1887 quinimmo
1184 1834 1319 1875 infans
1351 1837 1390 1875 et
1419 1836 1602 1887 paruula,

114 1905 312 1957 siquidem
346 1904 438 1945 deos
471 1904 726 1945 concedimus
757 1917 886 1956 neque
917 1898 1198 1956 initia'neque
1229 1904 1326 1944 fines
1350 1905 1603 1944 saeculorum

67 1983 98 2009 2⁵
114 1974 305 2027 perpetua
335 1974 377 2014 in
409 1973 710 2013 continuatione
740 1973 918 2014 sortitos.
961 1974 1029 2014 sed
1059 1972 1156 2024 quid
1180 1972 1349 2013 terrenis
1372 1971 1639 2013 obuoluissess

112 2054 182 2083 uos
228 2042 412 2083 sordibus
453 2042 571 2083 deum
610 2042 816 2094 loquimur
855 2043 1046 2090 matrem,
1094 2054 1183 2081 cum
1225 2041 1273 2080 ab
1314 2041 1422 2081 Iouis
1472 2040 1600 2092 ipsius

113 2110 342 2152 maledictis
374 2111 529 2151 nullam
561 2123 732 2163 pausam
766 2111 896 2151 facere
928 2110 993 2151 uel
1025 2110 1158 2163 exigui
1196 2108 1391 2162 temporis
1425 2108 1602 2148 interca-

112 2179 254 2231 pedine
285 2179 527 2231 quiueritis?
559 2192 649 2220 cum
683 2180 725 2219 in
757 2192 918 2220 summo
941 2179 1046 2231 Agdi
1079 2178 1230 2219 uertice
1262 2178 1382 2218 deum
1407 2177 1604 2217 dormiret

156 2359 176 2393 2
200 2362 282 2393 ante
308 2359 381 2393 (1ch
409 2359 506 2392 Saluo
658 2358 785 2392 dilubii
814 2359 847 2391 P
871 2370 952 2392 corr
976 2369 1007 2391 w
1035 2357 1071 2389 a]
1225 2367 1341 2390 casum
1370 2356 1489 2389 Salm:
1522 2365 1602 2387 cau-

111 2427 183 2450 sam
209 2420 258 2459 (111
276 2426 369 2456 eras)
397 2417 431 2450 1)
455 2426 557 2449 causa
584 2415 654 2449 Sal>
679 2426 758 2448 casu
791 2415 859 2448 Urs
974 2415 994 2447 (3
1019 2413 1192 2447 numerari
1219 2413 1430 2447 Liuineius.-
1457 2412 1547 2446 erari
1574 2412 1608 2445 P

109 2474 200 2507 orari
219 2473 290 2507 Sao
420 2473 568 2506 alicuius
588 2473 678 2507 Sab:
697 2472 806 2506 alicus
827 2473 861 2506 1>
993 2472 1033 2505 12
1050 2471 1167 2515 quiuit
1185 2471 1357 2505 2111111113.-
1383 2471 1457 2514 quit
1483 2469 1518 2502 P

113 2531 151 2564 13
176 2530 323 2564 iaciendi
349 2531 556 2564 Meursms:
590 2529 741 2563 faciendi
768 2531 802 2563 1³
979 2528 1020 2562 14
1046 2529 1301 2562 suscitarentur
1327 2527 1512 2561 Meum-ius

111 2588 152 2620 15
176 2587 458 2620 multiformibus·
487 2587 578 2620 Sab:
612 2586 843 2620 multiformis
870 2586 904 2619 1²
1087 2586 1126 2618 17
1153 2584 1345 2628 dereliquid
1373 2583 1408 2617 P
1431 2594 1513 2617 corr

110 2645 152 2677 18
177 2643 300 2677 dilubii
330 2645 364 2678 P
380 2655 459 2678 corr
597 2643 641 2676 20
665 2654 740 2677 cum
767 2654 835 2685 quo
860 2643 888 2676 si
916 2644 988 2675 stat
1006 2642 1219 2675 Liuineius.-
1245 2652 1321 2674 cum
1347 2650 1433 2684 quos
1458 2642 1540 2683 (quo
1559 2641 1602 2680 c')

111 2703 181 2734 stat
206 2701 240 2734 P
273 2713 349 2735 cum
375 2712 441 2746 quo
468 2702 606 2735 constat
632 2700 703 2735 Sub
871 2699 915 2732 25
940 2698 1141 2743 cognitione
1168 2698 1238 2731 Sub
1406 2696 1602 2730 obuoluisse

113 2758 196 2791 Gel:
229 2758 419 2792 obsoluisse
454 2759 488 2792 P
669 2757 712 2791 ⁴26
746 2767 807 2790 nos
835 2757 907 2790 Sab
1091 2755 1192 2789 deum
1225 2754 1308 2788 Gel:
1347 2753 1445 2788 deam
1480 2754 1514 2787 P

110 2816 153 2848 28
182 2814 256 2849 aedi
284 2816 318 2849 P
