2032 3248
364 233 449 275 276
994 232 1238 277 Appendix.

363 338 542 376 miserum
562 337 748 376 laborare.
785 338 833 376 ad
854 338 944 386 quid
966 339 1215 377 christianam
1250 338 1400 377 fidelem
1436 338 1600 378 animam
1632 342 1746 388 putas
1768 342 1870 380 intra

364 418 551 445 carcerem
572 407 702 445 mundi
723 407 904 446 remorari
925 407 1100 446 debuisse
1122 407 1182 445 cui
1203 409 1307 445 totus
1339 409 1500 447 mundus
1521 409 1765 458 naufragium
1796 413 1867 448 est.

363 475 483 514 tantis
504 477 542 513 et
562 476 706 514 talibus
728 477 1024 524 tempestatibus
1054 477 1157 514 uitae
1194 478 1252 514 tot
1287 477 1597 525 impugnationes
1619 478 1774 526 diaboli,
1810 481 1868 517 tot

365 545 531 594 corporis
552 545 665 593 bella,
688 547 746 584 tot
776 546 921 585 saeculi
942 547 1068 585 clades
1108 546 1177 596 [tot
1199 546 1449 596 calamitates]
1472 548 1607 587 euasit.
1630 550 1668 586 et
1688 548 1867 587 lacrimas

365 615 516 662 fundis,
556 615 666 663 quasi
698 616 844 654 nescias
871 616 960 664 quid
982 616 1021 653 111
1055 618 1093 655 te
1115 616 1197 664 ipse
1232 616 1370 654 cotidie
1400 617 1575 664 patiaris.
1597 619 1752 666 propter
1773 619 1900 666 quods

364 685 546 724 Dominus
568 685 623 723 sic
644 685 818 724 admonet
837 686 1026 733 apostolos
1048 697 1138 723 suos
1179 685 1328 723 dicens:
1367 685 1410 724 si
1441 697 1506 723 me
1538 686 1870 733 dilexissetis,

365 754 673 803 gauderetis,
705 754 931 802 quoniam
961 755 1078 793 uado
1111 755 1163 792 ad
1194 756 1398 802 patrem.
1436 755 1548 803 plane
1580 757 1769 793 mortuum
1797 756 1871 793 La-

365 835 492 862 zarum
514 824 634 871 fleuit,
657 825 722 862 sed
744 836 818 862 non
840 823 918 862 tuis
939 824 1121 862 lacrimis.
1152 824 1445 863 resurrectionis
1466 824 1673 872 promissor
1707 825 1873 863 dolorem

366 893 498 932 docere
518 905 593 932 non
613 894 777 941 poterat,
814 905 861 932 ne
882 894 995 932 fidem
1016 894 1214 943 perfidiam
1245 894 1390 933 faceret
1411 906 1524 942 quam
1557 894 1727 932 docebat.
1753 894 1874 931 doluit

363 962 547 1001 Lazarum
566 974 641 1001 non
663 963 921 1011 dormientem,
945 964 1011 1001 sed
1031 963 1159 1012 potius
1190 965 1464 1012 resurgentem,
1488 965 1526 1001 et
1541 963 1658 1001 flebat
1679 974 1789 1011 quem
1811 974 1871 1000 co·
1890 980 1920 1003 10

364 1032 526 1080 gebatur
546 1033 700 1080 propter
731 1032 934 1070 saluandos
970 1032 1065 1070 alios
1088 1032 1139 1082 [et
1160 1033 1441 1071 confundendos
1470 1032 1696 1082 incredulos]
1720 1032 1872 1070 saeculo

364 1111 555 1140 reuocare.
577 1101 676 1139 hanc
696 1101 818 1139 uitam
840 1102 933 1139 dans
955 1101 1137 1139 Dominus
1159 1101 1445 1149 ingemiscebat,
1468 1113 1581 1149 quam
1597 1102 1640 1139 tu
1661 1101 1766 1139 doles
1788 1112 1871 1139 esse

366 1171 570 1210 sublatam.
604 1172 735 1210 contra
754 1170 935 1209 lacrimas
957 1171 1039 1210 eius
1070 1173 1243 1220 pugnant
1265 1171 1443 1210 lacrimae
1465 1173 1566 1218 tuae,
1599 1172 1636 1209 et
1657 1182 1760 1209 amor
1780 1171 1870 1208 tuus

366 1241 485 1279 amori
506 1240 600 1279 eius.
631 1240 711 1278 eius
730 1240 841 1279 fletus
861 1252 936 1279 non
957 1240 1072 1278 habet
1092 1252 1233 1289 parem.
1256 1240 1321 1279 ille
1338 1241 1491 1279 nolebat
1507 1241 1664 1279 reddere
1680 1239 1873 1277 laboribus

367 1322 479 1358 quem
500 1311 699 1359 dilexerat,
733 1311 771 1349 et
792 1311 834 1348 tu
856 1321 982 1348 amare
1013 1311 1051 1348 te
1073 1311 1194 1349 credis
1216 1311 1275 1349 cui
1296 1311 1468 1349 laborum
1488 1309 1643 1349 uolebas
1665 1312 1788 1349 adhuc
1809 1322 1921 1349 re-15

367 1382 468 1419 stare
484 1382 684 1419 tormenta.
707 1382 876 1419 ceterum
894 1379 928 1418 si
943 1382 1054 1428 putes
1076 1391 1161 1418 eum
1181 1383 1369 1419 mortuum
1389 1381 1573 1418 Lazarum
1590 1380 1769 1427 doluisse,
1787 1382 1875 1418 ante

366 1461 441 1488 non
462 1449 698 1497 permisisset
734 1449 834 1487 exire
871 1449 935 1497 qui
970 1449 1152 1497 repellere
1190 1452 1341 1497 poterat
1374 1451 1553 1497 mortem,
1590 1451 1657 1488 aut
1677 1450 1779 1488 certe
1801 1461 1876 1487 non

366 1519 473 1557 fleret
495 1515 560 1566 qui
580 1520 770 1557 mortuum
791 1518 1019 1556 resuscitare
1041 1519 1281 1566 postmodum
1302 1519 1489 1557 habuerat
1507 1519 1746 1567 potestatem.
1779 1519 1877 1556 unde

366 1589 527 1636 apparet
549 1587 631 1626 sola
651 1599 735 1626 eum
757 1599 870 1625 causa
891 1587 1011 1626 fuisse
1033 1589 1259 1626 commotum
1281 1588 1380 1635 quod
1401 1588 1450 1625 ad
1470 1588 1649 1626 hostilem
1670 1587 1789 1625 uitam
1812 1599 1874 1625 ca-

367 1656 560 1695 rissimum
582 1668 693 1694 suum
713 1667 893 1694 reuocare
916 1656 1038 1694 denuo
1073 1658 1230 1704 propter
1252 1657 1461 1696 credituros
1499 1657 1650 1704 aliquos
1685 1657 1747 1695 uel
1783 1667 1872 1695 con-
1890 1669 1922 1694 20

370 1726 584 1764 fundendos
606 1726 822 1765 incredulos
853 1725 1075 1773 urgebatur.
1114 1726 1275 1774 denique
1314 1725 1368 1764 sic
1391 1727 1615 1765 subsecutus
1638 1727 1696 1764 est
1727 1726 1874 1764 dicens:

460 1839 481 1872 ⁴3
506 1838 556 1872 Io.
583 1839 638 1880 14,
663 1838 718 1872 28.

462 1932 481 1964 1
508 1930 552 1965 ad
577 1930 663 1975 quid
679 1957 685 1964 .
702 1957 708 1964 .
725 1957 731 1964 .
748 1931 772 1967 Z.
796 1932 822 1966 2
847 1932 902 1965 est
927 1941 994 1966 om.
1020 1931 1044 1966 h
1187 1930 1232 1965 ad
1258 1930 1356 1975 quid]
1384 1930 1522 1975 aliquid
1548 1943 1572 1975 μ
1712 1929 1879 1963 christia-

370 1999 454 2022 nam
479 1990 516 2023 et
540 2001 572 2030 v,
597 1988 769 2023 tristitia:
795 1999 878 2023 nam
904 1988 939 2022 Z
1103 1989 1124 2023 2
1149 1988 1313 2022 debuisse
1338 1998 1403 2023 om.
1430 1988 1463 2022 Z
1630 1988 1651 2021 3
1676 1987 1813 2021 talibus
1840 1997 1880 2020 ac

370 2048 484 2082 tantis
509 2049 532 2083 h
693 2048 729 2082 et
753 2058 820 2084 om.
845 2058 892 2092 νμ
1078 2047 1197 2081 zabuli
1222 2057 1269 2090 νμ
1430 2046 1454 2080 4
1478 2045 1596 2080 clades
1622 2045 1754 2080 saeculi
1780 2046 1834 2079 Zv

370 2108 426 2141 tot
451 2107 676 2141 calamitates
701 2116 769 2141 om.
795 2106 868 2151 νμῙι,
1053 2106 1075 2139 5
1100 2104 1195 2149 quod
1220 2105 1297 2149 Ζμι
1476 2104 1496 2138 G
1522 2103 1690 2138 admonet
1715 2103 1879 2137 dominus

373 2165 436 2208 (sic
461 2167 541 2208 om.)
566 2166 589 2200 h
752 2174 808 2198 me
832 2162 1035 2208 diligeretis
1061 2163 1126 2206 Zv,
1151 2162 1351 2206 diligeretis
1377 2172 1433 2196 me
1458 2161 1482 2196 h
1652 2161 1671 2194 7
1698 2160 1877 2205 quoniam]

373 2222 456 2266 quia
481 2223 504 2257 h
681 2222 840 2256 lazarum
865 2220 967 2255 fleuit
990 2222 1172 2255 mortuum
1196 2221 1220 2255 h
1389 2220 1410 2254 8
1435 2230 1505 2254 non
1530 2219 1604 2253 tuis
1629 2219 1652 2252 l.
1679 2229 1708 2260 r,
1734 2218 1881 2252 nuntius

373 2280 529 2315 lacrimis
555 2293 590 2324 μ,
617 2290 688 2314 11011
712 2282 793 2313 tuas
818 2279 1021 2323 lachrymas
1046 2278 1143 2312 fudit
1167 2279 1201 2320 h,
1226 2289 1298 2313 non
1323 2289 1405 2313 suas
1431 2277 1524 2312 fudit
1550 2278 1582 2311 Z
1722 2275 1880 2310 dolorem

374 2338 506 2383 docere]
534 2337 652 2372 dolere
676 2349 697 2372 v
859 2338 880 2372 9
904 2347 968 2371 nec
992 2336 1060 2371 fide
1085 2337 1120 2371 Z
1256 2336 1427 2381 perfidam
1453 2349 1477 2380 μ
1641 2334 1685 2368 10
1709 2336 1746 2368 et
1772 2333 1882 2367 flebat

374 2406 439 2430 om.
466 2396 502 2430 Z
685 2396 727 2429 11
754 2397 789 2429 et
814 2406 842 2431 0.
869 2394 1068 2429 incredulos
1094 2405 1160 2429 om.
1187 2395 1259 2439 νμῙι
1437 2393 1481 2428 ad
1507 2392 1686 2428 saeculum
1711 2392 1790 2426 le

375 2454 418 2487 12
443 2444 509 2487 dfis
534 2453 620 2487 dans
646 2453 682 2487 Z
870 2463 976 2496 quam
1001 2452 1054 2496 tu]
1081 2453 1256 2496 quantum
1282 2453 1324 2497 μι
1516 2451 1561 2485 14
1585 2450 1715 2484 amoris
1743 2461 1787 2494 νμ

376 2510 463 2555 eius]
490 2521 559 2545 non
591 2510 758 2545 conuenit
789 2509 875 2545 add.
900 2510 945 2545 Ῑιυ
1108 2509 1181 2543 eius
1214 2509 1340 2544 fletum
1364 2519 1394 2550 r,
1427 2509 1571 2543 flectum
1596 2521 1631 2552 μ,
1667 2506 1770 2541 fletus
1804 2506 1882 2540 eius

376 2569 419 2609 Z,
443 2568 502 2602 1110
528 2568 631 2603 fietus
655 2569 678 2604 h
832 2579 956 2613 parum
982 2579 1012 2610 r,
1037 2568 1209 2613 pietatem
1233 2569 1257 2603 h
1412 2567 1456 2601 15
1481 2568 1517 2601 te
1543 2576 1608 2600 om.
1636 2566 1671 2599 Z
1677 2580 1687 2606 ,·
1718 2564 1880 2599 credebas

375 2627 412 2660 te
436 2626 459 2660 h
590 2626 733 2671 restare]
760 2627 939 2670 praestare
962 2626 986 2660 h
1111 2626 1154 2660 16
1179 2626 1284 2669 putas
1310 2625 1389 2660 Zhv
1514 2625 1696 2658 mortuum
1722 2633 1786 2657 om.
1814 2623 1837 2655 h

375 2683 473 2727 ante]
500 2693 544 2717 an
570 2697 595 2728 μ
736 2684 778 2718 17
804 2684 945 2728 poterat
973 2683 1141 2727 repellere
1167 2696 1203 2728 μ,
1228 2682 1397 2727 repellere
1422 2681 1543 2726 potuit
1559 2681 1593 2723 h,
1619 2690 1726 2724 quam
1751 2679 1881 2723 pellere

375 2742 515 2785 poterat
539 2741 572 2775 Z
764 2742 807 2775 18
833 2741 1006 2775 suscitare
1030 2742 1063 2782 h,
1089 2739 1326 2775 resuscitandi
1351 2740 1407 2774 Zv
1599 2738 1642 2771 19
1666 2739 1768 2782 paret
1793 2739 1835 2781 μ1

377 2808 456 2832 eum
484 2798 558 2832 sola
582 2808 622 2832 ea
647 2799 699 2833 Zv
862 2800 1080 2833 summotum
1105 2799 1135 2833 Z
1289 2798 1405 2832 uitam
1430 2807 1494 2831 om.
1521 2796 1556 2830 Z
1708 2795 1753 2829 20
1779 2805 1880 2828 suum

376 2866 441 2889 om.
468 2856 490 2889 Ιι
630 2855 744 2890 denuo
770 2857 805 2890 et
829 2856 852 2890 h
991 2856 1061 2899 uel]
1087 2857 1123 2890 et
1148 2857 1171 2891 Ῑι
1311 2855 1355 2889 21
1382 2845 1446 2888 (1113
1472 2853 1590 2888 dicens
1617 2853 1669 2887 Zv
