2032 3248
365 259 442 299 190
990 248 1228 294 Appendix.

360 358 609 399 sacrosanctis
649 357 749 396 enim
790 356 904 395 iussis
935 356 1043 395 nobis
1082 355 1211 394 diuina
1239 355 1424 404 protectio
1465 355 1725 404 ministratur,
1766 355 1865 394 sicut

360 428 494 466 Esaias
516 427 583 474 ait,
615 427 626 464 1
638 437 657 464 e
669 437 782 474 gem,
815 425 950 474 inquit,
982 425 1030 463 in
1060 437 1082 464 a
1092 425 1137 463 di
1149 437 1172 463 u
1183 426 1200 463 t
1210 436 1229 463 0
1239 437 1258 463 r
1269 425 1281 462 i
1291 437 1315 462 u
1328 436 1364 462 m
1395 424 1447 463 de
1459 424 1551 463 dit:
1583 424 1665 463 sine
1685 424 1864 464 iussioni-

359 496 432 534 bus
452 507 540 534 uero
563 495 703 533 diuinis
725 494 872 533 nullum
892 494 1019 541 potest
1040 505 1122 532 esse
1142 493 1388 541 praesidium.

293 565 313 602 1
322 566 345 603 6
420 564 536 602 Aliud
558 565 617 602 est
637 563 738 612 quod
758 563 860 601 Deus
881 562 1044 610 imperat
1078 562 1204 601 facere
1239 564 1279 600 et
1314 562 1420 600 aliud
1454 562 1645 600 uoluntati
1681 562 1760 600 eius
1797 562 1864 601 ob—

359 633 514 671 sistere:
550 632 656 671 cuius
678 632 733 670 ita
754 634 843 670 sunt
863 631 1043 670 mandata
1064 632 1270 679 seruanda,
1303 633 1346 669 ut
1367 631 1400 669 si
1422 631 1567 679 aliquid
1587 630 1744 670 iusserit
1765 632 1865 680 quod
1879 648 1893 671 5

359 702 565 741 secundum
585 701 756 740 homines
777 700 961 738 iniustum
984 700 1161 738 uideatur
1169 729 1179 748 ‚
1211 700 1353 739 iustum
1375 701 1552 738 credatur
1586 701 1624 738 et
1659 700 1737 748 fiat,
1774 701 1812 738 et
1833 699 1866 738 si

358 772 500 810 iustum
535 770 693 809 iusserit
708 800 716 817 ,
754 770 895 808 iustum
917 770 1121 817 deputetur
1141 770 1179 807 et
1198 769 1265 807 fiat
1276 783 1284 807 ε
1317 780 1401 807 cum
1422 768 1503 806 sine
1525 768 1685 807 uictoria
1705 780 1780 807 non
1796 780 1864 817 po-

356 842 435 879 test
456 851 539 878 esse
561 840 660 888 quod
680 839 835 877 mandat
851 868 860 886 ,
900 838 964 886 qui
984 839 1119 886 potens
1142 839 1200 876 est
1220 837 1450 876 iniustitiam
1471 837 1709 877 iustificando
1730 849 1865 876 uocare

358 908 547 947 iustitiam
584 910 622 946 et
643 907 830 946 iustitiam
850 907 1086 955 reprobando
1121 906 1352 945 iniustitiam
1387 907 1547 955 probare
1582 908 1843 945 transuersam
1855 936 1864 954 ,

357 978 463 1016 cuius
484 977 662 1016 uoluntas
687 978 745 1015 est
767 976 847 1014 sola
869 978 907 1014 et
927 988 1018 1014 uera
1038 976 1198 1014 iustitia.
1232 975 1264 1013 si
1300 975 1399 1013 enim
1419 977 1541 1014 totum
1563 975 1742 1024 quicquid
1762 975 1864 1024 geri·
1880 989 1911 1013 ιο

356 1059 440 1085 mus
462 1047 510 1085 ad
530 1047 602 1085 hoc
621 1046 882 1084 tantummodo
904 1045 1071 1094 gerimus
1084 1075 1093 1092 ‚
1116 1046 1160 1083 ut
1176 1045 1334 1083 Domino
1354 1045 1585 1092 placeamus,
1608 1044 1778 1092 profecto
1795 1045 1866 1084 hoc

358 1115 479 1154 solum
501 1115 574 1153 erit
595 1115 735 1152 iustum
760 1114 940 1162 quicquid
961 1114 1126 1152 uoluerit
1147 1116 1185 1152 et
1206 1113 1361 1152 iusserit
1381 1115 1419 1152 et
1439 1114 1658 1162 probauerit
1679 1113 1780 1151 Deus
1803 1113 1865 1152 cui

355 1185 505 1233 placere
526 1184 724 1232 gestimus.
762 1196 851 1222 nam
872 1195 956 1222 oum
977 1183 1078 1221 serui
1097 1194 1172 1221 non
1191 1183 1339 1231 possint
1360 1195 1382 1221 a
1404 1183 1522 1221 semet
1538 1183 1632 1231 ipsis
1655 1183 1751 1221 scire
1773 1183 1865 1231 quid

357 1253 436 1291 suis
453 1253 615 1291 dominis
625 1253 787 1300 placeat,
804 1253 881 1290 nisi
893 1252 1125 1291 dominorum
1142 1253 1350 1300 sequantur
1362 1252 1531 1300 imperia,
1545 1253 1583 1290 et
1598 1252 1729 1300 utique
1742 1252 1864 1290 homi-

355 1333 422 1360 nes
435 1341 478 1363 *ss
492 1323 530 1361 et
550 1334 637 1359 cum
657 1322 731 1371 ipsi
753 1321 924 1361 homines
945 1321 1139 1359 hominum
1160 1321 1341 1360 similium
1362 1321 1437 1360 sibi
1457 1333 1533 1361 non
1553 1321 1706 1360 ualeant
1727 1321 1863 1359 uolun-
1879 1335 1909 1359 15

354 1392 452 1429 tates
474 1402 693 1439 agnoscere,
715 1391 790 1429 nisi
807 1391 1021 1439 acceperint
1039 1392 1137 1438 quod
1155 1391 1375 1430 obseruent:
1398 1391 1518 1429 multo
1540 1390 1661 1439 magis
1683 1390 1863 1429 mortales

356 1460 530 1498 nesciunt
552 1459 778 1499 immortalis
794 1459 865 1498 Dei
885 1459 1072 1498 iustitiam
1094 1460 1408 1508 conprehendere,
1430 1459 1505 1497 nisi
1526 1460 1608 1507 ipse
1630 1459 1863 1498 iustitiarum

358 1540 512 1566 suarum
533 1529 711 1577 dignetur
740 1528 882 1567 indicia
902 1529 1173 1576 demonstrare,
1197 1528 1294 1567 sicut
1315 1529 1490 1567 Salomon
1506 1528 1692 1577 adprobat
1713 1529 1840 1567 dicens
1853 1542 1862 1567 z

357 1597 466 1644 quis
514 1598 637 1636 enim
667 1597 908 1637 hominum
939 1598 1126 1646 poterit
1157 1597 1282 1636 scire
1313 1597 1576 1636 eonsilium
1618 1597 1732 1636 Dei?
1781 1599 1862 1636 aut

351 1666 461 1715 quis
504 1667 695 1715 poterit
740 1667 960 1715 cogitare
992 1667 1103 1714 quid
1149 1666 1276 1705 uelit
1320 1650 1471 1705 Deus?
1527 1667 1863 1715 cogitationes
1877 1682 1909 1707 20

352 1736 638 1775 mortalium
692 1736 901 1774 timidae
946 1737 992 1774 et
1036 1735 1257 1774 incertae
1306 1736 1600 1784 prudentiae
1650 1738 1862 1776 nostrae.

353 1816 527 1853 corpus
575 1805 697 1844 enim
743 1805 866 1853 quod
910 1805 1243 1853 corrumpitur
1292 1806 1533 1854 adgrauat
1578 1805 1782 1844 animam
1819 1808 1864 1844 et

352 1873 590 1922 deprimit
635 1876 684 1912 te
697 1884 838 1912 rrena
868 1874 1179 1913 inhabitatio
1225 1886 1412 1913 sensum
1450 1874 1601 1913 multa
1647 1875 1862 1924 cogitan-

351 1944 456 1980 tem.
490 1942 719 1980 difficile
751 1943 1039 1981 aestimamu
1053 1955 1071 1981 s
1103 1954 1221 1991 quae
1252 1944 1299 1981 in
1330 1945 1467 1983 terra
1496 1945 1606 1982 sunt
1651 1945 1697 1982 et
1742 1954 1863 1993 quae

351 2011 397 2048 in
450 2023 625 2060 prospe
639 2013 717 2050 ctu
777 2014 888 2050 sunt
938 2012 1216 2050 inuenimus
1266 2024 1366 2051 cum
1411 2013 1600 2052 labore:
1652 2024 1769 2062 quae
1814 2013 1861 2051 in
1875 2027 1906 2052 25

350 2079 506 2118 caelis
572 2082 727 2119 autem
792 2080 913 2129 quis
972 2081 1313 2130 inuestigabit
1331 2085 1348 2120 ⁴?
1430 2094 1625 2121 sensum
1696 2084 1860 2120 autem

349 2152 480 2187 tuum
526 2149 635 2198 quis
685 2149 807 2197 scit,
858 2150 957 2187 nisi
1006 2152 1057 2187 tu
1107 2151 1297 2189 dederis
1348 2151 1482 2200 sapie
1496 2151 1648 2189 ntiam
1698 2153 1743 2190 et
1779 2151 1858 2189 mi-

349 2218 475 2256 seris
542 2220 759 2257 sanctum
810 2218 1049 2267 spiritum
1100 2219 1152 2257 de
1204 2219 1473 2258 altissimis
1492 2223 1509 2258 ?
1573 2221 1619 2258 et
1669 2219 1710 2258 si
1760 2231 1856 2258 cor-

439 2375 461 2409 2
486 2375 543 2409 Es.
563 2375 580 2408 ¹?
789 2375 832 2410 19
857 2375 935 2420 Sap.
963 2376 995 2417 9,
1022 2376 1166 2411 13-19.

438 2523 457 2557 1
483 2523 591 2558 iussis
615 2536 647 2565 v,
673 2526 709 2559 et
733 2524 840 2558 iustis
873 2525 902 2560 G
1038 2525 1161 2559 diuina
1186 2536 1250 2561 om.
1275 2526 1305 2562 0
1441 2527 1462 2561 6
1488 2526 1662 2560 iniustum
1689 2538 1762 2562 esse
1786 2539 1807 2563 υ

347 2581 366 2614 ‘A'
393 2582 578 2625 reputetur
602 2593 622 2616 v
760 2582 911 2617 uictoria
937 2582 973 2624 C,
1000 2582 1144 2617 iustitia
1169 2595 1189 2618 v
1326 2583 1347 2618 9
1372 2583 1534 2628 probare]
1562 2584 1750 2628 reprobare
1779 2585 1808 2621 O

346 2637 390 2672 10
416 2637 587 2682 quicquid
618 2639 655 2681 0,
683 2639 776 2684 quod
800 2652 821 2675 v
977 2641 1019 2675 11
1044 2641 1125 2686 hoc]
1151 2642 1263 2677 adhoc
1289 2643 1319 2678 C
1470 2642 1512 2676 15
1537 2643 1572 2676 et
1595 2642 1665 2687 ipsi
1689 2642 1850 2678 homines

345 2705 410 2729 om.
435 2707 457 2730 v
607 2707 687 2730 cum
712 2697 842 2732 addidi
994 2699 1116 2732 ualent
1147 2699 1176 2734 O
1324 2700 1542 2746 uoluntates]
1569 2701 1748 2736 utilitates
1777 2701 1807 2736 C

345 2753 391 2787 20
415 2752 652 2797 cogitationes
677 2754 771 2788 enim
795 2767 816 2791 v
1046 2757 1089 2791 23
1114 2757 1346 2802 inhabitatio]
1373 2758 1543 2802 cogitatio
1569 2759 1614 2799 C;
1641 2759 1686 2802 cf.
1713 2759 1848 2794 LXX:

346 2811 475 2855 βρίθει
500 2808 543 2845 τὸ
571 2812 708 2854 γεῶδες
737 2813 877 2856 σκῆνος
1009 2814 1054 2849 25
1078 2816 1262 2859 prospecto
1292 2815 1322 2851 0
1458 2815 1506 2851 26
1531 2817 1651 2850 autem
1676 2817 1760 2850 sunt
1784 2827 1804 2850 v

345 2866 394 2902 27
420 2867 482 2912 qui
513 2868 542 2903 0
677 2868 815 2904 dederis
840 2870 872 2905 ei
895 2881 916 2905 v
1054 2871 1099 2906 28
1124 2872 1289 2916 spiritum
1314 2873 1476 2908 sanctum
1500 2884 1521 2909 v
