2032 3248
259 327 312 365 22
384 328 481 366 Ecce
504 326 622 375 igitur
645 327 787 374 quanta
808 325 918 364 nobis
940 325 1019 364 dies
1041 326 1260 364 natiuitatis
1282 325 1433 364 Domini
1463 327 1643 366 ostendit.
1683 328 1746 374 qui
1768 338 1838 364 na-

326 396 492 434 tiuitatis
515 395 595 433 dies
617 396 664 433 ab
686 395 815 433 Exodo
837 396 1010 443 repertus
1032 397 1092 433 est
1108 396 1150 433 ut
1169 395 1333 433 diximus
1350 397 1437 442 post
1453 407 1571 434 annos
1593 399 1611 434 ἶ
1627 396 1839 436 DXLVIII.

327 477 422 514 quos
444 476 562 503 annos
584 464 630 502 ab
653 464 783 503 Exodo
819 463 875 502 sic
910 475 998 503 uere
1035 476 1057 502 a
1078 464 1188 502 nobis
1211 463 1390 502 collectos
1412 464 1659 512 ostendimus,
1697 476 1781 503 cum
1802 468 1840 504 et

327 535 497 583 ipsorum
518 546 701 574 annorum
723 534 913 574 rationem
933 546 1009 574 non
1030 545 1115 573 esse
1138 545 1298 572 uacuam
1320 535 1633 574 demonstramus.
1656 535 1840 574 Dominus

328 604 429 642 enim
460 606 615 643 sanctus
652 606 690 642 et
725 603 878 642 diuinus
899 605 942 642 ut
963 603 1180 642 ostenderet
1209 603 1319 642 nobis
1351 603 1528 651 quoniam
1548 604 1760 643 futurorum
1781 607 1870 643 ests

326 674 535 721 praescius,
559 675 598 712 et
614 674 654 712 in
670 674 765 723 ipsis
783 674 893 712 annis
914 673 1177 712 manifestauit
1193 675 1344 721 tempus
1363 673 1403 711 in
1420 685 1491 721 quo
1509 674 1705 721 oportebat
1723 686 1745 712 a
1761 674 1838 712 filio

326 742 409 781 eius
447 755 584 792 aquam
621 755 718 791 quae
754 743 877 782 abluit
912 744 1069 791 peccata
1093 742 1162 781 XV
1184 754 1282 781 anno
1320 742 1470 791 imperii
1501 743 1644 780 Tiberii
1665 742 1839 781 Caesaris

328 812 573 851 sanctificari.
607 815 645 851 et
666 812 750 851 ideo
773 813 957 861 quomodo
978 812 1175 850 Abraham
1208 812 1356 860 quando
1389 823 1607 860 expugnare
1629 812 1754 850 uoluit
1774 811 1840 860 qui

326 882 425 920 Loth
447 881 569 919 filium
590 882 721 920 fratris
752 882 833 919 eius
869 882 1063 929 captiuum
1100 882 1303 929 duxerunt,
1325 881 1543 919 numerauit
1579 893 1715 920 uernas
1752 892 1839 920 suos

325 951 492 999 primum
512 952 645 991 XVIII
667 952 707 989 in
728 951 884 989 nomine
906 951 1007 998 Iesu,
1031 952 1068 989 et
1092 951 1188 989 alios
1220 952 1374 999 propter
1398 950 1655 989 centenariam
1676 961 1837 998 genera·
1853 965 1886 990 ιο

324 1019 468 1058 tionem
490 1020 529 1058 in
549 1022 785 1059 sacramento
807 1020 924 1058 trium
941 1021 1086 1058 dierum
1102 1020 1301 1068 triplicans
1319 1021 1535 1058 numerauit
1556 1020 1640 1057 CCC
1658 1022 1696 1059 et
1711 1020 1803 1059 fecit
1819 1034 1842 1059 τ

325 1089 479 1138 signum
500 1088 643 1128 crucis:
666 1090 721 1127 ita
742 1090 780 1127 et
800 1101 870 1128 nos
892 1089 938 1127 de
959 1092 978 1127 ῑ
999 1089 1191 1128 DXLVIII
1212 1089 1322 1128 annis
1339 1089 1558 1137 quindecies
1579 1091 1758 1127 centenos
1775 1089 1841 1127 de-

326 1160 522 1206 ducamus,
559 1160 596 1197 et
632 1160 829 1198 remanent
849 1158 1033 1197 XLVIII:
1065 1170 1109 1197 ex
1147 1159 1286 1206 quibus
1321 1159 1361 1196 in
1396 1159 1545 1197 nomine
1568 1158 1656 1197 Iesu
1678 1158 1840 1196 sublatis

325 1228 458 1268 XVIII
478 1227 625 1266 inuenti
647 1232 736 1266 sunt
757 1227 848 1266 anni
868 1228 990 1266 XXX:
1024 1228 1162 1276 quibus
1185 1227 1374 1276 suppletis
1392 1227 1577 1266 Dominus
1598 1228 1707 1266 Iesus
1728 1239 1750 1265 a
1771 1239 1841 1265 na-

325 1297 479 1336 tiuitate
502 1309 571 1336 sua
591 1297 809 1346 baptizatus
831 1298 890 1336 est
911 1310 933 1336 a
954 1295 1095 1336 Ioanne
1118 1309 1216 1336 anno
1234 1296 1511 1346 quintodecimo
1530 1297 1681 1345 imperii
1699 1296 1841 1334 Tiberii
1857 1313 1891 1337 15⁴

326 1366 519 1405 Caesaris:
557 1367 663 1405 cuius
685 1379 783 1405 anno
806 1368 1057 1406 sextodecimo
1079 1379 1217 1415 passus
1248 1368 1307 1405 est
1329 1368 1366 1406 et
1387 1367 1608 1405 resurrexit.
1631 1366 1839 1404 adiciamus

325 1446 416 1483 ergo
437 1435 577 1474 iterum
600 1436 647 1474 ad
668 1447 853 1474 summam
875 1448 993 1475 annos
1014 1437 1149 1483 XXXI,
1182 1438 1220 1474 et
1240 1436 1339 1474 fiunt
1358 1436 1398 1473 in
1420 1447 1459 1474 se
1484 1446 1612 1474 omnes
1634 1436 1682 1474 ab
1712 1435 1840 1474 Exodo

326 1516 444 1553 usque
460 1504 508 1542 ad
523 1504 738 1552 passionem
754 1505 844 1544 anni
858 1508 877 1544 ἶ
890 1505 1154 1544 DLXXVIIII.
1174 1517 1196 1543 a
1212 1517 1284 1554 quo
1301 1507 1468 1554 tempore
1487 1505 1527 1543 id
1548 1505 1607 1542 est
1624 1516 1646 1542 a
1666 1505 1840 1552 passione

326 1585 445 1622 usque
467 1574 516 1611 ad
537 1585 677 1612 annum
699 1575 874 1622 quintum
898 1574 1249 1614 GordianiArriano
1268 1576 1306 1613 et
1315 1575 1418 1622 Papo
1435 1573 1654 1613 consulibus
1672 1574 1840 1622 suppleti

327 1645 417 1682 sunt
438 1645 527 1682 anni
549 1643 687 1692 CCXV,
710 1645 758 1683 ab
780 1645 908 1683 Exodo
930 1646 1057 1683 autem
1078 1655 1207 1683 omnes
1229 1644 1318 1682 anni
1339 1647 1356 1683 i
1377 1643 1632 1681 DCCXCIIII.
1853 1659 1887 1684 20

266 1714 318 1752 23
391 1713 472 1751 Hos
493 1714 618 1753 autem
639 1725 758 1752 annos
780 1725 909 1752 omnes
932 1714 980 1752 ab
1000 1714 1128 1752 Exodo
1150 1713 1190 1752 id
1211 1716 1270 1752 est
1291 1726 1313 1752 a
1333 1713 1456 1761 primo
1477 1712 1624 1760 pinacis
1646 1724 1758 1750 uersu
1774 1723 1841 1760 per

326 1784 471 1831 septem
492 1783 795 1822 sedecennitates
817 1784 905 1822 illos
926 1795 1046 1832 usque
1067 1785 1298 1822 numerando
1320 1794 1449 1822 omnes
1466 1794 1585 1821 annos
1602 1782 1840 1830 supradictos

326 1864 640 1900 consummemus,
672 1854 711 1891 et
731 1854 823 1891 tunc
845 1853 893 1891 ad
913 1853 1070 1892 tertium
1094 1865 1246 1892 uersum
1268 1852 1411 1901 primae
1433 1851 1729 1890 sedecennitatis
1752 1862 1837 1899 per-

325 1922 522 1960 uenientes
555 1922 793 1961 inueniemus
816 1923 1022 1961 secundum
1043 1922 1204 1961 Iudaeos
1226 1923 1375 1960 Pascha
1406 1921 1481 1959 XII
1512 1921 1587 1959 kal.
1618 1921 1712 1969 Apr.
1745 1920 1841 1958 feria

323 1991 452 2038 tertia,
475 1992 681 2030 secundum
701 2003 770 2030 nos
791 1992 917 2030 autem
932 1992 1045 2030 tertio
1061 2003 1174 2030 uersu
1192 1992 1335 2040 primae
1353 1990 1647 2030 sedecennitatis
1669 1990 1744 2029 VII
1760 1990 1835 2028 kal.
1852 2005 1885 2031 25

325 2059 418 2107 Apr.
441 2060 604 2099 occurrit
626 2060 846 2099 dominicus.
868 2061 950 2109 ipso
971 2061 1099 2109 itaque
1117 2060 1248 2099 ordine
1266 2061 1305 2099 in
1321 2060 1449 2109 priora
1464 2059 1704 2099 ambulantes
1723 2070 1841 2107 usque

327 222 410 264 268
961 218 1208 263 Appendix.
2021 158 2025 283 ἰ

2019 456 2022 489 ι

2019 521 2022 576 Ξ

419 2275 438 2309 1
465 2275 544 2320 quis
569 2276 675 2309 tanta
698 2274 802 2309 nobis
827 2274 983 2309 ostendit
1008 2274 1082 2309 dies
1107 2286 1143 2311 n.
1169 2274 1201 2309 d.
1228 2286 1246 2310 c
1451 2274 1660 2309 natiuitatis
1685 2284 1752 2309 om.
1778 2285 1796 2310 c

324 2333 347 2367 2
371 2333 453 2377 post
478 2343 588 2368 annos
612 2333 654 2367 ut
677 2331 832 2367 diximus
858 2333 878 2367 b
1018 2333 1040 2367 3
1065 2332 1109 2367 ab
1135 2332 1241 2367 exodo
1268 2343 1335 2368 om.
1361 2333 1382 2368 b
1528 2331 1751 2367 ostendemus
1778 2342 1795 2366 c

325 2389 348 2424 4
366 2389 543 2427 dominus.
559 2417 566 2424 .
582 2389 714 2435 mobis]
733 2390 889 2425 ostendit
907 2401 925 2425 c
1017 2390 1040 2424 5
1057 2391 1238 2436 quoniam]
1258 2391 1320 2435 qui
1337 2402 1356 2426 c
1449 2391 1470 2425 6
1496 2401 1517 2424 a
1533 2390 1621 2434 filio]
1641 2390 1757 2425 filium
1778 2401 1796 2425 c

325 2447 345 2481 7
372 2457 464 2491 aqua
488 2458 507 2483 c
646 2447 668 2482 8
693 2458 751 2482 eos
776 2447 839 2492 qui
863 2458 905 2483 cv
1044 2447 1065 2481 9
1090 2447 1239 2483 duxerat
1264 2449 1284 2484 b
1437 2447 1648 2482 numerabat
1673 2458 1840 2483 uernacu-

324 2505 378 2539 los
403 2515 485 2540 suos
509 2516 551 2541 cv
713 2505 758 2540 10
781 2506 894 2549 primo
921 2505 1130 2541 CCCXVIII
1154 2507 1174 2541 b
1337 2506 1449 2541 alium
1475 2517 1493 2541 c
1664 2506 1708 2540 11
1733 2505 1840 2550 repli-

326 2573 408 2597 cans
434 2574 452 2598 c
569 2563 613 2598 11
637 2576 658 2597 τ
682 2562 840 2608 signum]
861 2565 884 2606 †
902 2563 1045 2608 signum
1064 2565 1088 2606 †
1108 2564 1128 2598 b
1245 2564 1288 2599 12
1313 2564 1350 2599 in
1374 2563 1560 2600 DXLVIII
1586 2575 1604 2599 c
1714 2564 1758 2598 13
1783 2575 1839 2598 su-

326 2619 420 2654 blati
444 2620 464 2655 b
592 2621 637 2655 18
656 2625 673 2654 ῑ
691 2620 944 2656 DLXXXVIII
970 2633 999 2664 c,
1023 2631 1069 2657 δο-
1086 2621 1295 2658 DLXXIIII
1321 2623 1352 2667 b,
1379 2633 1442 2657 em.
1473 2622 1525 2657 W
1654 2622 1698 2657 19
1723 2622 1842 2667 gordi-

325 2688 433 2712 anum
453 2678 478 2712 ¹b
681 2678 797 2713 ariani
822 2681 858 2714 et
882 2691 994 2725 papae
1019 2692 1152 2716 consuu
1177 2692 1196 2716 c
1396 2679 1442 2714 20
1466 2679 1599 2724 CCXV]
1627 2679 1750 2715 CCXX
1776 2680 1795 2713 b

321 2739 338 2768 ῖ
356 2735 599 2770 DCCXCVIII
624 2748 652 2779 c,
678 2746 725 2772 π
740 2736 1001 2773 DCCXCVIIII
1027 2739 1047 2773 b
1140 2739 1184 2774 21
1210 2750 1271 2783 per
1294 2739 1325 2780 b,
1351 2748 1454 2782 super
1479 2748 1519 2772 ev
1611 2738 1657 2773 22
1681 2738 1834 2772 illos...

326 2791 603 2827 sedecennitatis
629 2805 694 2829 om.
722 2796 741 2829 b
942 2795 988 2830 23
1013 2796 1057 2831 ad
1084 2807 1148 2831 om.
1177 2808 1204 2838 c,
1231 2796 1317 2832 add.
1350 2796 1399 2831 W
1595 2796 1839 2840 peruenientes

327 2859 393 2884 om.
420 2861 438 2885 c
577 2851 622 2885 24
647 2851 756 2886 VIIII
781 2853 828 2887 kl.
854 2864 928 2898 apr.
954 2853 1045 2888 feria
1070 2856 1170 2888 sexta
1194 2854 1214 2889 b
1353 2854 1400 2888 25
1424 2854 1545 2898 tertio]
1572 2855 1697 2888 octauo
1723 2855 1742 2888 b
