<?xml version="1.0" encoding="UTF-8"?>
<!DOCTYPE html PUBLIC "-//W3C//DTD XHTML 1.0 Transitional//EN"
    "http://www.w3.org/TR/xhtml1/DTD/xhtml1-transitional.dtd">
<html xmlns="http://www.w3.org/1999/xhtml" xml:lang="en" lang="en">
 <head>
  <title>
</title>
<meta http-equiv="Content-Type" content="text/html;charset=utf-8" />
  <meta name='ocr-system' content='tesseract 3.04.00' />
  <meta name='ocr-capabilities' content='ocr_page ocr_carea ocr_par ocr_line ocrx_word'/>
</head>
<body>
  <div class='ocr_page' id='page_1' title='image "./corpusscriptorum03cypruoft/corpusscriptorum03cypruoft_0175.png"; bbox 0 0 2032 3248; ppageno 0'>
   <div class='ocr_carea' id='block_1_1' title="bbox 522 162 1757 212">
    <p class='ocr_par' dir='ltr' id='par_1_1' title="bbox 522 162 1757 212">
     <span class='ocr_line' id='line_1_1' title="bbox 522 162 1757 212; baseline 0.002 -15"><span class='ocrx_word' id='word_1_1' title='bbox 522 163 583 197; x_wconf 86' lang='lat' dir='ltr'>De</span> <span class='ocrx_word' id='word_1_2' title='bbox 609 162 844 197; x_wconf 81' lang='lat' dir='ltr'>duodecim</span> <span class='ocrx_word' id='word_1_3' title='bbox 871 162 1078 197; x_wconf 89' lang='lat' dir='ltr'>abusiuis</span> <span class='ocrx_word' id='word_1_4' title='bbox 1104 164 1277 199; x_wconf 88' lang='lat' dir='ltr'>saeculi</span> <span class='ocrx_word' id='word_1_5' title='bbox 1311 174 1340 199; x_wconf 91' lang='lat' dir='ltr'>c.</span> <span class='ocrx_word' id='word_1_6' title='bbox 1367 164 1468 199; x_wconf 82' lang='lat'>7—8.</span> <span class='ocrx_word' id='word_1_7' title='bbox 1679 169 1757 212; x_wconf 84' lang='lat'>165</span> 
     </span>
    </p>
   </div>
   <div class='ocr_carea' id='block_1_2' title="bbox 4 269 1760 2360">
    <p class='ocr_par' dir='ltr' id='par_1_2' title="bbox 4 269 1760 2360">
     <span class='ocr_line' id='line_1_2' title="bbox 233 269 1760 320; baseline 0.002 -13"><span class='ocrx_word' id='word_1_8' title='bbox 233 269 369 308; x_wconf 87' lang='lat' dir='ltr'>beati</span> <span class='ocrx_word' id='word_1_9' title='bbox 414 281 654 318; x_wconf 86' lang='lat' dir='ltr'>pauperes</span> <span class='ocrx_word' id='word_1_10' title='bbox 688 270 895 318; x_wconf 87' lang='lat' dir='ltr'>spiritu,</span> <span class='ocrx_word' id='word_1_11' title='bbox 937 271 1161 318; x_wconf 89' lang='lat' dir='ltr'>quoniam</span> <span class='ocrx_word' id='word_1_12' title='bbox 1193 270 1406 319; x_wconf 88' lang='lat' dir='ltr'>ipsorum</span> <span class='ocrx_word' id='word_1_13' title='bbox 1438 274 1513 310; x_wconf 91' lang='lat' dir='ltr'>est</span> <span class='ocrx_word' id='word_1_14' title='bbox 1558 283 1760 320; x_wconf 85' lang='lat' dir='ltr'>regnum</span> 
     </span>
     <span class='ocr_line' id='line_1_3' title="bbox 227 338 1758 389; baseline 0.001 -12"><span class='ocrx_word' id='word_1_15' title='bbox 227 339 338 377; x_wconf 83' lang='lat' dir='ltr'>cael</span> <span class='ocrx_word' id='word_1_16' title='bbox 352 350 495 377; x_wconf 91' lang='lat' dir='ltr'>orum.</span> <span class='ocrx_word' id='word_1_17' title='bbox 527 340 632 377; x_wconf 90' lang='lat' dir='ltr'>recta</span> <span class='ocrx_word' id='word_1_18' title='bbox 653 351 816 387; x_wconf 88' lang='lat' dir='ltr'>namque</span> <span class='ocrx_word' id='word_1_19' title='bbox 837 338 1122 387; x_wconf 69' lang='lat' dir='ltr'>dispensatione</span> <span class='ocrx_word' id='word_1_20' title='bbox 1144 340 1359 379; x_wconf 80' lang='lat' dir='ltr'>misericors</span> <span class='ocrx_word' id='word_1_21' title='bbox 1382 341 1478 379; x_wconf 85' lang='lat' dir='ltr'>caeli</span> <span class='ocrx_word' id='word_1_22' title='bbox 1495 352 1658 389; x_wconf 83' lang='lat' dir='ltr'>regnum</span> <span class='ocrx_word' id='word_1_23' title='bbox 1677 341 1758 379; x_wconf 89' lang='lat' dir='ltr'>illis</span> 
     </span>
     <span class='ocr_line' id='line_1_4' title="bbox 233 405 1756 464; baseline 0.003 -19"><span class='ocrx_word' id='word_1_24' title='bbox 233 408 439 446; x_wconf 72' lang='lat' dir='ltr'>committit</span> <span class='ocrx_word' id='word_1_25' title='bbox 460 408 597 457; x_wconf 89' lang='lat' dir='ltr'>quibus</span> <span class='ocrx_word' id='word_1_26' title='bbox 614 409 726 457; x_wconf 84' lang='lat' dir='ltr'>regni</span> <span class='ocrx_word' id='word_1_27' title='bbox 746 411 936 447; x_wconf 88' lang='lat' dir='ltr'>terrarum</span> <span class='ocrx_word' id='word_1_28' title='bbox 958 409 1294 457; x_wconf 75' lang='lat' dir='ltr'>participationem</span> <span class='ocrx_word' id='word_1_29' title='bbox 1314 405 1430 464; x_wconf 80' lang='lat' dir='ltr'>[inter</span> <span class='ocrx_word' id='word_1_30' title='bbox 1450 411 1644 460; x_wconf 83' lang='lat' dir='ltr'>mortales]</span> <span class='ocrx_word' id='word_1_31' title='bbox 1668 411 1756 449; x_wconf 91' lang='lat' dir='ltr'>abs-</span> 
     </span>
     <span class='ocr_line' id='line_1_5' title="bbox 236 477 1758 528; baseline 0.001 -13"><span class='ocrx_word' id='word_1_32' title='bbox 236 477 348 525; x_wconf 78' lang='lat' dir='ltr'>tulit,</span> <span class='ocrx_word' id='word_1_33' title='bbox 380 479 423 516; x_wconf 89' lang='lat' dir='ltr'>ut</span> <span class='ocrx_word' id='word_1_34' title='bbox 459 478 540 526; x_wconf 90' lang='lat' dir='ltr'>ipse</span> <span class='ocrx_word' id='word_1_35' title='bbox 576 479 684 517; x_wconf 90' lang='lat' dir='ltr'>diues</span> <span class='ocrx_word' id='word_1_36' title='bbox 705 479 744 516; x_wconf 89' lang='lat' dir='ltr'>in</span> <span class='ocrx_word' id='word_1_37' title='bbox 766 478 861 517; x_wconf 88' lang='lat' dir='ltr'>caeli</span> <span class='ocrx_word' id='word_1_38' title='bbox 883 479 970 517; x_wconf 86' lang='lat' dir='ltr'>sede</span> <span class='ocrx_word' id='word_1_39' title='bbox 993 481 1177 527; x_wconf 77' lang='lat' dir='ltr'>appareat</span> <span class='ocrx_word' id='word_1_40' title='bbox 1214 479 1281 527; x_wconf 92' lang='lat' dir='ltr'>qui</span> <span class='ocrx_word' id='word_1_41' title='bbox 1298 481 1338 517; x_wconf 90' lang='lat' dir='ltr'>in</span> <span class='ocrx_word' id='word_1_42' title='bbox 1359 481 1462 518; x_wconf 88' lang='lat' dir='ltr'>terra</span> <span class='ocrx_word' id='word_1_43' title='bbox 1483 480 1637 528; x_wconf 88' lang='lat' dir='ltr'>penitus</span> <span class='ocrx_word' id='word_1_44' title='bbox 1659 479 1758 518; x_wconf 89' lang='lat' dir='ltr'>nihil</span> 
     </span>
     <span class='ocr_line' id='line_1_6' title="bbox 204 548 1755 598; baseline 0.001 -12"><span class='ocrx_word' id='word_1_45' title='bbox 204 562 219 586; x_wconf 80' lang='lat'><strong>5</strong></span> <span class='ocrx_word' id='word_1_46' title='bbox 236 549 427 595; x_wconf 89' lang='lat' dir='ltr'>procurat.</span> <span class='ocrx_word' id='word_1_47' title='bbox 468 549 678 587; x_wconf 88' lang='lat' dir='ltr'>cauendum</span> <span class='ocrx_word' id='word_1_48' title='bbox 707 559 797 586; x_wconf 91' lang='lat' dir='ltr'>uero</span> <span class='ocrx_word' id='word_1_49' title='bbox 827 548 1060 596; x_wconf 89' lang='lat' dir='ltr'>pauperibus</span> <span class='ocrx_word' id='word_1_50' title='bbox 1090 550 1169 596; x_wconf 86' lang='lat' dir='ltr'>est,</span> <span class='ocrx_word' id='word_1_51' title='bbox 1202 560 1248 588; x_wconf 90' lang='lat' dir='ltr'>ne</span> <span class='ocrx_word' id='word_1_52' title='bbox 1280 550 1369 587; x_wconf 88' lang='lat' dir='ltr'>dum</span> <span class='ocrx_word' id='word_1_53' title='bbox 1396 561 1464 598; x_wconf 89' lang='lat' dir='ltr'>per</span> <span class='ocrx_word' id='word_1_54' title='bbox 1485 549 1755 589; x_wconf 85' lang='lat' dir='ltr'>necessitatem</span> 
     </span>
     <span class='ocr_line' id='line_1_7' title="bbox 234 618 1757 667; baseline 0.003 -13"><span class='ocrx_word' id='word_1_55' title='bbox 234 618 360 655; x_wconf 88' lang='lat' dir='ltr'>terrae</span> <span class='ocrx_word' id='word_1_56' title='bbox 397 628 558 666; x_wconf 86' lang='lat' dir='ltr'>regnum</span> <span class='ocrx_word' id='word_1_57' title='bbox 590 618 778 666; x_wconf 87' lang='lat' dir='ltr'>perdunt,</span> <span class='ocrx_word' id='word_1_58' title='bbox 819 629 886 666; x_wconf 90' lang='lat' dir='ltr'>per</span> <span class='ocrx_word' id='word_1_59' title='bbox 922 618 1061 656; x_wconf 85' lang='lat' dir='ltr'>mentis</span> <span class='ocrx_word' id='word_1_60' title='bbox 1096 618 1395 667; x_wconf 78' lang='lat' dir='ltr'>imprudentiam</span> <span class='ocrx_word' id='word_1_61' title='bbox 1424 619 1541 657; x_wconf 89' lang='lat' dir='ltr'>etiam</span> <span class='ocrx_word' id='word_1_62' title='bbox 1564 620 1757 658; x_wconf 90' lang='lat' dir='ltr'>caelorum</span> 
     </span>
     <span class='ocr_line' id='line_1_8' title="bbox 236 686 1759 736; baseline 0.001 -12"><span class='ocrx_word' id='word_1_63' title='bbox 236 697 355 734; x_wconf 84' lang='lat' dir='ltr'>regna</span> <span class='ocrx_word' id='word_1_64' title='bbox 376 686 568 725; x_wconf 89' lang='lat' dir='ltr'>amittant.</span> <span class='ocrx_word' id='word_1_65' title='bbox 592 699 676 725; x_wconf 88' lang='lat' dir='ltr'>cum</span> <span class='ocrx_word' id='word_1_66' title='bbox 697 687 798 725; x_wconf 89' lang='lat' dir='ltr'>enim</span> <span class='ocrx_word' id='word_1_67' title='bbox 819 687 890 725; x_wconf 90' lang='lat' dir='ltr'>Dei</span> <span class='ocrx_word' id='word_1_68' title='bbox 912 687 1195 735; x_wconf 85' lang='lat' dir='ltr'>dispensatione</span> <span class='ocrx_word' id='word_1_69' title='bbox 1217 689 1483 736; x_wconf 85' lang='lat' dir='ltr'>paupertatem</span> <span class='ocrx_word' id='word_1_70' title='bbox 1503 688 1759 727; x_wconf 89' lang='lat' dir='ltr'>necessariam</span> 
     </span>
     <span class='ocr_line' id='line_1_9' title="bbox 232 756 1753 806; baseline 0.001 -13"><span class='ocrx_word' id='word_1_71' title='bbox 232 756 470 804; x_wconf 86' lang='lat' dir='ltr'>acceperint,</span> <span class='ocrx_word' id='word_1_72' title='bbox 509 756 551 793; x_wconf 91' lang='lat' dir='ltr'>in</span> <span class='ocrx_word' id='word_1_73' title='bbox 573 756 743 805; x_wconf 88' lang='lat' dir='ltr'>ipsorum</span> <span class='ocrx_word' id='word_1_74' title='bbox 779 756 940 795; x_wconf 89' lang='lat' dir='ltr'>arbitrio</span> <span class='ocrx_word' id='word_1_75' title='bbox 962 756 1104 804; x_wconf 85' lang='lat' dir='ltr'>pendet</span> <span class='ocrx_word' id='word_1_76' title='bbox 1132 758 1261 795; x_wconf 90' lang='lat' dir='ltr'>utrum</span> <span class='ocrx_word' id='word_1_77' title='bbox 1289 768 1476 806; x_wconf 87' lang='lat' dir='ltr'>pauperes</span> <span class='ocrx_word' id='word_1_78' title='bbox 1499 757 1640 806; x_wconf 84' lang='lat' dir='ltr'>spiritu</span> <span class='ocrx_word' id='word_1_79' title='bbox 1661 758 1753 796; x_wconf 87' lang='lat' dir='ltr'>sint.</span> 
     </span>
     <span class='ocr_line' id='line_1_10' title="bbox 232 825 1759 878; baseline 0.002 -16"><span class='ocrx_word' id='word_1_80' title='bbox 232 836 308 862; x_wconf 92' lang='lat' dir='ltr'>non</span> <span class='ocrx_word' id='word_1_81' title='bbox 329 825 430 863; x_wconf 91' lang='lat' dir='ltr'>enim</span> <span class='ocrx_word' id='word_1_82' title='bbox 453 825 754 874; x_wconf 84' lang='lat' dir='ltr'>quibuscumque</span> <span class='ocrx_word' id='word_1_83' title='bbox 777 826 1009 874; x_wconf 87' lang='lat' dir='ltr'>pauperibus</span> <span class='ocrx_word' id='word_1_84' title='bbox 1031 825 1127 864; x_wconf 87' lang='lat' dir='ltr'>caeli</span> <span class='ocrx_word' id='word_1_85' title='bbox 1148 838 1268 874; x_wconf 82' lang='lat' dir='ltr'>regna</span> <span class='ocrx_word' id='word_1_86' title='bbox 1287 827 1585 878; x_wconf 81' lang='lat' dir='ltr'>promittuntur,</span> <span class='ocrx_word' id='word_1_87' title='bbox 1609 827 1675 865; x_wconf 88' lang='lat' dir='ltr'>sed</span> <span class='ocrx_word' id='word_1_88' title='bbox 1696 827 1759 865; x_wconf 90' lang='lat' dir='ltr'>his</span> 
     </span>
     <span class='ocr_line' id='line_1_11' title="bbox 183 894 1756 943; baseline 0.002 -11"><span class='ocrx_word' id='word_1_89' title='bbox 183 909 219 933; x_wconf 73' lang='grc' dir='ltr'>ιο</span> <span class='ocrx_word' id='word_1_90' title='bbox 232 895 494 933; x_wconf 88' lang='lat' dir='ltr'>tantummodo</span> <span class='ocrx_word' id='word_1_91' title='bbox 517 894 655 943; x_wconf 90' lang='lat' dir='ltr'>quibus</span> <span class='ocrx_word' id='word_1_92' title='bbox 677 894 899 933; x_wconf 89' lang='lat' dir='ltr'>diuitiarum</span> <span class='ocrx_word' id='word_1_93' title='bbox 909 895 1076 943; x_wconf 88' lang='lat' dir='ltr'>inopiam</span> <span class='ocrx_word' id='word_1_94' title='bbox 1097 896 1307 934; x_wconf 88' lang='lat' dir='ltr'>animorum</span> <span class='ocrx_word' id='word_1_95' title='bbox 1322 895 1521 934; x_wconf 89' lang='lat' dir='ltr'>humilitas</span> <span class='ocrx_word' id='word_1_96' title='bbox 1538 896 1756 935; x_wconf 84' lang='lat' dir='ltr'>comitatur.</span> 
     </span>
     <span class='ocr_line' id='line_1_12' title="bbox 232 963 1754 1014; baseline 0.001 -12"><span class='ocrx_word' id='word_1_97' title='bbox 232 976 376 1012; x_wconf 88' lang='lat' dir='ltr'>pauper</span> <span class='ocrx_word' id='word_1_98' title='bbox 398 963 499 1002; x_wconf 91' lang='lat' dir='ltr'>enim</span> <span class='ocrx_word' id='word_1_99' title='bbox 520 964 678 1003; x_wconf 90' lang='lat' dir='ltr'>humilis</span> <span class='ocrx_word' id='word_1_100' title='bbox 706 976 850 1013; x_wconf 90' lang='lat' dir='ltr'>pauper</span> <span class='ocrx_word' id='word_1_101' title='bbox 872 964 1011 1012; x_wconf 90' lang='lat' dir='ltr'>spiritu</span> <span class='ocrx_word' id='word_1_102' title='bbox 1031 965 1270 1013; x_wconf 87' lang='lat' dir='ltr'>appellatur,</span> <span class='ocrx_word' id='word_1_103' title='bbox 1301 966 1366 1014; x_wconf 90' lang='lat' dir='ltr'>qui</span> <span class='ocrx_word' id='word_1_104' title='bbox 1396 977 1481 1004; x_wconf 87' lang='lat' dir='ltr'>cum</span> <span class='ocrx_word' id='word_1_105' title='bbox 1502 976 1644 1014; x_wconf 86' lang='lat' dir='ltr'>egenus</span> <span class='ocrx_word' id='word_1_106' title='bbox 1661 965 1754 1004; x_wconf 89' lang='lat' dir='ltr'>foris</span> 
     </span>
     <span class='ocr_line' id='line_1_13' title="bbox 232 1034 1757 1084; baseline 0.002 -13"><span class='ocrx_word' id='word_1_107' title='bbox 232 1034 412 1081; x_wconf 85' lang='lat' dir='ltr'>cernitur,</span> <span class='ocrx_word' id='word_1_108' title='bbox 435 1046 643 1082; x_wconf 86' lang='lat' dir='ltr'>numquam</span> <span class='ocrx_word' id='word_1_109' title='bbox 661 1034 701 1072; x_wconf 90' lang='lat' dir='ltr'>in</span> <span class='ocrx_word' id='word_1_110' title='bbox 722 1034 942 1082; x_wconf 88' lang='lat' dir='ltr'>superbiam</span> <span class='ocrx_word' id='word_1_111' title='bbox 963 1035 1159 1073; x_wconf 86' lang='lat' dir='ltr'>eleuatur:</span> <span class='ocrx_word' id='word_1_112' title='bbox 1183 1035 1362 1083; x_wconf 90' lang='lat' dir='ltr'>quoniam</span> <span class='ocrx_word' id='word_1_113' title='bbox 1383 1036 1431 1073; x_wconf 88' lang='lat' dir='ltr'>ad</span> <span class='ocrx_word' id='word_1_114' title='bbox 1452 1036 1617 1084; x_wconf 88' lang='lat' dir='ltr'>petenda</span> <span class='ocrx_word' id='word_1_115' title='bbox 1637 1047 1757 1084; x_wconf 84' lang='lat' dir='ltr'>regna</span> 
     </span>
     <span class='ocr_line' id='line_1_14' title="bbox 231 1102 1755 1153; baseline 0.001 -12"><span class='ocrx_word' id='word_1_116' title='bbox 231 1102 422 1141; x_wconf 87' lang='lat' dir='ltr'>caelorum</span> <span class='ocrx_word' id='word_1_117' title='bbox 443 1104 530 1151; x_wconf 91' lang='lat' dir='ltr'>plus</span> <span class='ocrx_word' id='word_1_118' title='bbox 559 1103 665 1142; x_wconf 91' lang='lat' dir='ltr'>ualet</span> <span class='ocrx_word' id='word_1_119' title='bbox 686 1105 826 1142; x_wconf 90' lang='lat' dir='ltr'>mentis</span> <span class='ocrx_word' id='word_1_120' title='bbox 849 1104 1048 1142; x_wconf 88' lang='lat' dir='ltr'>humilitas</span> <span class='ocrx_word' id='word_1_121' title='bbox 1086 1116 1199 1153; x_wconf 90' lang='lat' dir='ltr'>quam</span> <span class='ocrx_word' id='word_1_122' title='bbox 1234 1104 1495 1153; x_wconf 89' lang='lat' dir='ltr'>praesentium</span> <span class='ocrx_word' id='word_1_123' title='bbox 1530 1104 1755 1143; x_wconf 87' lang='lat' dir='ltr'>diuitiarum</span> 
     </span>
     <span class='ocr_line' id='line_1_15' title="bbox 233 1173 1757 1222; baseline 0.001 -12"><span class='ocrx_word' id='word_1_124' title='bbox 233 1173 456 1220; x_wconf 88' lang='lat' dir='ltr'>temporalis</span> <span class='ocrx_word' id='word_1_125' title='bbox 478 1175 699 1221; x_wconf 86' lang='lat' dir='ltr'>paupertas.</span> <span class='ocrx_word' id='word_1_126' title='bbox 732 1174 874 1212; x_wconf 87' lang='lat' dir='ltr'>etenim</span> <span class='ocrx_word' id='word_1_127' title='bbox 895 1173 1059 1212; x_wconf 88' lang='lat' dir='ltr'>humiles</span> <span class='ocrx_word' id='word_1_128' title='bbox 1082 1174 1148 1222; x_wconf 92' lang='lat' dir='ltr'>qui</span> <span class='ocrx_word' id='word_1_129' title='bbox 1168 1174 1263 1212; x_wconf 92' lang='lat' dir='ltr'>bene</span> <span class='ocrx_word' id='word_1_130' title='bbox 1286 1174 1443 1212; x_wconf 88' lang='lat' dir='ltr'>diuitias</span> <span class='ocrx_word' id='word_1_131' title='bbox 1464 1186 1663 1222; x_wconf 86' lang='lat' dir='ltr'>possessas</span> <span class='ocrx_word' id='word_1_132' title='bbox 1685 1175 1757 1213; x_wconf 89' lang='lat' dir='ltr'>ha-</span> 
     </span>
     <span class='ocr_line' id='line_1_16' title="bbox 184 1242 1759 1292; baseline 0.002 -13"><span class='ocrx_word' id='word_1_133' title='bbox 184 1242 324 1280; x_wconf 77' lang='lat' dir='ltr'>15bent</span> <span class='ocrx_word' id='word_1_134' title='bbox 353 1244 515 1290; x_wconf 91' lang='lat' dir='ltr'>possunt</span> <span class='ocrx_word' id='word_1_135' title='bbox 544 1254 732 1291; x_wconf 90' lang='lat' dir='ltr'>pauperes</span> <span class='ocrx_word' id='word_1_136' title='bbox 762 1243 902 1290; x_wconf 89' lang='lat' dir='ltr'>spiritu</span> <span class='ocrx_word' id='word_1_137' title='bbox 924 1243 1131 1291; x_wconf 80' lang='lat' dir='ltr'>appellari,</span> <span class='ocrx_word' id='word_1_138' title='bbox 1162 1245 1201 1282; x_wconf 90' lang='lat' dir='ltr'>et</span> <span class='ocrx_word' id='word_1_139' title='bbox 1229 1244 1412 1292; x_wconf 88' lang='lat' dir='ltr'>superbos</span> <span class='ocrx_word' id='word_1_140' title='bbox 1444 1244 1544 1281; x_wconf 90' lang='lat' dir='ltr'>nihil</span> <span class='ocrx_word' id='word_1_141' title='bbox 1574 1244 1759 1283; x_wconf 90' lang='lat' dir='ltr'>habentes</span> 
     </span>
     <span class='ocr_line' id='line_1_17' title="bbox 232 1311 1755 1361; baseline 0.001 -12"><span class='ocrx_word' id='word_1_142' title='bbox 232 1311 334 1349; x_wconf 88' lang='lat' dir='ltr'>haud</span> <span class='ocrx_word' id='word_1_143' title='bbox 356 1312 512 1350; x_wconf 88' lang='lat' dir='ltr'>dubium</span> <span class='ocrx_word' id='word_1_144' title='bbox 535 1314 596 1350; x_wconf 91' lang='lat' dir='ltr'>est</span> <span class='ocrx_word' id='word_1_145' title='bbox 624 1312 864 1350; x_wconf 87' lang='lat' dir='ltr'>beatitudine</span> <span class='ocrx_word' id='word_1_146' title='bbox 887 1313 1129 1361; x_wconf 87' lang='lat' dir='ltr'>paupertatis</span> <span class='ocrx_word' id='word_1_147' title='bbox 1150 1312 1311 1361; x_wconf 90' lang='lat' dir='ltr'>priuari.</span> <span class='ocrx_word' id='word_1_148' title='bbox 1354 1314 1399 1351; x_wconf 86' lang='lat' dir='ltr'>de</span> <span class='ocrx_word' id='word_1_149' title='bbox 1422 1313 1560 1361; x_wconf 91' lang='lat' dir='ltr'>quibus</span> <span class='ocrx_word' id='word_1_150' title='bbox 1582 1313 1755 1361; x_wconf 90' lang='lat' dir='ltr'>utrisque</span> 
     </span>
     <span class='ocr_line' id='line_1_18' title="bbox 233 1381 1757 1430; baseline 0.003 -13"><span class='ocrx_word' id='word_1_151' title='bbox 233 1382 364 1418; x_wconf 87' lang='lat' dir='ltr'>sancta</span> <span class='ocrx_word' id='word_1_152' title='bbox 386 1381 576 1429; x_wconf 86' lang='lat' dir='ltr'>scriptura</span> <span class='ocrx_word' id='word_1_153' title='bbox 605 1381 660 1420; x_wconf 89' lang='lat' dir='ltr'>ita</span> <span class='ocrx_word' id='word_1_154' title='bbox 690 1381 878 1430; x_wconf 89' lang='lat' dir='ltr'>loquitur:</span> <span class='ocrx_word' id='word_1_155' title='bbox 921 1384 996 1420; x_wconf 90' lang='lat' dir='ltr'>est</span> <span class='ocrx_word' id='word_1_156' title='bbox 1027 1382 1168 1430; x_wconf 87' lang='lat' dir='ltr'>quasi</span> <span class='ocrx_word' id='word_1_157' title='bbox 1199 1382 1354 1430; x_wconf 86' lang='lat' dir='ltr'>diues,</span> <span class='ocrx_word' id='word_1_158' title='bbox 1387 1394 1488 1421; x_wconf 86' lang='lat' dir='ltr'>cum</span> <span class='ocrx_word' id='word_1_159' title='bbox 1518 1382 1646 1420; x_wconf 88' lang='lat' dir='ltr'>nihil</span> <span class='ocrx_word' id='word_1_160' title='bbox 1677 1383 1757 1421; x_wconf 86' lang='lat' dir='ltr'>ha—</span> 
     </span>
     <span class='ocr_line' id='line_1_19' title="bbox 231 1450 1757 1500; baseline 0.002 -13"><span class='ocrx_word' id='word_1_161' title='bbox 231 1450 345 1487; x_wconf 87' lang='lat' dir='ltr'>beat</span> <span class='ocrx_word' id='word_1_162' title='bbox 376 1451 422 1488; x_wconf 91' lang='lat' dir='ltr'>et</span> <span class='ocrx_word' id='word_1_163' title='bbox 453 1452 529 1488; x_wconf 91' lang='lat' dir='ltr'>est</span> <span class='ocrx_word' id='word_1_164' title='bbox 574 1451 715 1499; x_wconf 89' lang='lat' dir='ltr'>quasi</span> <span class='ocrx_word' id='word_1_165' title='bbox 761 1462 970 1500; x_wconf 89' lang='lat' dir='ltr'>pauper,</span> <span class='ocrx_word' id='word_1_166' title='bbox 1018 1451 1195 1490; x_wconf 90' lang='lat' dir='ltr'>cumin</span> <span class='ocrx_word' id='word_1_167' title='bbox 1234 1452 1406 1490; x_wconf 88' lang='lat' dir='ltr'>multis</span> <span class='ocrx_word' id='word_1_168' title='bbox 1439 1452 1646 1492; x_wconf 88' lang='lat' dir='ltr'>diuitiis</span> <span class='ocrx_word' id='word_1_169' title='bbox 1677 1452 1757 1491; x_wconf 89' lang='lat' dir='ltr'>sit.</span> 
     </span>
     <span class='ocr_line' id='line_1_20' title="bbox 234 1519 1760 1571; baseline 0.003 -15"><span class='ocrx_word' id='word_1_170' title='bbox 234 1519 344 1567; x_wconf 88' lang='lat' dir='ltr'>quasi</span> <span class='ocrx_word' id='word_1_171' title='bbox 384 1519 492 1557; x_wconf 87' lang='lat' dir='ltr'>diues</span> <span class='ocrx_word' id='word_1_172' title='bbox 534 1521 593 1557; x_wconf 91' lang='lat' dir='ltr'>est</span> <span class='ocrx_word' id='word_1_173' title='bbox 634 1532 778 1568; x_wconf 87' lang='lat' dir='ltr'>pauper</span> <span class='ocrx_word' id='word_1_174' title='bbox 820 1521 1007 1569; x_wconf 88' lang='lat' dir='ltr'>superbus</span> <span class='ocrx_word' id='word_1_175' title='bbox 1048 1521 1188 1559; x_wconf 89' lang='lat' dir='ltr'>mentis</span> <span class='ocrx_word' id='word_1_176' title='bbox 1236 1521 1375 1559; x_wconf 88' lang='lat' dir='ltr'>affectu</span> <span class='ocrx_word' id='word_1_177' title='bbox 1403 1523 1442 1559; x_wconf 90' lang='lat' dir='ltr'>et</span> <span class='ocrx_word' id='word_1_178' title='bbox 1483 1522 1593 1570; x_wconf 87' lang='lat' dir='ltr'>quasi</span> <span class='ocrx_word' id='word_1_179' title='bbox 1613 1533 1760 1571; x_wconf 88' lang='lat' dir='ltr'>pauper</span> 
     </span>
     <span class='ocr_line' id='line_1_21' title="bbox 4 1564 1759 2008; baseline 0.002 -381"><span class='ocrx_word' id='word_1_180' title='bbox 4 1564 11 2008; x_wconf 51' lang='grc' dir='ltr'>ι</span> <span class='ocrx_word' id='word_1_181' title='bbox 182 1602 219 1628; x_wconf 77' lang='lat'>20</span> <span class='ocrx_word' id='word_1_182' title='bbox 233 1589 292 1626; x_wconf 91' lang='lat' dir='ltr'>est</span> <span class='ocrx_word' id='word_1_183' title='bbox 314 1588 422 1627; x_wconf 90' lang='lat' dir='ltr'>diues</span> <span class='ocrx_word' id='word_1_184' title='bbox 452 1590 592 1627; x_wconf 89' lang='lat' dir='ltr'>mentis</span> <span class='ocrx_word' id='word_1_185' title='bbox 617 1590 849 1629; x_wconf 88' lang='lat' dir='ltr'>humilitate.</span> <span class='ocrx_word' id='word_1_186' title='bbox 894 1590 1002 1629; x_wconf 90' lang='lat' dir='ltr'>diues</span> <span class='ocrx_word' id='word_1_187' title='bbox 1032 1602 1121 1638; x_wconf 88' lang='lat' dir='ltr'>ergo</span> <span class='ocrx_word' id='word_1_188' title='bbox 1144 1590 1273 1638; x_wconf 88' lang='lat' dir='ltr'>inopia</span> <span class='ocrx_word' id='word_1_189' title='bbox 1294 1591 1353 1629; x_wconf 92' lang='lat' dir='ltr'>est</span> <span class='ocrx_word' id='word_1_190' title='bbox 1386 1590 1526 1629; x_wconf 90' lang='lat' dir='ltr'>mentis</span> <span class='ocrx_word' id='word_1_191' title='bbox 1559 1591 1759 1630; x_wconf 88' lang='lat' dir='ltr'>humilitas</span> 
     </span>
     <span class='ocr_line' id='line_1_22' title="bbox 8 2334 12 2360; baseline 0 0"><span class='ocrx_word' id='word_1_192' title='bbox 8 2334 12 2360; x_wconf 75' lang='grc'>1</span> 
     </span>
    </p>
   </div>
   <div class='ocr_carea' id='block_1_3' title="bbox 1 119 5 1000">
    <p class='ocr_par' dir='ltr' id='par_1_3' title="bbox 1 119 5 1000">
     <span class='ocr_line' id='line_1_23' title="bbox 1 119 5 1000; baseline 0 0"><span class='ocrx_word' id='word_1_193' title='bbox 1 119 5 1000; x_wconf 95' lang='lat' dir='ltr'> </span> 
     </span>
    </p>
   </div>
   <div class='ocr_carea' id='block_1_4' title="bbox 231 1658 1756 1709">
    <p class='ocr_par' dir='ltr' id='par_1_4' title="bbox 231 1658 1756 1709">
     <span class='ocr_line' id='line_1_24' title="bbox 231 1658 1756 1709; baseline 0.003 -14"><span class='ocrx_word' id='word_1_194' title='bbox 231 1659 269 1696; x_wconf 90' lang='grc'>01</span> <span class='ocrx_word' id='word_1_195' title='bbox 285 1658 437 1705; x_wconf 89' lang='lat' dir='ltr'>ineptae</span> <span class='ocrx_word' id='word_1_196' title='bbox 453 1658 610 1697; x_wconf 87' lang='lat' dir='ltr'>diuitiae</span> <span class='ocrx_word' id='word_1_197' title='bbox 625 1661 715 1697; x_wconf 89' lang='lat' dir='ltr'>sunt</span> <span class='ocrx_word' id='word_1_198' title='bbox 731 1659 946 1698; x_wconf 88' lang='lat' dir='ltr'>animorum</span> <span class='ocrx_word' id='word_1_199' title='bbox 959 1659 1173 1698; x_wconf 86' lang='lat' dir='ltr'>inormitas.</span> <span class='ocrx_word' id='word_1_200' title='bbox 1191 1660 1466 1708; x_wconf 87' lang='lat' dir='ltr'>prouidendum</span> <span class='ocrx_word' id='word_1_201' title='bbox 1478 1670 1569 1708; x_wconf 87' lang='lat' dir='ltr'>ergo</span> <span class='ocrx_word' id='word_1_202' title='bbox 1585 1662 1645 1699; x_wconf 87' lang='lat' dir='ltr'>est</span> <span class='ocrx_word' id='word_1_203' title='bbox 1661 1673 1756 1709; x_wconf 88' lang='lat' dir='ltr'>pau-</span> 
     </span>
    </p>
   </div>
   <div class='ocr_carea' id='block_1_5' title="bbox 323 1840 1082 1885">
    <p class='ocr_par' dir='ltr' id='par_1_5' title="bbox 323 1840 1082 1885">
     <span class='ocr_line' id='line_1_25' title="bbox 323 1840 1082 1885; baseline 0.003 -11"><span class='ocrx_word' id='word_1_204' title='bbox 323 1841 342 1874; x_wconf 88' lang='lat'>1</span> <span class='ocrx_word' id='word_1_205' title='bbox 368 1840 502 1874; x_wconf 87' lang='lat' dir='ltr'>Matth.</span> <span class='ocrx_word' id='word_1_206' title='bbox 528 1841 561 1882; x_wconf 79' lang='grc'>5,</span> <span class='ocrx_word' id='word_1_207' title='bbox 587 1840 620 1875; x_wconf 88' lang='lat'>3.</span> <span class='ocrx_word' id='word_1_208' title='bbox 765 1842 806 1876; x_wconf 84' lang='grc'>17</span> <span class='ocrx_word' id='word_1_209' title='bbox 833 1842 940 1879; x_wconf 87' lang='lat' dir='ltr'>Prou.</span> <span class='ocrx_word' id='word_1_210' title='bbox 968 1842 1022 1885; x_wconf 88' lang='lat'>13,</span> <span class='ocrx_word' id='word_1_211' title='bbox 1050 1842 1082 1877; x_wconf 80' lang='lat'>7.</span> 
     </span>
    </p>
   </div>
   <div class='ocr_carea' id='block_1_6' title="bbox 230 2000 1758 2858">
    <p class='ocr_par' dir='ltr' id='par_1_6' title="bbox 230 2000 1758 2858">
     <span class='ocr_line' id='line_1_26' title="bbox 323 2000 1758 2038; baseline 0.003 -4"><span class='ocrx_word' id='word_1_212' title='bbox 323 2000 346 2034; x_wconf 99' lang='grc'>2</span> <span class='ocrx_word' id='word_1_213' title='bbox 370 2001 569 2035; x_wconf 86' lang='lat' dir='ltr'>misericors</span> <span class='ocrx_word' id='word_1_214' title='bbox 594 2001 700 2036; x_wconf 81' lang='lat' dir='ltr'>iudex</span> <span class='ocrx_word' id='word_1_215' title='bbox 723 2013 745 2037; x_wconf 82' lang='grc' dir='ltr'><strong><em>υ</em></strong></span> <span class='ocrx_word' id='word_1_216' title='bbox 879 2002 938 2036; x_wconf 88' lang='grc'>1111</span> <span class='ocrx_word' id='word_1_217' title='bbox 963 2002 1019 2037; x_wconf 68' lang='grc' dir='ltr'>Χ2</span> <span class='ocrx_word' id='word_1_218' title='bbox 1152 2002 1174 2037; x_wconf 88' lang='lat'><strong>3</strong></span> <span class='ocrx_word' id='word_1_219' title='bbox 1199 2003 1379 2037; x_wconf 87' lang='lat' dir='ltr'>terrarum</span> <span class='ocrx_word' id='word_1_220' title='bbox 1405 2013 1473 2038; x_wconf 84' lang='lat' dir='ltr'>om.</span> <span class='ocrx_word' id='word_1_221' title='bbox 1500 2003 1541 2037; x_wconf 92' lang='lat' dir='ltr'><strong>X</strong></span> <span class='ocrx_word' id='word_1_222' title='bbox 1661 2003 1758 2038; x_wconf 89' lang='lat' dir='ltr'>inter</span> 
     </span>
     <span class='ocr_line' id='line_1_27' title="bbox 230 2058 1662 2107; baseline 0.003 -16"><span class='ocrx_word' id='word_1_223' title='bbox 230 2058 400 2092; x_wconf 88' lang='lat' dir='ltr'>mortales</span> <span class='ocrx_word' id='word_1_224' title='bbox 426 2069 491 2093; x_wconf 81' lang='lat' dir='ltr'>om.</span> <span class='ocrx_word' id='word_1_225' title='bbox 524 2059 603 2101; x_wconf 96' lang='lat' dir='ltr'>GV,</span> <span class='ocrx_word' id='word_1_226' title='bbox 633 2059 671 2094; x_wconf 90' lang='lat' dir='ltr'>in</span> <span class='ocrx_word' id='word_1_227' title='bbox 696 2061 858 2095; x_wconf 89' lang='lat' dir='ltr'>mortuos</span> <span class='ocrx_word' id='word_1_228' title='bbox 884 2060 932 2102; x_wconf 87' lang='lat' dir='ltr'>X,</span> <span class='ocrx_word' id='word_1_229' title='bbox 958 2060 997 2094; x_wconf 89' lang='lat' dir='ltr'>in</span> <span class='ocrx_word' id='word_1_230' title='bbox 1021 2061 1160 2095; x_wconf 88' lang='lat' dir='ltr'>mortuo</span> <span class='ocrx_word' id='word_1_231' title='bbox 1192 2060 1225 2095; x_wconf 92' lang='lat' dir='ltr'><strong><em>G</em></strong></span> <span class='ocrx_word' id='word_1_232' title='bbox 1248 2072 1292 2096; x_wconf 87' lang='lat' dir='ltr'>m.</span> <span class='ocrx_word' id='word_1_233' title='bbox 1318 2063 1344 2095; x_wconf 79' lang='lat'><strong><em>2</em></strong></span> <span class='ocrx_word' id='word_1_234' title='bbox 1369 2061 1455 2095; x_wconf 75' lang='lat' dir='ltr'>add.</span> <span class='ocrx_word' id='word_1_235' title='bbox 1480 2061 1521 2095; x_wconf 69' lang='lat' dir='ltr'>in</span> <span class='ocrx_word' id='word_1_236' title='bbox 1547 2071 1662 2107; x_wconf 63' lang='lat' dir='ltr'>marg.</span> 
     </span>
     <span class='ocr_line' id='line_1_28' title="bbox 230 2114 1670 2164; baseline 0.003 -15"><span class='ocrx_word' id='word_1_237' title='bbox 230 2114 255 2149; x_wconf 86' lang='lat'>4</span> <span class='ocrx_word' id='word_1_238' title='bbox 280 2116 369 2149; x_wconf 90' lang='lat' dir='ltr'>caeli</span> <span class='ocrx_word' id='word_1_239' title='bbox 395 2116 487 2161; x_wconf 87' lang='lat' dir='ltr'>sede]</span> <span class='ocrx_word' id='word_1_240' title='bbox 515 2117 623 2151; x_wconf 86' lang='lat' dir='ltr'>caelis</span> <span class='ocrx_word' id='word_1_241' title='bbox 655 2118 690 2152; x_wconf 90' lang='lat' dir='ltr'><strong><em>V</em></strong></span> <span class='ocrx_word' id='word_1_242' title='bbox 825 2119 847 2152; x_wconf 83' lang='lat'>5</span> <span class='ocrx_word' id='word_1_243' title='bbox 872 2118 969 2164; x_wconf 88' lang='lat' dir='ltr'>uero]</span> <span class='ocrx_word' id='word_1_244' title='bbox 997 2129 1081 2163; x_wconf 83' lang='lat' dir='ltr'>ergo</span> <span class='ocrx_word' id='word_1_245' title='bbox 1113 2119 1166 2154; x_wconf 80' lang='lat' dir='ltr'>Vv</span> <span class='ocrx_word' id='word_1_246' title='bbox 1307 2120 1362 2153; x_wconf 88' lang='lat' dir='ltr'>est</span> <span class='ocrx_word' id='word_1_247' title='bbox 1386 2119 1604 2164; x_wconf 86' lang='lat' dir='ltr'>pauperibus</span> <span class='ocrx_word' id='word_1_248' title='bbox 1635 2119 1670 2154; x_wconf 90' lang='lat' dir='ltr'><strong><em>V</em></strong></span> 
     </span>
     <span class='ocr_line' id='line_1_29' title="bbox 232 2175 1756 2222; baseline 0.003 -15"><span class='ocrx_word' id='word_1_249' title='bbox 232 2175 430 2218; x_wconf 84' lang='lat' dir='ltr'>egestatem</span> <span class='ocrx_word' id='word_1_250' title='bbox 456 2176 492 2209; x_wconf 88' lang='lat' dir='ltr'>et</span> <span class='ocrx_word' id='word_1_251' title='bbox 517 2175 770 2210; x_wconf 88' lang='lat' dir='ltr'>necessitatem</span> <span class='ocrx_word' id='word_1_252' title='bbox 796 2187 817 2211; x_wconf 82' lang='grc' dir='ltr'><strong><em>υ</em></strong></span> <span class='ocrx_word' id='word_1_253' title='bbox 965 2176 986 2211; x_wconf 88' lang='grc'><strong>6</strong></span> <span class='ocrx_word' id='word_1_254' title='bbox 1012 2178 1195 2211; x_wconf 86' lang='lat' dir='ltr'>terrenum</span> <span class='ocrx_word' id='word_1_255' title='bbox 1221 2189 1242 2212; x_wconf 82' lang='grc' dir='ltr'><strong><em>υ</em></strong></span> <span class='ocrx_word' id='word_1_256' title='bbox 1383 2177 1548 2222; x_wconf 84' lang='lat' dir='ltr'>perdunt]</span> <span class='ocrx_word' id='word_1_257' title='bbox 1576 2178 1756 2221; x_wconf 86' lang='lat' dir='ltr'>praetere-</span> 
     </span>
     <span class='ocr_line' id='line_1_30' title="bbox 233 2231 1712 2280; baseline 0.003 -15"><span class='ocrx_word' id='word_1_258' title='bbox 233 2233 299 2265; x_wconf 87' lang='lat' dir='ltr'>unt</span> <span class='ocrx_word' id='word_1_259' title='bbox 323 2231 384 2267; x_wconf 83' lang='lat' dir='ltr'>Xv</span> <span class='ocrx_word' id='word_1_260' title='bbox 494 2233 605 2268; x_wconf 87' lang='lat' dir='ltr'>etiam</span> <span class='ocrx_word' id='word_1_261' title='bbox 630 2233 894 2278; x_wconf 88' lang='lat' dir='ltr'>impudentiam</span> <span class='ocrx_word' id='word_1_262' title='bbox 918 2246 940 2270; x_wconf 83' lang='lat' dir='ltr'><strong><em>v</em></strong></span> <span class='ocrx_word' id='word_1_263' title='bbox 1058 2235 1078 2269; x_wconf 84' lang='lat'><strong>7</strong></span> <span class='ocrx_word' id='word_1_264' title='bbox 1104 2246 1253 2280; x_wconf 85' lang='lat' dir='ltr'>regnum</span> <span class='ocrx_word' id='word_1_265' title='bbox 1278 2235 1319 2269; x_wconf 92' lang='lat' dir='ltr'><strong>X</strong></span> <span class='ocrx_word' id='word_1_266' title='bbox 1433 2235 1648 2270; x_wconf 88' lang='lat' dir='ltr'>ammittant</span> <span class='ocrx_word' id='word_1_267' title='bbox 1678 2235 1712 2271; x_wconf 89' lang='lat' dir='ltr'><strong><em>G</em></strong></span> 
     </span>
     <span class='ocr_line' id='line_1_31' title="bbox 230 2290 1756 2337; baseline 0.002 -13"><span class='ocrx_word' id='word_1_268' title='bbox 230 2290 254 2325; x_wconf 88' lang='grc'>8</span> <span class='ocrx_word' id='word_1_269' title='bbox 278 2290 404 2335; x_wconf 87' lang='lat' dir='ltr'>pendit</span> <span class='ocrx_word' id='word_1_270' title='bbox 435 2290 484 2325; x_wconf 92' lang='lat' dir='ltr'>G¹</span> <span class='ocrx_word' id='word_1_271' title='bbox 610 2292 631 2326; x_wconf 88' lang='lat'>9</span> <span class='ocrx_word' id='word_1_272' title='bbox 657 2292 938 2337; x_wconf 85' lang='lat' dir='ltr'>quibuscumque</span> <span class='ocrx_word' id='word_1_273' title='bbox 963 2303 1116 2337; x_wconf 87' lang='lat' dir='ltr'>namque</span> <span class='ocrx_word' id='word_1_274' title='bbox 1140 2304 1171 2334; x_wconf 82' lang='lat' dir='ltr'>v,</span> <span class='ocrx_word' id='word_1_275' title='bbox 1199 2292 1482 2337; x_wconf 82' lang='lat' dir='ltr'>quibuscumque</span> <span class='ocrx_word' id='word_1_276' title='bbox 1507 2292 1548 2326; x_wconf 92' lang='lat' dir='ltr'>X</span> <span class='ocrx_word' id='word_1_277' title='bbox 1678 2303 1756 2327; x_wconf 88' lang='lat' dir='ltr'>cae-</span> 
     </span>
     <span class='ocr_line' id='line_1_32' title="bbox 231 2341 1709 2396; baseline 0.001 -13"><span class='ocrx_word' id='word_1_278' title='bbox 231 2348 349 2383; x_wconf 90' lang='lat' dir='ltr'>lorum</span> <span class='ocrx_word' id='word_1_279' title='bbox 373 2349 414 2384; x_wconf 92' lang='lat' dir='ltr'><strong><em>X</em></strong></span> <span class='ocrx_word' id='word_1_280' title='bbox 583 2350 628 2385; x_wconf 91' lang='lat'>10</span> <span class='ocrx_word' id='word_1_281' title='bbox 651 2350 690 2384; x_wconf 89' lang='lat' dir='ltr'>in</span> <span class='ocrx_word' id='word_1_282' title='bbox 715 2350 844 2395; x_wconf 90' lang='lat' dir='ltr'>quibus</span> <span class='ocrx_word' id='word_1_283' title='bbox 869 2361 891 2385; x_wconf 81' lang='lat' dir='ltr'><strong><em>v</em></strong></span> <span class='ocrx_word' id='word_1_284' title='bbox 1062 2351 1203 2395; x_wconf 52' lang='lat' dir='ltr'>inopia*</span> <span class='ocrx_word' id='word_1_285' title='bbox 1227 2351 1268 2385; x_wconf 92' lang='lat' dir='ltr'><em>X</em></span> <span class='ocrx_word' id='word_1_286' title='bbox 1436 2351 1478 2385; x_wconf 87' lang='lat'>11</span> <span class='ocrx_word' id='word_1_287' title='bbox 1504 2341 1628 2396; x_wconf 62' lang='lat' dir='ltr'>egenis</span> <span class='ocrx_word' id='word_1_288' title='bbox 1654 2351 1709 2385; x_wconf 86' lang='lat' dir='ltr'>X¹</span> 
     </span>
     <span class='ocr_line' id='line_1_33' title="bbox 231 2406 1712 2454; baseline 0.002 -13"><span class='ocrx_word' id='word_1_289' title='bbox 231 2406 328 2441; x_wconf 84' lang='lat' dir='ltr'>foras</span> <span class='ocrx_word' id='word_1_290' title='bbox 358 2407 394 2443; x_wconf 96' lang='lat' dir='ltr'><strong><em>V</em></strong></span> <span class='ocrx_word' id='word_1_291' title='bbox 530 2408 575 2443; x_wconf 83' lang='lat'>12</span> <span class='ocrx_word' id='word_1_292' title='bbox 600 2408 768 2452; x_wconf 88' lang='lat' dir='ltr'>superbia</span> <span class='ocrx_word' id='word_1_293' title='bbox 793 2409 834 2443; x_wconf 91' lang='lat' dir='ltr'><strong><em>X</em></strong></span> <span class='ocrx_word' id='word_1_294' title='bbox 979 2409 1025 2444; x_wconf 87' lang='lat' dir='ltr'>ad</span> <span class='ocrx_word' id='word_1_295' title='bbox 1050 2409 1250 2454; x_wconf 89' lang='lat' dir='ltr'>appetenda</span> <span class='ocrx_word' id='word_1_296' title='bbox 1274 2420 1305 2452; x_wconf 82' lang='lat' dir='ltr'>v,</span> <span class='ocrx_word' id='word_1_297' title='bbox 1332 2408 1377 2443; x_wconf 88' lang='lat' dir='ltr'>ad</span> <span class='ocrx_word' id='word_1_298' title='bbox 1402 2409 1646 2453; x_wconf 87' lang='lat' dir='ltr'>consequenda</span> <span class='ocrx_word' id='word_1_299' title='bbox 1671 2409 1712 2444; x_wconf 92' lang='lat' dir='ltr'><em>X</em></span> 
     </span>
     <span class='ocr_line' id='line_1_34' title="bbox 235 2465 1755 2512; baseline 0.002 -14"><span class='ocrx_word' id='word_1_300' title='bbox 235 2465 277 2499; x_wconf 87' lang='grc'>13</span> <span class='ocrx_word' id='word_1_301' title='bbox 303 2466 340 2499; x_wconf 86' lang='grc'>01</span> <span class='ocrx_word' id='word_1_302' title='bbox 364 2465 498 2500; x_wconf 85' lang='grc'>111011113</span> <span class='ocrx_word' id='word_1_303' title='bbox 528 2466 564 2501; x_wconf 93' lang='lat' dir='ltr'><strong><em>V</em></strong></span> <span class='ocrx_word' id='word_1_304' title='bbox 700 2467 986 2511; x_wconf 86' lang='lat' dir='ltr'>praesentiarum</span> <span class='ocrx_word' id='word_1_305' title='bbox 1016 2467 1052 2502; x_wconf 95' lang='lat' dir='ltr'><strong><em>V</em></strong></span> <span class='ocrx_word' id='word_1_306' title='bbox 1192 2468 1235 2502; x_wconf 81' lang='lat'>15</span> <span class='ocrx_word' id='word_1_307' title='bbox 1261 2468 1296 2501; x_wconf 91' lang='lat' dir='ltr'>et</span> <span class='ocrx_word' id='word_1_308' title='bbox 1322 2467 1466 2512; x_wconf 89' lang='lat' dir='ltr'>superbi</span> <span class='ocrx_word' id='word_1_309' title='bbox 1498 2467 1557 2509; x_wconf 88' lang='lat' dir='ltr'>G¹‚</span> <span class='ocrx_word' id='word_1_310' title='bbox 1584 2467 1755 2512; x_wconf 87' lang='lat' dir='ltr'>superbos</span> 
     </span>
     <span class='ocr_line' id='line_1_35' title="bbox 232 2524 1708 2570; baseline 0.003 -14"><span class='ocrx_word' id='word_1_311' title='bbox 232 2524 353 2557; x_wconf 89' lang='lat' dir='ltr'>autem</span> <span class='ocrx_word' id='word_1_312' title='bbox 377 2535 399 2559; x_wconf 82' lang='lat' dir='ltr'><strong><em>v</em></strong></span> <span class='ocrx_word' id='word_1_313' title='bbox 540 2524 584 2559; x_wconf 87' lang='grc'>16</span> <span class='ocrx_word' id='word_1_314' title='bbox 609 2524 699 2559; x_wconf 87' lang='grc'>113111</span> <span class='ocrx_word' id='word_1_315' title='bbox 731 2524 790 2566; x_wconf 85' lang='lat' dir='ltr'>G¹‚</span> <span class='ocrx_word' id='word_1_316' title='bbox 817 2535 889 2559; x_wconf 87' lang='grc'>11011</span> <span class='ocrx_word' id='word_1_317' title='bbox 914 2525 955 2559; x_wconf 91' lang='grc' dir='ltr'><em>Χ</em></span> <span class='ocrx_word' id='word_1_318' title='bbox 1096 2527 1138 2561; x_wconf 85' lang='grc'>17</span> <span class='ocrx_word' id='word_1_319' title='bbox 1164 2536 1244 2560; x_wconf 87' lang='lat' dir='ltr'>cum</span> <span class='ocrx_word' id='word_1_320' title='bbox 1268 2537 1302 2559; x_wconf 92' lang='lat' dir='ltr'>n.</span> <span class='ocrx_word' id='word_1_321' title='bbox 1329 2525 1379 2570; x_wconf 88' lang='lat' dir='ltr'>h.]</span> <span class='ocrx_word' id='word_1_322' title='bbox 1406 2525 1502 2559; x_wconf 88' lang='lat' dir='ltr'>nihil</span> <span class='ocrx_word' id='word_1_323' title='bbox 1526 2525 1662 2560; x_wconf 88' lang='lat' dir='ltr'>habens</span> <span class='ocrx_word' id='word_1_324' title='bbox 1688 2536 1708 2560; x_wconf 78' lang='lat' dir='ltr'><em>v</em></span> 
     </span>
     <span class='ocr_line' id='line_1_36' title="bbox 236 2580 1754 2628; baseline 0.003 -15"><span class='ocrx_word' id='word_1_325' title='bbox 236 2580 278 2613; x_wconf 84' lang='lat'>18</span> <span class='ocrx_word' id='word_1_326' title='bbox 303 2581 407 2625; x_wconf 85' lang='lat' dir='ltr'>quasi</span> <span class='ocrx_word' id='word_1_327' title='bbox 423 2608 429 2614; x_wconf 92' lang='lat'><em>.</em></span> <span class='ocrx_word' id='word_1_328' title='bbox 446 2607 475 2615; x_wconf 86' lang='lat'>..</span> <span class='ocrx_word' id='word_1_329' title='bbox 497 2582 520 2616; x_wconf 82' lang='lat' dir='ltr'>l.</span> <span class='ocrx_word' id='word_1_330' title='bbox 539 2584 592 2616; x_wconf 75' lang='lat'>20</span> <span class='ocrx_word' id='word_1_331' title='bbox 616 2582 827 2617; x_wconf 86' lang='lat' dir='ltr'>humilitate</span> <span class='ocrx_word' id='word_1_332' title='bbox 853 2593 920 2617; x_wconf 86' lang='lat' dir='ltr'>om.</span> <span class='ocrx_word' id='word_1_333' title='bbox 939 2583 988 2625; x_wconf 89' lang='lat' dir='ltr'>X,</span> <span class='ocrx_word' id='word_1_334' title='bbox 1014 2584 1118 2627; x_wconf 89' lang='lat' dir='ltr'>quasi</span> <span class='ocrx_word' id='word_1_335' title='bbox 1143 2594 1276 2628; x_wconf 86' lang='lat' dir='ltr'>pauper</span> <span class='ocrx_word' id='word_1_336' title='bbox 1301 2593 1385 2628; x_wconf 85' lang='lat' dir='ltr'>ergo</span> <span class='ocrx_word' id='word_1_337' title='bbox 1410 2583 1448 2617; x_wconf 91' lang='lat' dir='ltr'>in</span> <span class='ocrx_word' id='word_1_338' title='bbox 1464 2583 1593 2617; x_wconf 87' lang='lat' dir='ltr'>multis</span> <span class='ocrx_word' id='word_1_339' title='bbox 1611 2583 1754 2617; x_wconf 86' lang='lat' dir='ltr'>diuitiis</span> 
     </span>
     <span class='ocr_line' id='line_1_37' title="bbox 233 2638 1754 2685; baseline 0.003 -14"><span class='ocrx_word' id='word_1_340' title='bbox 233 2639 288 2671; x_wconf 88' lang='lat' dir='ltr'>cst</span> <span class='ocrx_word' id='word_1_341' title='bbox 312 2638 412 2673; x_wconf 90' lang='lat' dir='ltr'>diues</span> <span class='ocrx_word' id='word_1_342' title='bbox 437 2639 586 2673; x_wconf 88' lang='lat' dir='ltr'>humilis</span> <span class='ocrx_word' id='word_1_343' title='bbox 612 2640 760 2684; x_wconf 80' lang='lat' dir='ltr'>spiritu3</span> <span class='ocrx_word' id='word_1_344' title='bbox 787 2642 824 2674; x_wconf 90' lang='lat' dir='ltr'>et</span> <span class='ocrx_word' id='word_1_345' title='bbox 847 2640 943 2675; x_wconf 90' lang='lat' dir='ltr'>nihil</span> <span class='ocrx_word' id='word_1_346' title='bbox 967 2640 1102 2675; x_wconf 82' lang='lat' dir='ltr'>habens</span> <span class='ocrx_word' id='word_1_347' title='bbox 1121 2641 1223 2685; x_wconf 88' lang='lat' dir='ltr'>quasi</span> <span class='ocrx_word' id='word_1_348' title='bbox 1240 2640 1341 2675; x_wconf 88' lang='lat' dir='ltr'>diues</span> <span class='ocrx_word' id='word_1_349' title='bbox 1359 2642 1413 2675; x_wconf 91' lang='lat' dir='ltr'>est</span> <span class='ocrx_word' id='word_1_350' title='bbox 1430 2651 1563 2685; x_wconf 87' lang='lat' dir='ltr'>pauper</span> <span class='ocrx_word' id='word_1_351' title='bbox 1580 2641 1754 2685; x_wconf 87' lang='lat' dir='ltr'>superbus</span> 
     </span>
     <span class='ocr_line' id='line_1_38' title="bbox 233 2696 1756 2744; baseline 0.003 -16"><span class='ocrx_word' id='word_1_352' title='bbox 233 2696 365 2730; x_wconf 90' lang='lat' dir='ltr'>mentis</span> <span class='ocrx_word' id='word_1_353' title='bbox 391 2697 520 2731; x_wconf 87' lang='lat' dir='ltr'>affectu</span> <span class='ocrx_word' id='word_1_354' title='bbox 545 2709 566 2732; x_wconf 81' lang='lat' dir='ltr'><em>v</em></span> <span class='ocrx_word' id='word_1_355' title='bbox 709 2698 752 2733; x_wconf 80' lang='lat'>19</span> <span class='ocrx_word' id='word_1_356' title='bbox 778 2698 907 2732; x_wconf 84' lang='lat' dir='ltr'>effectu</span> <span class='ocrx_word' id='word_1_357' title='bbox 930 2698 965 2733; x_wconf 91' lang='lat' dir='ltr'><strong><em>V</em></strong></span> <span class='ocrx_word' id='word_1_358' title='bbox 1101 2701 1137 2733; x_wconf 91' lang='lat' dir='ltr'>et</span> <span class='ocrx_word' id='word_1_359' title='bbox 1163 2699 1266 2743; x_wconf 89' lang='lat' dir='ltr'>quasi</span> <span class='ocrx_word' id='word_1_360' title='bbox 1291 2710 1324 2744; x_wconf 90' lang='lat' dir='ltr'>p.</span> <span class='ocrx_word' id='word_1_361' title='bbox 1351 2710 1380 2735; x_wconf 86' lang='lat' dir='ltr'>e.</span> <span class='ocrx_word' id='word_1_362' title='bbox 1408 2698 1441 2733; x_wconf 87' lang='lat' dir='ltr'>d.</span> <span class='ocrx_word' id='word_1_363' title='bbox 1470 2709 1516 2732; x_wconf 91' lang='lat' dir='ltr'>m.</span> <span class='ocrx_word' id='word_1_364' title='bbox 1543 2698 1756 2733; x_wconf 86' lang='lat' dir='ltr'>humilitate</span> 
     </span>
     <span class='ocr_line' id='line_1_39' title="bbox 233 2753 1707 2798; baseline 0.002 -11"><span class='ocrx_word' id='word_1_365' title='bbox 233 2762 301 2788; x_wconf 81' lang='lat' dir='ltr'>om.</span> <span class='ocrx_word' id='word_1_366' title='bbox 326 2753 388 2789; x_wconf 83' lang='grc' dir='ltr'>Χυ</span> <span class='ocrx_word' id='word_1_367' title='bbox 535 2755 581 2789; x_wconf 86' lang='grc'>20</span> <span class='ocrx_word' id='word_1_368' title='bbox 606 2755 706 2789; x_wconf 86' lang='lat' dir='ltr'>diues</span> <span class='ocrx_word' id='word_1_369' title='bbox 738 2755 781 2797; x_wconf 88' lang='lat' dir='ltr'>G,</span> <span class='ocrx_word' id='word_1_370' title='bbox 807 2755 935 2790; x_wconf 90' lang='lat' dir='ltr'>diuitis</span> <span class='ocrx_word' id='word_1_371' title='bbox 966 2756 1006 2798; x_wconf 89' lang='lat' dir='ltr'>V,</span> <span class='ocrx_word' id='word_1_372' title='bbox 1032 2756 1163 2791; x_wconf 84' lang='lat' dir='ltr'>nobilis</span> <span class='ocrx_word' id='word_1_373' title='bbox 1189 2757 1249 2792; x_wconf 79' lang='lat' dir='ltr'>Xv</span> <span class='ocrx_word' id='word_1_374' title='bbox 1396 2756 1440 2791; x_wconf 89' lang='grc'>21</span> <span class='ocrx_word' id='word_1_375' title='bbox 1468 2756 1661 2790; x_wconf 88' lang='lat' dir='ltr'>enormitas</span> <span class='ocrx_word' id='word_1_376' title='bbox 1686 2767 1707 2791; x_wconf 74' lang='lat' dir='ltr'><em>v</em></span> 
     </span>
     <span class='ocr_line' id='line_1_40' title="bbox 233 2811 968 2858; baseline 0.008 -15"><span class='ocrx_word' id='word_1_377' title='bbox 233 2811 286 2843; x_wconf 86' lang='lat' dir='ltr'>est</span> <span class='ocrx_word' id='word_1_378' title='bbox 311 2821 393 2856; x_wconf 84' lang='lat' dir='ltr'>ergo</span> <span class='ocrx_word' id='word_1_379' title='bbox 419 2812 635 2856; x_wconf 84' lang='lat' dir='ltr'>pauperibus</span> <span class='ocrx_word' id='word_1_380' title='bbox 659 2824 700 2857; x_wconf 89' lang='lat' dir='ltr'>v,·</span> <span class='ocrx_word' id='word_1_381' title='bbox 725 2824 808 2858; x_wconf 84' lang='lat' dir='ltr'>ergo</span> <span class='ocrx_word' id='word_1_382' title='bbox 836 2824 902 2849; x_wconf 86' lang='lat' dir='ltr'>om.</span> <span class='ocrx_word' id='word_1_383' title='bbox 934 2813 968 2849; x_wconf 91' lang='lat' dir='ltr'><strong><em>V</em></strong></span> 
     </span>
    </p>
   </div>
  </div>
 </body>
</html>
