2032 3248
414 250 497 292 274
816 248 1003 283 Arnobii
1035 248 1244 282 aduersus
1284 249 1493 284 nationes

412 377 556 420 genere
587 364 661 406 hoc
692 362 839 405 ludicri
869 363 1210 405 iucundissimum
1241 363 1435 405 duceret?
1465 362 1590 404 immo
1621 363 1743 406 illum
1773 363 1898 406 fuisse

412 434 500 487 quis
532 435 593 474 est
623 432 693 486 qui
723 431 977 473 adsentiatur
1008 431 1161 482 Iouem,
1193 444 1315 484 quem
1346 432 1468 473 deum
1497 432 1723 486 principem
1761 433 1898 475 dicitis

411 503 451 544 et
480 515 617 544 rerum
655 512 931 554 quaecumque
968 502 1066 542 sunt
1104 500 1371 551 conditorem,
1412 500 1482 554 qui
1512 502 1745 554 spectatum
1775 502 1898 555 profi-

410 571 628 614 cisceretur
658 583 679 612 e
709 570 819 612 caelo
850 569 1078 612 cantherios
1100 571 1148 611 de
1168 569 1388 612 uelocitate
1409 570 1624 624 certanteS‚
1656 570 1898 624 replicantes

410 651 530 695 gyros
560 639 728 693 septem,
761 641 802 679 et
831 650 929 691 quos
961 637 1182 680 dissimiles
1212 637 1300 691 ipse
1330 650 1543 692 corporum
1564 652 1650 681 esse
1671 639 1714 681 in
1734 639 1898 682 mobili·
1929 658 1941 679 ,κ

407 711 493 752 tate
523 707 733 758 uoluisset,
765 719 832 749 eos
861 707 999 749 tamen
1029 706 1224 762 gauderet
1253 707 1438 759 transire,
1470 708 1648 759 transiri,
1680 720 1825 761 pronos
1856 710 1896 750 et

407 788 574 820 cernuos
604 788 732 828 ruere,
764 788 857 817 cum
888 775 1072 817 curribus
1104 776 1315 830 resupinos
1335 776 1457 828 uerti,
1488 776 1597 818 trahi
1621 776 1736 831 alios,
1768 777 1896 819 cruri-

406 846 481 888 bus
512 847 554 888 et
593 845 824 887 claudicare
861 843 1125 898 praefractis,
1167 847 1208 886 et
1247 845 1423 899 ineptias
1453 846 1574 901 nugis
1606 846 1647 887 et
1677 846 1895 888 crudelita-

404 914 517 957 tibus
559 913 711 956 mixtas
755 913 928 955 summis
972 913 1016 955 in
1057 913 1338 967 uoluptatibus
1381 914 1590 957 habuisset
1635 926 1734 967 quas
1774 914 1895 956 homo

405 984 540 1038 quiuis
578 984 718 1026 lautus
758 994 831 1024 nec
868 982 920 1024 ad
958 982 1144 1025 studium
1180 983 1322 1037 plenae
1360 984 1579 1038 grauitatis
1618 997 1665 1026 ac
1708 984 1895 1037 ponderis
1908 1002 1938 1026 10

352 1087 354 1089 ,
404 1052 589 1095 eruditus
618 1051 794 1106 puerilia
824 1052 991 1094 duceret
1030 1054 1153 1106 atque
1184 1053 1471 1105 aspernaretur
1500 1054 1548 1094 ut
1579 1052 1766 1095 ludicra?
1803 1054 1894 1107 quis
1957 1087 1960 1089 Α

402 1122 486 1172 est,
524 1121 712 1174 inquam,
751 1121 822 1174 qui
859 1121 1018 1174 credat,
1059 1122 1290 1174 repetamus
1328 1124 1375 1163 ut
1405 1122 1568 1165 assidue
1605 1123 1710 1166 hanc
1740 1135 1893 1174 uocem,

401 1190 560 1245 generis
591 1202 685 1231 eum
716 1189 843 1231 fuisse
872 1189 1024 1240 diuini,
1062 1190 1151 1243 qui,
1193 1190 1383 1243 quoniam
1414 1190 1522 1233 ludis
1552 1193 1666 1234 actus
1697 1204 1767 1246 per
1797 1192 1892 1234 circi

403 1259 465 1301 est
495 1259 675 1313 spatium
705 1258 946 1301 meritorum
976 1270 1125 1312 poenas
1155 1259 1195 1300 et
1225 1259 1427 1313 supplicia
1457 1259 1704 1315 redditurus,
1736 1261 1796 1302 ira
1825 1273 1892 1302 ex—

401 1328 612 1370 acerbatus
652 1328 879 1369 ardesceret
917 1339 1083 1380 seseque
1121 1326 1174 1369 ad
1202 1328 1312 1370 uices
1343 1327 1579 1384 adcingeret
1611 1329 1809 1371 ultionis?
1856 1330 1890 1371 si
1904 1348 1935 1372 ιε,

400 1396 508 1439 enim
539 1407 686 1438 nocens
707 1407 849 1438 seruus
871 1396 993 1449 atque
1012 1395 1086 1437 illa
1106 1396 1242 1438 fuerat
1262 1396 1614 1439 animaduersione
1635 1397 1888 1452 puniendus:

399 1466 470 1519 qui
500 1465 644 1507 debuit
673 1464 861 1518 Iuppiter
890 1464 1174 1519 indignatione
1205 1465 1344 1518 aliqua
1375 1467 1636 1517 commoneri,
1671 1479 1759 1508 cum
1794 1479 1884 1521 age-

398 1535 510 1577 retur
539 1534 693 1576 iniuste
722 1533 840 1582 nihil,
872 1534 999 1575 immo
1031 1546 1124 1575 cum
1144 1545 1290 1576 nocens
1311 1535 1434 1588 caput
1453 1535 1592 1588 poenis
1614 1535 1888 1577 conuenienti—

397 1603 473 1645 bus
503 1603 778 1657 plecteretur?
816 1602 880 1644 sin
911 1602 1051 1643 autem
1081 1601 1260 1643 inmunis
1290 1602 1339 1644 ab
1371 1602 1519 1645 scelere
1550 1616 1678 1656 neque
1708 1604 1784 1645 ulli
1815 1604 1886 1645 ob-

397 1671 540 1713 noxius
579 1671 765 1713 criminir
811 1670 952 1711 uitiosi
990 1670 1190 1724 praesulis
1220 1670 1306 1723 ipse
1337 1671 1418 1713 fuit
1449 1671 1491 1713 in
1522 1684 1664 1723 causa,
1697 1671 1763 1714 cui
1794 1684 1887 1714 cum
1900 1688 1933 1713 20

397 1740 613 1783 subuenire
651 1739 871 1794 potuisset,
913 1750 993 1780 non
1034 1738 1151 1791 fecit,
1190 1739 1317 1780 immo
1355 1739 1440 1793 ipse
1479 1740 1684 1793 quaesiuit
1722 1742 1763 1782 et
1801 1742 1887 1794 pati

395 1809 503 1863 quod
540 1808 785 1862 inprobabat
815 1808 856 1849 et
885 1807 936 1849 ab
967 1807 1058 1849 aliis
1096 1820 1245 1861 poenas
1275 1820 1371 1851 suae
1406 1809 1684 1862 permissionis
1715 1810 1885 1864 exigere.

394 1879 435 1920 et
475 1890 546 1920 cur
584 1879 742 1920 laesum
783 1876 927 1920 deinde
967 1876 1041 1918 illo
1081 1888 1123 1918 se
1163 1877 1331 1930 questus
1367 1878 1429 1919 est
1459 1878 1500 1919 et
1529 1878 1814 1932 pronuntiauit
1843 1879 1885 1920 in

278 1947 597 2001 f,155praesule‚
636 1946 737 2000 quia'
762 1948 891 1988 crucis
926 1946 932 2001 Ι
968 1947 1019 1988 ad
1057 1957 1205 1998 poenas
1235 1958 1304 1999 per
1334 1946 1430 1988 circi
1468 1947 1582 1989 actus
1613 1949 1673 1988 est
1704 1946 1885 1989 medium

329 2022 381 2062 42
395 2014 524 2070 uirgis
555 2014 800 2057 dilaceratus
831 2015 872 2056 et
900 2014 1069 2069 flagris?
1115 2017 1155 2056 et
1185 2014 1283 2067 quid
1314 2027 1359 2056 ex
1390 2015 1464 2057 hoc
1494 2015 1600 2057 facto
1622 2015 1728 2056 labis
1748 2016 1886 2068 potuit
1898 2033 1929 2058 2⁵

392 2085 433 2126 et
463 2084 671 2126 foeditatis
702 2083 891 2134 ecfluere,
934 2084 1041 2136 quod
1079 2084 1151 2125 aut
1189 2083 1343 2125 circum
1378 2083 1529 2126 faceret
1569 2084 1704 2125 minus
1735 2097 1883 2138 purum

390 2154 463 2194 aut
483 2152 624 2194 Iouem
645 2152 982 2203 contaminatum,
1014 2163 1107 2193 cum
1127 2164 1198 2204 per
1228 2151 1373 2206 exigua
1392 2152 1613 2204 momenta,
1645 2164 1714 2205 per
1734 2154 1883 2206 puncta

387 2222 452 2262 tot
489 2221 532 2263 in
569 2221 663 2262 orbe
708 2221 960 2275 conspiceret
1005 2219 1123 2261 milia
1164 2220 1308 2262 mortis
1347 2221 1389 2262 in
1427 2221 1642 2274 generibus
1687 2221 1810 2262 uariis
1842 2223 1882 2263 et

391 2290 640 2332 cruciatibus
662 2289 829 2332 interire
850 2289 1056 2331 diuersis?
1086 2289 1192 2338 ante,
1225 2288 1371 2342 inquit,
1404 2290 1466 2331 est
1486 2290 1614 2339 actus,
1647 2288 1735 2331 ludi
1758 2302 1879 2342 quam

432 2472 453 2505 2
478 2472 565 2506 dicis
583 2471 657 2506 Sab
767 2471 788 2506 3
806 2470 1098 2514 profic*isceretur
1115 2470 1150 2504 P
1249 2470 1272 2504 4
1287 2470 1504 2515 replycantes
1521 2471 1557 2505 P
1658 2471 1679 2504 6
1698 2470 1877 2504 uoluisset>

387 2528 446 2563 sed
470 2539 526 2563 eos
552 2528 625 2563 Sab
774 2527 944 2572 gauderet
967 2527 1171 2562 Mem-sius:
1211 2526 1360 2570 gaudere
1385 2528 1420 2561 P
1573 2528 1592 2562 7
1618 2527 1705 2562 alios
1731 2526 1875 2570 debiles,

387 2585 545 2619 cruribus
577 2586 644 2620 Urs
781 2585 802 2619 9
826 2585 954 2619 mixtas
980 2584 1061 2625 Sab,
1087 2595 1126 2618 r.-
1161 2584 1271 2618 mixta
1295 2585 1331 2618 P
1466 2584 1648 2618 habuisset
1672 2584 1875 2618 Meursius:

386 2641 548 2676 habuisse
567 2643 601 2676 P
706 2642 747 2677 10
764 2642 883 2676 lautus
904 2641 990 2676 Gel:
1014 2641 1126 2675 laetus
1144 2641 1180 2674 P
1283 2641 1323 2674 11
1341 2640 1483 2675 duceret
1500 2640 1591 2676 Sab:
1609 2641 1732 2674 ducere
1752 2640 1787 2674 P

385 2698 430 2732 12
464 2699 603 2733 assidue
627 2701 658 2741 (e
681 2700 722 2733 in
745 2709 807 2733 ras
831 2701 873 2742 θ’)
899 2699 935 2733 Ρ
1082 2697 1125 2731 14
1154 2696 1357 2732 redditurus
1391 2698 1483 2732 Sab:
1521 2697 1721 2732 reddituros
1754 2698 1789 2731 P

385 2755 605 2789 exacerbatus
624 2756 709 2790 Gel:
733 2758 956 2790 exaceruatus
974 2755 1010 2789 P
1107 2768 1117 2781 ι
1148 2754 1190 2789 15
1207 2754 1298 2788 uices
1315 2754 1491 2789 Huetius:
1515 2754 1607 2795 uires
1625 2754 1660 2788 P
1751 2754 1795 2787 22
1818 2753 1872 2786 in-

384 2811 557 2856 prouabat
580 2813 617 2846 P
635 2823 717 2847 corr
741 2824 759 2847 c
917 2812 962 2846 23
990 2811 1052 2846 illo
1077 2811 1168 2846 Sab:
1200 2810 1280 2845 illos
1306 2812 1342 2845 P
1506 2810 1754 2855 pronuntiauit
1785 2809 1870 2844 θεῖ.-

383 2869 648 2913 praenuntiauit
665 2870 700 2904 P
812 2870 858 2904 24
881 2868 1062 2914 praesulae
1078 2868 1114 2901 P
1223 2867 1266 2901 26
1291 2867 1432 2902 effluere
1451 2868 1542 2902 Sab:
1566 2869 1601 2901 et
1625 2866 1730 2901 fluere
1747 2867 1782 2901 P

383 2938 426 2972 27
443 2937 570 2982 exigua
586 2936 677 2972 Sao.-
693 2927 819 2982 exigua
836 2938 872 2971 P
958 2939 1088 2981 puncta
1103 2936 1195 2972 Sao:
1212 2937 1337 2971 cuncta
1354 2937 1389 2971 P
1479 2937 1523 2971 29
1541 2936 1752 2971 crutiatibus
1771 2936 1806 2969 P
