2032 3248
308 1619 361 1656 39

376 270 460 310 214
1006 267 1248 312 Appendix.

375 374 522 422 uiuunt,
540 376 579 413 et
596 373 687 412 talis
700 373 876 412 conuenit
892 373 1124 412 sinceritatis
1142 386 1231 412 cura
1245 374 1406 413 sacratis
1425 374 1554 423 qualia
1570 377 1658 413 sunt
1674 386 1782 413 sacra
1798 376 1882 424 ipsa

377 444 514 492 quibus
537 443 717 481 exhibent
748 442 872 481 officia
903 443 1117 491 seruitutis,
1155 454 1202 482 ne
1234 443 1333 482 circa
1354 443 1557 482 Dominum
1588 445 1779 482 offendant
1808 444 1882 492 ipsi

377 513 476 561 quod
497 513 665 550 tractant
696 513 763 550 aut
794 513 894 551 circa
914 514 1094 561 populum
1124 512 1312 561 incipiant
1332 513 1505 561 inpedire
1526 514 1624 561 quod
1645 513 1879 561 praedicant.

375 582 533 629 propter
554 582 655 629 quod
676 581 821 619 Paulus
853 582 1047 630 apostolus
1080 582 1134 620 sic
1165 581 1395 620 testificatur
1433 583 1470 620 et
1491 581 1603 620 dicit:
1637 584 1682 620 et
1713 583 1881 630 omnia,

375 650 512 699 inquit,
545 650 865 698 sustinemus,
896 663 951 690 ne
983 653 1104 700 quod
1136 651 1521 700 inpedimentum
1553 651 1712 690 demus
1743 663 1881 690 euan-
1897 666 1917 690 5-

375 719 505 769 gelio
552 719 753 758 Christi.
807 722 845 758 et
889 720 1048 759 iterum:
1094 720 1278 758 nemini
1322 720 1495 758 dantes
1539 719 1689 758 ullam
1729 720 1882 758 offen-

376 789 582 836 sionem,
622 791 797 828 utnon
826 789 1143 837 uituperetur
1181 789 1515 827 ministerium
1545 791 1780 828 nostrum.
1812 791 1884 828 hac

375 858 496 906 igitur
511 858 753 897 institutione
770 859 879 898 uobis
897 871 1008 907 quam
1026 859 1230 907 plurimum
1253 859 1501 897 laborandum
1523 861 1580 897 est
1597 860 1641 897 de
1662 859 1723 906 iis,
1747 859 1884 907 quibus

376 929 425 966 ad
445 928 764 973 manifestandam
785 929 1016 977 grauitatem
1038 929 1289 977 singularitas
1306 929 1428 976 magis
1450 940 1563 976 quam
1580 928 1754 976 parilitas
1771 928 1883 966 testis

375 1009 466 1036 uera
487 998 557 1036 est.
581 997 761 1045 respicite
783 999 926 1045 quanta
946 997 1048 1035 mala
1071 997 1310 1036 conuersatio
1328 997 1539 1046 parilitatis
1556 998 1670 1035 huius
1691 998 1880 1046 adquirat,
1900 1009 1932 1033 ιο

376 1078 472 1115 quae
493 1078 568 1105 non
589 1066 665 1104 nisi
686 1067 967 1114 corruptionem
989 1067 1163 1114 seminat,
1196 1067 1362 1115 pullulat
1382 1066 1490 1114 uitia,
1524 1066 1771 1114 cupiditatem
1793 1078 1881 1106 con-

376 1135 482 1184 cipit,
505 1135 752 1184 ignominiam
773 1136 887 1184 parit,
929 1136 1074 1174 rabiem
1096 1136 1275 1182 concitat,
1313 1136 1476 1184 porrigit
1497 1136 1650 1182 furiam,
1687 1135 1884 1174 lasciuiam

374 1205 511 1252 pascit,
535 1204 789 1252 petulantiam
809 1205 944 1251 nutrit,
968 1217 1078 1243 casus
1094 1205 1249 1252 exaltat,
1272 1205 1402 1244 ruinas
1424 1205 1612 1252 aedificat,
1635 1204 1738 1252 ripas
1756 1205 1884 1253 erigit,

375 1274 601 1322 praecipitia
621 1274 791 1321 instruit,
820 1274 999 1322 periculis
1021 1274 1194 1323 nauigat,
1224 1274 1437 1323 naufragiis
1459 1274 1637 1321 uelificat,
1673 1273 1885 1321 perditione

376 1343 538 1391 gaudet,
571 1344 769 1382 interitum
801 1344 918 1392 fouet,
954 1344 1211 1382 confusionem
1244 1346 1455 1391 mercatur,
1487 1343 1720 1381 thesaurizat
1748 1354 1933 1391 oppro-15

374 1412 512 1460 brium,
535 1412 816 1451 criminationes
839 1414 1058 1461 exaggerat,
1081 1413 1342 1451 accusationes
1364 1407 1574 1450 inflammat
1595 1414 1633 1450 et
1663 1411 1884 1450 cateruatim

375 1482 491 1521 semel
526 1482 566 1519 in
601 1482 743 1521 fascem
779 1483 996 1530 glomerans
1028 1493 1248 1521 numerosas
1279 1482 1478 1530 indagines
1499 1481 1717 1530 captionum
1738 1493 1804 1529 per
1825 1482 1884 1519 in-

376 1550 488 1589 finita
508 1552 732 1589 dedecorum
760 1550 993 1599 multiplices
1015 1552 1157 1590 mortes
1179 1551 1327 1590 inuehit
1347 1551 1387 1588 in
1407 1551 1615 1599 perniciem
1635 1550 1883 1598 perditorum.

434 1620 505 1658 Tot
526 1621 654 1668 itaque
675 1623 712 1658 et
733 1621 861 1658 tantas
882 1622 1032 1668 strages
1055 1620 1286 1658 calamitatis
1308 1622 1346 1659 et
1366 1620 1553 1669 pessimae
1584 1619 1883 1659 conuersationis

376 1701 484 1728 nemo
505 1689 726 1738 prosternit,
758 1700 866 1728 nemo
889 1690 1024 1736 calcat,
1061 1701 1171 1728 nemo
1193 1690 1375 1736 funestat,
1397 1689 1472 1727 nisi
1494 1689 1701 1737 singularis
1723 1689 1881 1727 castitas
1896 1702 1932 1728 20

377 1758 460 1797 sola
481 1770 576 1806 quae
598 1758 806 1797 munimem
828 1758 1014 1797 inuictum
1050 1760 1109 1797 est
1145 1758 1417 1797 sanctimoniae
1449 1760 1487 1797 et
1519 1758 1748 1807 expugnatio
1770 1758 1883 1796 fortis

377 1827 569 1875 infamiae,
601 1828 840 1866 fortitudinis
861 1827 1022 1866 firmitas
1044 1829 1083 1865 et
1103 1828 1286 1866 lasciuiae
1307 1827 1518 1875 petulantis
1540 1827 1762 1874 infirmitas,
1794 1838 1882 1874 pro-

376 1896 511 1934 bitatis
532 1896 766 1945 praesidium
790 1898 827 1935 et
848 1896 1094 1945 inprobitatis
1117 1897 1317 1944 excidium,
1354 1897 1501 1935 animae
1537 1896 1698 1935 uictoria
1733 1897 1770 1934 et
1801 1908 1883 1935 cor-

376 1967 478 2015 poris
494 1967 647 2014 praeda,
670 1967 825 2005 ubertas
841 1967 1050 2015 gloriarum
1067 1968 1105 2004 et
1122 1966 1326 2014 captiuitas
1346 1966 1557 2013 criminum,
1580 1967 1750 2014 pronuba
1772 1977 1882 2004 sanc-

375 2035 502 2074 titatis
539 2037 577 2073 et
618 2035 817 2084 repudium
851 2034 1101 2083 turpitudinis
1116 2065 1125 2082 ,
1179 2035 1412 2073 sinceritatis
1448 2034 1629 2073 indicium
1660 2036 1697 2073 et
1728 2034 1883 2073 abolitio
1899 2050 1933 2076 25

378 2105 655 2151 scandalorum,
678 2104 901 2143 exercitium
923 2104 1179 2143 continentiae
1201 2105 1239 2142 et
1270 2104 1466 2142 euacuatio
1488 2106 1569 2142 tota
1590 2103 1773 2150 luxuriae,
1807 2115 1880 2151 pax

377 2184 510 2212 secura
530 2173 717 2212 uirtutum
739 2175 777 2212 et
799 2172 1002 2211 debellatio
1025 2172 1153 2221 quieta
1173 2172 1373 2220 bellorum,
1406 2172 1587 2221 puritatis
1609 2173 1754 2211 culmen
1776 2174 1814 2209 et
1834 2171 1882 2208 li-

376 2243 518 2281 bidinis
540 2255 680 2290 carcer,
702 2242 917 2282 honestatis
938 2243 1072 2290 portus
1095 2243 1133 2280 et
1154 2242 1384 2291 ignominiae
1405 2240 1641 2289 naufragalis
1662 2241 1779 2287 locus,
1802 2240 1883 2278 uir-

377 2312 553 2361 ginitatis
581 2314 703 2351 mater
725 2313 762 2350 et
782 2311 905 2350 hostis
926 2311 1190 2360 inmunditiae,
1228 2311 1347 2349 lorica
1369 2311 1523 2359 pudoris
1554 2312 1591 2349 et
1613 2310 1773 2358 spolium
1795 2320 1883 2356 pro-

467 2469 489 2504 4
514 2469 531 2503 1
557 2469 633 2505 Cor·
661 2470 692 2511 9,
719 2470 773 2504 12.
913 2470 934 2504 6
960 2469 998 2504 ΙΙ
1024 2469 1101 2505 Cor.
1127 2469 1159 2511 6,
1184 2469 1216 2504 3.

469 2608 488 2641 1
514 2607 600 2642 talis
626 2618 672 2642 ex
697 2608 779 2642 aliis
810 2607 840 2644 0
861 2619 906 2643 m.
931 2610 955 2643 2
1064 2618 1147 2642 cura
1171 2606 1388 2642 sinceritatis
1415 2618 1434 2641 v
1542 2598 1568 2640 2'
1588 2606 1771 2640 offendunt
1793 2606 1837 2641 0¹

376 2664 399 2699 4
424 2666 460 2699 et
484 2664 572 2699 dicit
597 2676 663 2700 om.
689 2677 709 2700 v
860 2669 896 2699 et
920 2676 987 2700 om.
1020 2665 1050 2700 Ο
1201 2665 1223 2699 8
1248 2665 1293 2699 iis
1320 2675 1385 2699 om.
1418 2664 1447 2699 C
1584 2665 1605 2698 9
1629 2664 1801 2709 paralitas
1827 2663 1883 2705 θ’,

376 2721 566 2766 pluralitas
592 2733 612 2757 v
791 2722 834 2757 10
858 2722 1064 2767 paralitatis
1096 2721 1139 2757 0¹
1319 2721 1363 2756 13
1386 2732 1414 2755 r.
1441 2721 1548 2765 erigit
1579 2721 1616 2762 G,
1642 2732 1668 2755 r.
1695 2720 1802 2765 eripit
1826 2719 1885 2754 uel

376 2778 519 2823 rapinas
544 2780 656 2823 exigit
681 2791 701 2814 v
857 2780 899 2814 19
924 2780 973 2824 et]
1001 2779 1058 2814 uel
1090 2779 1119 2815 O
1279 2780 1328 2824 et]
1354 2780 1389 2813 ct
1415 2780 1552 2822 strages
1579 2778 1609 2814 G
1760 2778 1802 2811 21
1829 2777 1882 2811 in-

376 2836 474 2870 uicta
500 2835 543 2871 C¹
705 2837 750 2871 24
775 2837 967 2880 captiuitas
999 2837 1037 2877 G,
1062 2836 1237 2870 sterilitas
1261 2836 1322 2870 uel
1346 2834 1526 2879 cupiditas
1552 2846 1572 2869 v
1734 2835 1778 2869 26
1802 2845 1882 2868 eua-

378 2892 512 2938 cuatio]
538 2893 679 2927 uacatio
712 2893 742 2928 G
878 2893 921 2927 27
947 2892 1109 2937 inquieta
1139 2893 1169 2929 Ο
1304 2893 1349 2927 29
1374 2892 1486 2927 lurica
1514 2892 1543 2928 C

2023 1627 2032 1974 Mon-<ffl.„xr*.,r„⁴w„
2030 1593 2032 1612 μ
2030 1564 2032 1569 Δ
2030 1468 2032 1550 ῌῌᾼῌ
