2032 3248
400 201 486 243 250
1036 197 1279 242 Appendix.

402 309 588 345 coctam
619 317 741 353 aqua
756 335 764 351 ‚
804 304 903 343 nisi
934 305 1168 350 assatam,
1208 305 1358 352 caput
1397 315 1496 341 cum
1526 304 1737 351 pedibus
1769 306 1815 341 et
1846 304 1913 341 in-

403 374 649 421 teraneis,
698 373 829 411 nihil
876 371 1242 421 derelinquetis
1289 383 1343 411 ex
1389 372 1458 410 eis
1489 372 1536 410 in
1581 384 1730 420 mane,
1777 374 1822 410 et
1865 384 1914 410 os

403 456 493 483 non
524 443 863 492 confringetis
893 443 948 481 ab
980 454 1051 482 eo:
1093 454 1211 491 quae
1251 445 1406 481 autem
1440 442 1689 481 derelicta
1718 442 1915 481 fuerint

404 514 456 551 de
488 524 539 551 eo
569 524 722 560 usqne
754 512 802 549 in
830 523 987 560 mane,
1031 511 1135 560 igni
1166 512 1514 550 cremabuntur
1546 512 1610 561 [ex
1648 512 1914 550 intestinis

404 583 508 620 01110
540 581 788 620 uorabitis
818 583 930 630 post
963 593 1094 619 suam
1124 580 1440 630 occisionem}
1480 581 1548 619 sic
1578 582 1733 619 autem
1764 592 1910 619 come·
1927 594 1941 619 5

406 651 533 689 detis
565 662 687 690 eum:
720 650 872 688 lumbi
901 650 1061 689 uestri
1092 649 1369 698 praecincti
1401 652 1446 688 et
1484 649 1677 698 caligae
1707 660 1762 688 ue
1777 652 1911 687 strae

402 720 449 757 in
494 720 703 767 pedibus
749 719 934 758 uestris
978 721 1024 757 et
1067 719 1243 758 bacula
1288 721 1455 757 uestra
1492 719 1540 756 in
1583 719 1807 757 manibus
1838 729 1912 756 ue-

401 788 545 835 stris,
597 790 644 827 et
689 788 853 827 edetis
899 799 1002 826 011111
1047 788 1376 827 festinanter:
1423 788 1620 829 Pascha
1666 789 1744 826 est
1789 787 1914 826 enim

400 858 432 896 D
443 869 463 896 0
473 858 532 896 mi
542 870 566 895 11
576 858 602 895 i.

362 926 386 963 2
460 927 660 975 Praecepit
696 926 816 975 igitur
837 926 940 965 Deus
977 937 1045 974 per
1065 927 1221 976 Moysen
1258 927 1459 966 uniuersae
1495 938 1709 976 synagogae
1745 926 1909 966 filiorum
1926 938 1961 963 10

404 997 524 1035 Israel
560 996 600 1034 in
634 1007 761 1035 mense
783 1007 894 1043 nouo,
933 996 997 1044 qui
1020 998 1079 1034 est
1099 996 1253 1034 initium
1273 996 1460 1034 mensium
1491 996 1635 1044 primus
1656 996 1696 1033 in
1717 996 1911 1035 mensibus

401 1066 504 1113 anni,
543 1065 583 1103 in
603 1076 675 1113 quo
696 1065 832 1103 habitu
854 1065 1008 1103 ederent
1029 1065 1179 1104 Pascha
1211 1066 1347 1113 quarta
1368 1065 1513 1104 decima
1532 1065 1635 1112 luna,
1672 1065 1721 1103 ad
1740 1066 1811 1103 hoc
1833 1065 1910 1102 uti-

401 1146 473 1183 que
494 1136 538 1172 ut
557 1136 595 1172 et
617 1146 723 1173 suam
745 1133 987 1173 diuinitatem
1009 1134 1250 1173 credentibus
1281 1134 1391 1173 nobis
1412 1134 1452 1171 in
1474 1134 1625 1173 Christo
1646 1133 1911 1172 manifestaret

399 1205 437 1242 et
472 1203 626 1242 illorum
661 1202 905 1241 latrocinium
942 1202 1018 1241 iam
1045 1205 1137 1241 tunc
1169 1203 1215 1241 ab
1238 1203 1348 1242 initio
1371 1203 1514 1242 saeculi
1535 1203 1815 1242 demonstraret
1832 1233 1840 1250 ‚
1874 1204 1912 1241 et

399 1273 464 1321 qui
499 1273 539 1311 in
567 1273 744 1322 Aegypto
781 1273 829 1311 ad
865 1284 1064 1321 uesperam
1085 1272 1124 1310 id
1160 1274 1218 1311 est
1239 1273 1280 1310 in
1316 1272 1526 1311 nouissima
1560 1271 1702 1311 saeculi
1737 1275 1908 1320 tempora
1927 1282 1958 1306 15

397 1342 608 1391 praecincti
635 1344 674 1380 et
710 1342 871 1381 calceati
900 1339 1087 1381 aduersus
1117 1353 1258 1390 agnum
1279 1342 1348 1380 Dei
1370 1341 1656 1380 immaculatum
1691 1342 1814 1390 prima
1850 1341 1909 1379 die

398 1423 613 1461 azymorum
635 1412 683 1449 ad
702 1423 902 1459 uesperam
924 1424 1008 1450 011111
1030 1411 1170 1460 gladiis
1192 1412 1230 1449 et
1259 1410 1428 1449 fustibus
1449 1410 1641 1458 exierunt,
1674 1412 1712 1449 et
1731 1411 1910 1449 uniuersa

399 1492 495 1528 quae
532 1481 579 1519 ab
616 1481 790 1519 omnibus
827 1480 1025 1529 prophetis
1061 1480 1257 1529 praedicta
1285 1479 1437 1519 fuerant
1458 1480 1497 1518 in
1519 1492 1603 1518 eum
1625 1479 1907 1518 commiserunt.

400 1552 437 1588 et
457 1549 541 1588 ideo
564 1550 628 1598 qui
649 1549 726 1588 iam
762 1561 837 1588 11011
875 1551 1082 1589 secundum
1118 1549 1322 1598 imaginem
1360 1549 1459 1588 sicut
1488 1548 1562 1597 illi,
1600 1550 1667 1588 sed
1699 1549 1904 1588 secundum

396 1619 599 1658 ueritatem
648 1618 688 1657 in
729 1619 1123 1658 commemorationem
1162 1618 1352 1667 passionis
1394 1618 1463 1656 filii
1498 1617 1568 1657 Dei
1603 1619 1753 1656 Pascha
1803 1618 1900 1656 cele·
1918 1624 1952 1650 20

396 1689 549 1728 bramus
561 1719 570 1737 ,
606 1689 705 1727 nihil
740 1689 846 1727 aliud
874 1688 1048 1737 inprimis
1084 1688 1159 1727 nisi
1196 1700 1363 1727 mensem
1398 1700 1538 1727 nouum
1569 1688 1653 1737 quis
1676 1687 1727 1726 sit
1748 1690 1786 1726 et
1806 1687 1904 1725 unde

394 1758 553 1806 incipiat
574 1760 612 1796 et
640 1758 706 1796 ubi
742 1758 850 1796 finiat
886 1758 981 1797 totis
1017 1758 1163 1797 uiribus
1195 1758 1282 1796 fidei
1312 1759 1468 1797 nostrae
1487 1757 1691 1806 diligenter
1712 1756 1904 1804 requirere

394 1828 584 1866 debemus,
607 1828 645 1866 et
661 1829 753 1866 tunc
769 1827 1028 1875 inueniemus,·
1041 1839 1110 1866 nec
1127 1829 1215 1866 ante
1231 1840 1300 1867 nec
1316 1829 1403 1876 post
1424 1827 1542 1865 XIIII
1557 1827 1687 1865 lunam
1708 1826 1902 1864 inuentam

394 1907 505 1944 posse
526 1897 573 1934 ab
595 1896 690 1945 ipsis
712 1897 865 1935 Iudaeis
886 1897 1037 1935 Pascha
1059 1897 1265 1936 obseruari.

361 1970 384 2007 3
458 1965 564 2011 Quod
599 1966 725 2013 ipsum
763 1966 915 2014 quidem
945 1966 1140 2005 euidenter
1166 1966 1323 2015 incipiet
1351 1966 1460 2005 nobis
1492 1966 1690 2005 ostendere
1713 1966 1844 2003 sancta
1866 1966 1904 2002 et
1920 1971 1952 1997 25

395 2034 526 2072 diuina
567 2034 754 2074 Geneseos
798 2035 987 2083 scriptura
1041 2035 1192 2074 dicens:
1241 2036 1290 2073 in
1335 2047 1359 2084 p
1369 2048 1388 2074 r
1399 2035 1529 2083 incip
1540 2035 1582 2073 io
1622 2034 1666 2073 fe
1678 2034 1745 2072 cit
1776 2033 1809 2070 D
1820 2046 1838 2072 e
1851 2046 1873 2071 u
1885 2045 1902 2071 0

396 2104 584 2142 caelum
624 2106 670 2142 et
708 2106 902 2143 terram.
943 2106 1077 2144 terra
1107 2107 1265 2143 autem
1297 2107 1401 2143 erat
1432 2103 1721 2143 inuisibilis
1759 2105 1804 2141 et
1835 2103 1902 2140 in-

398 2173 685 2221 composita,
718 2175 768 2211 et
797 2174 1032 2213 tenebrae
1063 2176 1201 2212 erant
1232 2186 1378 2222 super
1409 2175 1649 2222 abyssum,
1682 2175 1728 2211 et
1759 2172 1903 2221 spiri-

510 2296 531 2330 6
556 2296 642 2331 Gen.
669 2297 700 2338 1,
725 2296 827 2331 2—5.

485 2421 507 2456 3
532 2421 659 2456 relicta
684 2431 725 2457 cv
887 2423 911 2456 4
934 2423 971 2456 in
997 2432 1063 2457 om.
1090 2432 1107 2457 0
1277 2423 1360 2467 igne
1385 2433 1403 2457 0
1565 2432 1672 2456 ex...
1691 2421 1902 2456 occisionem

393 2488 462 2513 om.
488 2479 507 2512 b
648 2479 667 2513 7
693 2480 729 2513 et
753 2478 882 2514 bacula
906 2491 942 2515 u.
967 2479 991 2513 i.
1017 2490 1061 2513 m.
1088 2479 1221 2513 uestris
1246 2490 1312 2514 om.
1339 2490 1357 2515 0
1494 2480 1516 2513 8
1541 2489 1619 2513 011111
1643 2479 1672 2520 b,
1700 2478 1791 2513 illud
1817 2490 1857 2514 cv

393 2535 438 2570 12
463 2535 578 2571 adhuc
603 2547 620 2572 0
761 2537 804 2571 13
830 2538 873 2571 ut
897 2547 962 2572 om.
990 2548 1008 2572 0
1150 2537 1193 2572 14
1218 2537 1363 2572 illorum
1388 2538 1418 2581 b,
1445 2547 1565 2571 eorum
1591 2547 1631 2571 cv
1780 2538 1816 2571 et
1842 2537 1902 2580 qui

392 2593 418 2629 1.
444 2604 474 2627 a.
502 2604 534 2628 a.
559 2604 746 2639 uesperam
772 2604 837 2629 om.
864 2605 881 2629 0
1034 2595 1078 2629 15
1101 2596 1263 2638 tempora
1289 2605 1357 2630 om.
1384 2605 1402 2629 0
1558 2595 1601 2628 16
1626 2594 1812 2629 aduersum
1839 2605 1857 2628 0

392 2649 449 2684 (101
475 2661 608 2694 agnum
634 2662 674 2686 cv
877 2651 919 2685 17
944 2652 1109 2685 uniuersa
1134 2662 1202 2686 om.
1228 2662 1245 2686 0
1455 2652 1498 2686 18
1522 2652 1707 2696 prophetis
1734 2651 1790 2686 dei
1814 2661 1854 2686 01)

392 2706 599 2751 praedicata
623 2708 642 2741 b
783 2708 826 2742 19
852 2708 928 2753 (1111]
955 2709 1038 2753 quia
1063 2719 1081 2743 0
1220 2709 1295 2743 11110
1320 2710 1356 2743 et
1382 2710 1412 2750 b,
1437 2708 1536 2753 prius
1562 2720 1579 2744 0
1718 2708 1763 2744 20
1787 2708 1900 2753 passi·

394 2764 471 2798 onis
496 2774 562 2798 om.
587 2775 605 2799 0
713 2765 757 2799 21
784 2767 863 2809 (11110
896 2767 946 2807 W,
973 2776 1062 2810 quae
1086 2777 1115 2807 0,
1142 2766 1203 2810 (1111
1228 2766 1247 2800 b
1352 2766 1397 2800 23
1423 2767 1552 2810 quarta
1577 2766 1713 2800 decima
1736 2765 1821 2799 luna
1846 2764 1899 2797 in—

393 2822 501 2856 uenta
526 2821 545 2856 b
684 2822 729 2856 24
754 2822 939 2858 obseruare
963 2835 981 2859 0
1121 2824 1165 2858 25
1190 2823 1341 2868 incipiat
1365 2834 1405 2859 cv
