2032 3248
374 214 429 256 36
779 212 974 248 Arnobii
1004 213 1218 248 aduersus
1246 213 1458 249 nationes

374 341 502 381 neque
532 328 625 370 aliis
655 327 895 381 permittere
924 327 1073 370 talium
1102 331 1273 383 possunt
1303 341 1470 383 operum
1508 330 1748 382 potestates,
1784 330 1864 384 ipsi

373 397 528 439 faciant
558 398 598 439 et
629 410 722 439 cum
743 397 827 439 suis
853 397 1002 439 ritibus
1034 397 1200 449 faciant,
1233 399 1431 452 quidquid
1459 398 1636 441 malefici
1667 399 1864 453 graminis

372 466 581 507 nutricant
610 466 810 508 terrarum
838 466 964 516 sinus,
995 466 1194 520 quidquid
1224 466 1379 508 uirium
1411 467 1590 509 continet
1619 468 1770 509 fremor
1790 468 1863 509 1116

370 534 587 576 uerborum
618 536 738 588 atque
768 535 984 577 adiunctae
1015 535 1245 577 carminum
1275 535 1560 587 necessitates,
1591 548 1668 578 non
1701 536 1862 578 inuide-

368 617 473 656 mus,
507 606 706 657 adiciant,
751 618 830 648 non
861 605 1166 657 interdicimus,
1212 606 1432 661 colligant:
1480 607 1651 659 experiri
1687 606 1791 648 libet
1822 606 1862 647 et
1893 624 1908 649 5

368 687 666 730 recognoscere,
697 687 748 716 an
778 687 871 716 cum
902 674 987 717 suis
1019 675 1174 717 efficere
1195 675 1275 717 diis
1296 676 1466 729 possint,
1499 676 1605 729 quod
1626 675 1675 717 ab
1696 675 1861 717 rusticis

302 747 354 788 53
369 745 609 788 Christianis
639 744 889 787 iussionibus
920 743 1157 786 factitatum
1188 745 1250 786 est
1270 745 1405 788 nudis.
1447 745 1646 795 desistite,
1679 756 1701 784 o
1722 744 1860 795 nescii,

366 815 410 857 in
440 814 660 856 maledicta
691 813 924 855 conuertere
954 825 1017 854 res
1046 813 1185 854 tantas
1217 813 1323 854 nihil
1355 813 1391 855 ei
1429 814 1613 855 nocitura
1644 813 1713 866 qui
1749 813 1859 864 fecit,

365 884 594 938 periculum
630 882 817 924 adlatura
837 882 906 923 sed
932 881 1067 933 uobis,
1099 881 1327 935 periculum
1358 883 1526 936 inquam
1558 894 1637 924 non
1672 895 1858 936 paruum,

365 953 436 995 sed
465 953 508 994 in
539 952 658 994 rebus
690 951 861 1002 eximiis,
894 952 965 993 sed
994 951 1038 992 in
1058 952 1288 1006 praecipuis
1310 953 1595 1006 constitutum,
1638 952 1673 1009 si
1695 951 1858 1005 quidem
1872 971 1905 997 10

363 1035 427 1064 res
465 1022 601 1064 anima
644 1020 823 1074 pretiosa
860 1021 938 1071 est,
984 1032 1057 1061 nec
1086 1020 1174 1074 ipso
1205 1033 1247 1062 se
1277 1021 1434 1063 homini
1473 1021 1691 1074 quicquam
1721 1021 1857 1074 potest

364 1090 495 1133 carius
525 1088 711 1132 inueniri.
762 1089 868 1130 nihil
915 1090 962 1131 ut
1006 1089 1155 1131 remini
1202 1090 1429 1143 magicum,
1467 1091 1571 1132 nihil
1615 1091 1854 1140 humanum,

362 1160 678 1214 praestigiosum
710 1159 782 1200 aut
812 1158 1049 1210 subdolum,
1088 1159 1193 1200 nihil
1225 1158 1379 1201 fraudis
1410 1160 1577 1201 delituit
1607 1160 1650 1201 in
1680 1159 1853 1209 Christo,

362 1229 579 1271 derideatis
616 1229 714 1271 licet
752 1240 798 1269 ex
834 1240 946 1269 more
983 1229 1105 1281 atque
1144 1228 1187 1270 in
1226 1229 1441 1271 lasciuiam
1472 1228 1757 1271 dissoluamini
1788 1240 1854 1268 ca-

361 1298 612 1340 chinnorum.
664 1298 762 1339 deus
807 1297 880 1339 ille
924 1297 1113 1338 sublimis
1151 1298 1250 1349 fuit,
1297 1297 1394 1340 deus
1433 1297 1566 1340 radice
1604 1298 1653 1338 ab
1693 1296 1852 1349 intima,
1869 1315 1900 1339 15

265 1373 346 1408 f.21
360 1366 459 1409 deus
490 1367 540 1409 ab
569 1366 789 1421 incognitis
826 1365 830 1421 Ι
865 1366 999 1421 regnis
1029 1366 1070 1408 et
1100 1366 1150 1408 ab
1182 1366 1366 1408 omnium
1395 1367 1578 1420 principe
1622 1367 1696 1408 deo
1727 1365 1856 1418 sospi-

358 1437 469 1479 tator
500 1437 561 1478 est
590 1436 755 1488 missus,
788 1448 909 1488 quem
940 1448 1069 1488 neque
1100 1436 1161 1477 sol
1190 1435 1278 1489 ipse
1307 1448 1436 1488 neque
1467 1436 1564 1487 ulla,
1597 1435 1632 1476 si
1654 1436 1851 1486 sentiunt,

358 1505 512 1556 sidera,
556 1516 637 1546 non
678 1505 873 1555 rectores,
921 1517 1001 1546 non
1039 1504 1241 1557 principes
1271 1505 1434 1558 mundi,
1481 1517 1561 1546 non
1592 1505 1763 1558 denique
1794 1505 1852 1546 dii

356 1574 511 1630 magni,
543 1574 616 1615 aut
645 1573 715 1626 qui
745 1572 943 1626 fingentes
973 1584 1015 1614 se
1047 1572 1140 1615 deos
1171 1586 1300 1627 genus
1330 1585 1447 1615 omne
1467 1573 1706 1615 mortalium
1727 1574 1851 1615 terri-

356 1643 467 1694 tant,
505 1642 612 1684 unde
642 1642 713 1684 aut
743 1641 813 1695 qui
851 1641 976 1683 fuerit
1005 1643 1227 1695 potuerunt
1256 1654 1418 1684 noscere
1447 1643 1515 1683 uel
1546 1642 1763 1696 suspicari:
1811 1642 1852 1684 et
1864 1658 1897 1683 20

355 1712 514 1754 merito.
562 1712 705 1754 exutus
736 1711 780 1753 at
817 1723 1002 1764 corpore,
1044 1711 1151 1764 quod
1182 1712 1225 1753 in
1256 1712 1401 1766 exigua
1438 1712 1502 1753 sui
1541 1711 1851 1753 circumferebat

355 1782 489 1835 parte,
528 1782 747 1834 postquam
777 1780 907 1821 uideri
938 1792 980 1822 se
1009 1793 1152 1834 passus
1184 1782 1264 1831 est,
1303 1781 1418 1823 cuius
1450 1782 1555 1823 esset
1586 1782 1659 1823 aut
1687 1780 1852 1835 magni-

354 1850 511 1892 tudinis
558 1849 674 1898 sciri,
720 1849 904 1890 nouitate
948 1862 1085 1891 rerum
1129 1849 1319 1891 exterrita
1359 1850 1550 1891 uniuersa
1580 1850 1723 1891 mundi
1754 1850 1850 1891 sunt

354 1919 556 1961 elementa
587 1918 771 1969 turbata,
808 1918 936 1959 tellus
966 1920 1079 1960 mota
1109 1918 1375 1969 contremuit,
1416 1932 1528 1960 mare
1566 1919 1754 1960 funditus
1784 1931 1847 1961 re-

354 1988 492 2029 fusum
523 1988 603 2038 est,
648 1999 716 2028 aer
745 1986 880 2041 globis
911 1987 1123 2028 inuolutus
1154 1988 1217 2029 est
1246 1988 1526 2040 tenebrarum,
1564 1988 1707 2042 igneus
1738 1987 1845 2029 orbis
1861 2005 1892 2031 25

354 2056 452 2098 solis
491 2056 690 2109 tepefacto
730 2056 870 2097 ardore
907 2056 1099 2111 deriguit.
1152 2057 1250 2110 quid
1289 2056 1397 2098 enim
1428 2057 1612 2098 restabat
1641 2057 1687 2098 ut
1717 2056 1844 2108 fieret,

352 2126 569 2179 postquam
600 2126 698 2166 deus
731 2126 793 2167 est
823 2125 1009 2179 cognitus
1039 2125 1088 2176 is,
1121 2126 1190 2179 qui
1222 2138 1309 2167 esse
1339 2126 1582 2168 iamdudum
1611 2139 1715 2167 unus
1736 2125 1845 2167 iudi—

287 2193 338 2233 54
353 2194 523 2236 cabatur
545 2208 565 2235 e
586 2194 733 2236 nobis?
779 2194 849 2235 sed
881 2206 957 2235 non
991 2194 1157 2236 creditis
1189 2196 1305 2248 gesta
1334 2195 1443 2236 haec.
1492 2197 1559 2236 sed
1586 2195 1656 2247 qui
1686 2207 1731 2236 ea
1752 2206 1843 2235 con-

351 2263 496 2316 spicati
527 2263 623 2304 sunt
653 2262 741 2304 fieri
773 2265 812 2303 et
844 2263 919 2304 sub
951 2263 1080 2305 oculis
1104 2263 1188 2305 suis
1220 2264 1415 2305 uiderunt
1436 2264 1515 2318 agi,
1547 2264 1674 2305 testes
1697 2263 1843 2316 optimi

352 2331 651 2384 certissimique
696 2332 902 2382 auctores,
950 2333 990 2373 et
1028 2332 1286 2374 crediderunt
1323 2333 1421 2374 haec
1459 2333 1536 2386 ipsi
1577 2333 1617 2374 et
1647 2333 1842 2374 credenda
1856 2352 1889 2378 30

350 2400 524 2455 posteris
554 2400 669 2442 nobis
699 2400 808 2442 haud
846 2401 1020 2443 exilibus
1051 2414 1145 2443 cum
1177 2401 1536 2455 adprobationibus
1568 2400 1839 2442 tradiderunt.

393 2558 415 2592 3
439 2558 570 2592 uirium
597 2558 689 2593 Sab:
728 2558 845 2592 uirum
871 2559 908 2593 P
1090 2560 1244 2594 fraemor
1270 2560 1306 2594 P
1489 2560 1510 2593 5
1535 2570 1552 2593 c
1575 2570 1613 2593 re
1638 2570 1840 2604 cognoscere

348 2615 529 2650 Meursz’us
697 2615 718 2649 9
742 2616 927 2660 paruulum
953 2616 1024 2651 Sab
1195 2616 1238 2651 ]O
1262 2617 1398 2651 eximiis
1426 2617 1517 2652 Sab:
1552 2617 1688 2661 exiguis
1714 2618 1750 2652 P

348 2672 390 2706 11
416 2673 594 2716 praeciosa
618 2675 651 2707 P
832 2673 875 2707 13
900 2673 1045 2707 delituit
1068 2673 1276 2708 Heraldus:
1316 2674 1428 2708 delitu
1454 2674 1489 2708 P
1528 2673 1649 2708 delicti
1674 2674 1747 2709 Sab

347 2729 392 2763 14
415 2729 597 2764 lasciuiam
615 2730 705 2764 Sab:
737 2730 905 2764 asciuiam
924 2731 958 2763 P
1073 2731 1113 2765 16
1139 2730 1200 2765 (160
1218 2731 1390 2766 Zinkius:
1415 2731 1500 2765 deus
1519 2731 1554 2765 P
1668 2732 1710 2765 17
1736 2742 1836 2776 quem

345 2797 457 2831 ‘neque
476 2787 510 2821 P
653 2787 695 2821 21
721 2789 759 2821 at
783 2787 901 2822 Salm:
925 2798 945 2821 a
962 2788 998 2822 P
1146 2788 1190 2821 22
1215 2790 1294 2822 *aut
1311 2789 1347 2823 P
1493 2788 1537 2822 23
1563 2789 1650 2823 scire
1676 2789 1747 2823 Sala

345 2844 391 2879 30
415 2844 693 2888 certissimiquae
711 2845 746 2879 P
769 2855 849 2879 corr
986 2845 1030 2879 31
1055 2844 1144 2878 haut
1167 2845 1202 2879 P
1226 2855 1305 2880 corr
