2032 3248
778 170 804 204 L
817 171 824 203 i
837 171 908 205 ber
940 170 1016 204 vn.
1556 176 1634 217 247

153 284 321 333 lumina,
354 297 474 336 quem
507 283 741 326 restrictum
772 297 851 326 non
883 285 1043 327 animus
1074 285 1144 327 sed
1175 285 1391 328 familiaris
1420 288 1476 329 rei
1500 301 1636 331 116663-

153 352 254 393 31163
296 352 421 393 fecit?
466 352 536 393 ubi
575 353 683 394 enim
722 353 878 394 uenalis
910 356 950 394 et
981 355 1279 397 mercennarius
1318 356 1436 396 dator
1466 357 1544 407 est,
1577 357 1631 397 ibi

153 432 312 462 necesse
343 421 405 461 est
435 420 613 473 gratiam
644 432 714 473 pro
746 421 1028 474 magnitudine
1059 423 1237 464 muneris
1267 423 1393 464 tribui
1424 425 1465 465 et
1497 436 1540 466 eo
1572 425 1633 465 in-

154 489 304 530 clinare
343 488 608 543 suffragium,
649 489 757 530 unde
786 490 837 531 ad
871 502 964 531 eum
1002 491 1069 543 qui
1100 491 1279 544 praestat
1317 493 1511 533 mercedis
1541 493 1633 545 plus

125 575 138 598 ⁵
153 557 284 598 multo
306 557 345 598 et
365 556 573 598 indecorae
596 558 865 610 corruptionis
887 557 1114 600 adfluxerit.
1139 560 1263 612 quid?
1286 560 1319 601 si
1337 562 1475 614 populi
1497 574 1634 603 rursus

154 625 231 667 duo
262 625 481 667 hostilibus
518 625 761 667 dissidentes
798 626 923 668 armis
963 627 1172 669 sacrificiis
1204 628 1370 680 paribus
1400 641 1632 681 superorum

153 694 495 747 locupletauerint
534 706 625 735 aras
665 694 847 747 alterque
885 695 927 736 in
966 695 1142 736 alterum
1181 696 1386 748 postulent
1418 698 1524 739 uires
1556 699 1631 739 sibi

156 765 276 817 atque
307 763 504 804 auxilium
537 763 807 805 commodari:
840 776 969 805 nonne
1000 764 1147 805 iterum
1178 777 1334 806 necesse
1366 766 1425 807 est
1448 767 1566 817 credi,
1598 768 1632 808 si

154 831 346 885 praemiis
391 830 666 872 sollicitantur
704 833 751 873 ut
789 832 960 884 prosint,
1009 844 1073 874 603
1118 836 1253 886 partes
1298 834 1401 875 inter
1442 836 1633 887 utrasque

110 914 142 938 ιο
156 899 298 942 debere
334 900 554 951 haesitare,
600 900 719 954 defigi
768 913 841 942 nec
878 901 1053 955 reperire
1084 901 1181 954 quid
1212 901 1381 955 faciant,
1421 916 1513 944 cum
1543 915 1635 945 suas

84 964 90 966 ’
155 968 396 1022 intellegant
426 968 582 1022 gratias
612 981 818 1010 sacrorum
840 969 1139 1022 acceptionibus
1166 970 1400 1024 obligatas?
1431 972 1502 1012 aut
1523 971 1633 1013 enim

155 1037 306 1078 auxilia
351 1037 446 1078 hinc
486 1039 526 1079 et
563 1037 656 1079 inde
700 1038 984 1091 praestabunt,
1029 1038 1071 1079 id
1110 1040 1215 1092 quod
1254 1038 1339 1080 fieri
1378 1051 1455 1080 non
1485 1040 1635 1092 potest;

156 1105 396 1159 pugnabunt
427 1105 535 1147 enim
566 1107 704 1147 contra
726 1106 833 1160 ipsos
855 1119 896 1148 se
918 1107 1010 1161 ipsi,
1044 1107 1183 1148 contra
1204 1120 1296 1148 suas
1318 1108 1471 1160 gratias
1493 1107 1635 1149 uolun-

120 1224 125 1229 ,
156 1177 343 1227 tatesque
380 1175 582 1217 nitentur:
629 1176 701 1216 aut
739 1175 935 1217 ambobus
971 1176 1133 1229 populis
1172 1188 1288 1228 opem
1328 1175 1638 1218 subministrare

110 1258 141 1282 15
157 1243 395 1289 cessabunt:
428 1244 470 1284 id
502 1243 608 1296 quod
639 1244 800 1285 sceleris
829 1245 967 1298 magni
989 1246 1050 1286 631
1070 1246 1161 1297 post
1183 1245 1391 1296 inpensam
1412 1246 1639 1297 acceptam-

157 1325 233 1365 que
264 1312 502 1353 mercedem.
550 1311 688 1365 itaque
719 1323 811 1366 ergo
843 1312 893 1353 ab
926 1312 1004 1353 diis
1033 1313 1150 1367 longe
1172 1312 1342 1354 infamia
1372 1314 1432 1353 est
1453 1312 1532 1354 ista
1552 1314 1639 1354 tota

156 1381 343 1433 pellenda
372 1393 499 1433 neque
531 1383 591 1422 est
623 1382 785 1422 omnino
817 1380 1034 1422 dicendum
1064 1381 1256 1434 praemiis
1287 1392 1351 1422 eos
1373 1394 1419 1422 ac
1441 1380 1638 1422 mercedi-

156 1451 231 1492 bus
261 1450 383 1499 allici‚
414 1449 541 1491 bonas
572 1450 619 1490 ut
650 1462 712 1491 res
751 1449 960 1491 conferant
991 1450 1304 1503 dimoueantque
1343 1449 1575 1498 contrarias,
1607 1448 1639 1490 si

157 1518 275 1560 modo
306 1518 364 1559 dii
395 1517 481 1559 11611
513 1518 610 1559 311111
640 1519 760 1571 atque
791 1519 834 1559 in
862 1518 1040 1560 nominis
1062 1519 1181 1559 huius
1204 1518 1432 1570 exceptione
1453 1516 1640 1570 ponendi.

110 1586 168 1641 201
203 1589 275 1628 aut
320 1586 428 1628 enim
474 1585 557 1626 1610
604 1585 708 1627 1111111
753 1599 1030 1639 quaecumque
1075 1586 1197 1637 fiunt,
1243 1587 1283 1628 et
1328 1585 1563 1627 ambitionis
1602 1586 1641 1626 et
1658 1592 1677 1623 f.
1699 1591 1778 1624 140⁵

158 1655 316 1710 gratiae
351 1654 496 1708 nullus
533 1656 645 1697 locus
676 1655 718 1696 in
758 1655 837 1696 diis
880 1655 960 1697 est:
1007 1658 1077 1696 aut
1108 1655 1142 1695 si
1175 1655 1401 1696 excluditur
1431 1655 1470 1695 61
1501 1654 1645 1695 61611111

158 1724 310 1773 fatum,
342 1737 420 1766 non
451 1725 512 1766 est
543 1737 711 1778 superae
742 1724 955 1778 dignitatis
986 1723 1083 1765 boni
1115 1723 1246 1776 operis
1278 1723 1433 1764 fauores
1470 1723 1511 1763 et
1549 1735 1642 1764 con·

156 1793 262 1834 latas
315 1792 614 1834 munificentias
659 1793 879 1834 uenditare.
945 1793 1046 1834 satis
1099 1794 1145 1833 ut
1196 1792 1336 1844 opinor
1387 1790 1637 1832 ostendimus
1658 1791 1707 1830 13

157 1860 310 1901 11113116
355 1861 433 1901 diis
478 1861 780 1902 immortalibus
819 1860 973 1902 hostias
1012 1861 1131 1901 rebus
1171 1873 1263 1902 cum
1301 1859 1640 1911 consequentibus

111 1942 143 1967 25
158 1928 386 1979 admoueri,
418 1929 523 1981 quod
553 1941 680 1981 neque
711 1930 874 1970 alantur
903 1929 968 1969 his
1000 1941 1126 1981 neque
1158 1928 1285 1969 ullam
1316 1926 1540 1980 percipiant
1571 1938 1642 1966 uo-

158 1996 373 2051 luptatem,
406 2010 532 2050 neque
554 1998 600 2038 ut
622 1997 701 2038 iras
723 1998 793 2038 aut
815 1997 967 2038 animos
989 1997 1138 2049 ponant
1159 2009 1286 2048 neque
1307 1996 1353 2036 ut
1375 2008 1436 2036 res
1460 1994 1643 2035 tribuant

160 2064 313 2106 faustas
351 2077 478 2118 neque
510 2066 556 2106 ut
586 2065 754 2118 abigant
793 2067 1139 2117 auerruncentque
1178 2064 1411 2105 contrarias
1460 2062 1644 2116 sequitur

158 2134 206 2174 ut
236 2132 353 2174 illam
391 2146 548 2185 quoque
590 2133 855 2186 inspiciamus
895 2135 1054 2186 partem
1093 2145 1194 2185 quae
1234 2134 1282 2174 ab
1314 2131 1521 2172 nonnullis
1553 2144 1643 2172 con-

161 2201 275 2242 sueta
307 2203 369 2242 est
402 2201 532 2242 adseri
565 2203 604 2242 et
627 2202 758 2243 causis
781 2201 1131 2242 caerimonialibus
1159 2200 1369 2254 adplicari.
1401 2200 1515 2242 aiunt
1538 2200 1640 2241 enim

114 2282 147 2307 30
161 2281 273 2310 sacra
316 2269 414 2310 haec
458 2269 703 2311 honorandis
742 2282 827 2311 esse
866 2269 1061 2310 instituta
1092 2268 1351 2315 caelestibus,
1395 2270 1435 2309 et
1466 2280 1511 2308 ea
1540 2268 1642 2320 quod

161 2337 329 2390 faciant,
361 2338 523 2378 honoris
555 2350 647 2391 ergo
671 2337 799 2379 facere
829 2340 867 2379 et
889 2338 952 2378 his
975 2337 1185 2378 numinum
1210 2337 1411 2390 potentias
1434 2336 1645 2377 auctitare.

208 2553 228 2586 ἶ)
254 2552 432 2586 indecorae
459 2552 530 2585 Sab
555 2553 594 2585 in
619 2563 695 2586 err:
722 2551 879 2585 indecore
905 2552 939 2584 P
1086 2552 1106 2584 9
1133 2552 1277 2593 utraque
1305 2551 1338 2584 P
1362 2560 1441 2584 corr
1468 2561 1496 2583 m
1525 2550 1560 2583 al

163 2609 205 2643 15
237 2609 420 2642 cessebunt
444 2609 479 2642 P
502 2619 584 2642 corr
728 2609 768 2642 19
794 2608 990 2651 acceptione
1022 2608 1088 2641 Urs
1233 2608 1276 2640 22
1301 2607 1437 2640 fauor-es
1462 2609 1496 2639 et
1522 2606 1651 2640 Hilde-

162 2665 358 2699 mamlius.-
395 2665 512 2699 fabore
550 2665 584 2707 (b
616 2665 654 2698 in
687 2676 707 2698 u
733 2676 814 2699 corr
838 2676 872 2698 m
895 2675 912 2698 s
942 2664 1027 2705 XV)
1065 2664 1123 2698 sed
1156 2664 1188 2697 P
1228 2664 1381 2698 fauorem
1418 2666 1453 2697 et
1491 2664 1561 2698 Sao

163 2723 206 2756 23
239 2723 434 2757 uendhtare
469 2724 502 2757 P
677 2724 720 2756 26
755 2726 793 2756 ut
826 2723 895 2756 iras
928 2723 1074 2765 scripsi:
1112 2723 1180 2756 iras
1208 2723 1242 2755 P
1415 2722 1456 2755 ⁸27
1483 2721 1647 2755 6116111111-

164 2782 310 2823 centque
336 2781 370 2813 P
507 2781 550 2813 28
576 2790 639 2822 que
667 2780 701 2813 P
