2032 3248
3 905 18 3166 Q——mw-*m—-m——
12 886 18 897 -
12 868 17 876 .
13 717 18 798 .—„.
13 695 17 709 ..
13 670 17 683 ..

520 211 576 245 De
603 210 935 255 singularitate
961 210 1229 244 clericorum
1256 221 1281 245 c.
1310 210 1457 245 25-27.
1661 216 1743 256 203

228 318 516 356 nescierunt
558 319 861 356 sacramenta
897 317 994 355 Dei.
1037 318 1223 355 Iohannes
1266 319 1392 355 autem
1413 319 1571 355 matrem
1593 318 1744 356 Domini

229 387 441 434 suscepisse
464 387 625 424 uidetur.
651 388 717 425 sed
739 388 898 425 matrem
920 387 1025 424 cuius
1047 398 1171 424 mores
1192 388 1406 424 maternum
1430 386 1574 425 indicat
1595 399 1742 426 nomen.

227 458 355 495 tamen
391 467 465 494 non
487 467 639 504 possum
662 458 699 494 et
721 456 816 494 alias
840 455 982 493 Christi
1019 458 1160 494 matres
1193 455 1408 503 admittere,
1445 468 1512 494 nec
1549 456 1746 504 aequanda

229 528 287 564 est
327 526 548 564 mulieribus
589 526 735 563 cunctis
784 536 879 575 quae
933 525 1066 573 genuit
1113 525 1364 563 maiestatem.
1418 525 1551 563 Helias
1596 535 1745 573 quoque

199 595 354 634 5iussus
390 596 448 633 est
484 606 506 632 a
527 595 686 633 Domino
708 595 920 642 relinquere
953 594 1196 633 solitudinem
1219 596 1257 632 et
1279 594 1427 642 ingredi
1458 595 1744 632 tabernaculum

226 664 376 702 uiduae.
400 675 468 712 pro
489 664 646 712 imperio
669 664 819 702 Domini
841 664 1032 702 laborauit
1053 666 1095 702 ut
1115 663 1155 701 in
1177 665 1284 702 domo
1307 664 1534 710 mansisset,
1566 664 1626 701 cui
1648 663 1740 702 soli-

225 735 316 772 tudo
338 734 522 782 palatium
543 734 765 781 praestabat
787 733 835 771 ad
856 733 1047 781 requiem:
1072 734 1304 772 occasionem
1321 732 1379 770 illi
1397 733 1580 770 Dominus
1603 732 1743 770 obtulit

225 803 272 841 ad
293 802 485 851 magnalia
505 803 697 849 facienda,
734 804 777 840 ut
797 802 910 840 famis
932 804 1101 850 tempore
1122 802 1243 851 magis
1275 802 1349 850 ipsi
1370 803 1449 840 tam
1470 801 1607 841 uiduae
1629 814 1742 850 quam

224 872 382 920 pupillis
400 873 480 911 eius
505 871 734 910 sufficientia
751 871 937 910 tribueret
958 872 1150 919 alimenta,
1184 872 1249 919 qui
1270 872 1420 910 ieiuniis
1452 883 1571 919 usque
1595 882 1741 919 quaque

177 956 211 981 ιο
224 941 400 980 adflictus
422 941 653 980 tolerauerat
673 941 925 989 indigentiam
947 943 984 979 et
1007 942 1072 989 qui
1108 941 1247 979 missus
1270 943 1427 980 uenerat
1448 941 1574 989 pasci,
1607 942 1742 989 pastus

224 1011 317 1058 quin
338 1011 452 1049 immo
474 1011 671 1049 conferens
708 1011 857 1049 miseris
893 1011 1068 1049 miserias
1102 1011 1285 1058 egestatis
1316 1010 1408 1049 fecit
1429 1010 1589 1048 excludi.
1612 1011 1650 1049 et
1672 1011 1744 1049 hoo

223 1092 298 1119 non
318 1082 446 1128 potest
467 1081 689 1128 cuiusquam
707 1080 835 1119 fauere
859 1081 1044 1127 fluxurae,
1085 1091 1169 1118 cum
1189 1080 1298 1119 nulla
1329 1080 1445 1118 fuerit
1476 1079 1741 1128 opportunitas

223 1150 406 1198 scandali,
444 1151 509 1188 ubi
529 1152 772 1189 transeunter
801 1152 900 1198 quod
931 1151 1039 1199 peius
1075 1153 1134 1189 est
1170 1153 1384 1199 egestosam
1423 1150 1557 1189 habuit
1594 1150 1739 1188 mansi—

223 1231 332 1258 onem
354 1232 466 1268 quam
490 1219 714 1268 quicumque
736 1221 874 1268 hospes
897 1220 1093 1268 effugeret.
1131 1222 1170 1258 at
1201 1219 1263 1259 hic
1285 1221 1385 1268 apud
1407 1231 1501 1268 quos
1523 1221 1741 1267 hospitatus

183 1291 283 1329 15est
303 1289 479 1337 impleuit
490 1289 663 1336 etrediit,
687 1289 751 1337 qui
773 1289 923 1327 etiamsi
939 1291 1162 1336 moraretur,
1187 1291 1386 1337 suspectus
1404 1300 1486 1327 esse
1508 1301 1583 1327 non
1599 1289 1741 1337 potuit.

221 1358 345 1407 qualis
367 1358 448 1397 illic
470 1358 543 1396 fuit
565 1358 847 1397 communitatis
870 1358 1043 1396 adfectus
1059 1389 1067 1405 ,
1099 1359 1165 1397 ubi
1186 1370 1260 1397 non
1283 1361 1365 1396 erat
1386 1358 1510 1396 uictus
1526 1361 1544 1396 ⁴?
1587 1360 1624 1397 et
1647 1370 1741 1407 qua—

219 1428 294 1467 lem
317 1428 365 1465 ad
389 1427 542 1465 uiduam
565 1427 701 1465 habuit
723 1427 857 1465 Helias
879 1427 1078 1465 introitum
1116 1427 1176 1465 cui
1207 1427 1326 1466 fames
1362 1428 1468 1465 dedit
1503 1427 1740 1475 hospitium?

220 1497 395 1546 quisquis
431 1508 471 1535 es
512 1497 577 1544 qui
618 1499 655 1535 te
686 1496 745 1535 uis
767 1496 902 1535 Heliae
925 1497 970 1535 de
991 1497 1285 1536 commoratione
1307 1497 1443 1535 uiduae
1474 1497 1600 1535 uocari
1623 1497 1740 1536 disci—

221 1567 374 1616 pulum,
409 1566 515 1615 prius
539 1566 759 1605 solitudinis
781 1567 1010 1605 afflictiones
1033 1569 1069 1605 et
1092 1567 1345 1616 quadraginta
1377 1567 1522 1605 dierum
1542 1567 1665 1605 tolera
1685 1567 1739 1605 ie-

178 1651 212 1677 20
226 1637 339 1676 iunus
376 1637 532 1684 exitum,
567 1638 606 1675 et
642 1639 708 1675 aut
744 1649 818 1675 non
855 1648 1014 1685 quaeres
1052 1636 1231 1675 feminam
1267 1638 1333 1675 aut
1366 1648 1440 1674 non
1476 1636 1548 1674 erit
1570 1637 1634 1684 qui
1656 1647 1741 1674 cum

221 1706 361 1744 femina
397 1708 659 1753 commoretur,
682 1708 720 1744 et
755 1708 885 1744 tamen
922 1706 955 1744 si
975 1706 1142 1744 ualueris
1163 1706 1236 1744 tibi
1258 1717 1380 1744 serua.
1419 1705 1529 1744 nobis
1553 1708 1679 1744 autem
1701 1705 1740 1743 in

222 1775 361 1824 spiritu
383 1777 420 1814 et
441 1775 585 1813 uirtute
607 1775 743 1814 Heliae
765 1787 839 1814 non
861 1775 978 1814 alium
1001 1787 1113 1823 quam
1135 1776 1341 1814 Iohannem
1365 1776 1486 1813 solum
1517 1776 1677 1823 angelus
1701 1777 1738 1814 et

221 1844 405 1883 Dominus
430 1845 605 1883 Christus
628 1845 810 1883 insinuat.

277 1926 351 1964 Pro
374 1926 481 1964 nefas
504 1926 630 1965 dolere
653 1926 823 1974 cogimur
845 1927 944 1974 quod
968 1926 1155 1974 docemus,
1178 1927 1242 1975 qui
1267 1938 1383 1974 usque
1407 1927 1455 1965 ad
1476 1927 1545 1965 hoc
1563 1927 1737 1965 uenimus
1754 1928 1807 1965 27

172 2009 204 2035 25
219 1997 262 2033 ut
283 1995 322 2033 in
358 1995 637 2043 comparatione
673 1996 857 2033 fluxorum
879 1997 924 2034 de
949 1998 1163 2034 sanctorum
1186 1996 1393 2034 tremendis
1416 1996 1623 2035 uirtutibus
1656 1996 1737 2034 dis-

218 2066 408 2113 putemus.
444 2076 555 2112 parce
577 2064 653 2102 iam
676 2076 800 2112 parce,
824 2065 1068 2113 proteruitas.
1111 2077 1317 2114 numquam
1340 2065 1412 2103 tibi
1435 2066 1557 2104 sancti
1578 2076 1736 2104 consen-

217 2133 319 2171 tiunt
333 2134 397 2182 qui
410 2133 588 2182 religiosa
600 2136 771 2172 modesta
792 2135 1007 2172 ueneranda
1027 2135 1164 2183 pudica
1185 2135 1371 2183 pudorata
1392 2147 1476 2172 cum
1497 2134 1648 2173 feminis
1669 2145 1737 2172 ne-

218 2204 323 2253 gotia
345 2206 586 2252 peregerunt.
609 2207 674 2242 aut
696 2206 729 2243 si
750 2205 872 2243 adhuc
893 2217 960 2253 per
979 2207 1129 2244 sanctos
1148 2206 1404 2243 cauillationis
1421 2205 1628 2243 amfractus
1647 2216 1736 2243 con-

222 2274 348 2312 tendis
370 2274 578 2322 exquirere,
596 2286 664 2313 nos
686 2277 813 2313 tamen
830 2275 971 2314 amicos
988 2274 1059 2313 Dei
1075 2287 1149 2313 non
1162 2275 1336 2313 nouimus
1357 2275 1431 2313 nisi
1453 2275 1501 2313 ad
1522 2273 1738 2313 ueneratio-

312 2500 334 2534 3
358 2500 540 2544 aequando
568 2500 611 2535 0¹
752 2501 773 2535 6
798 2501 850 2545 ut]
879 2502 942 2535 aut
965 2501 1051 2544 fort.
1200 2501 1217 2534 7
1245 2501 1419 2545 palatium
1445 2511 1477 2545 p.
1504 2500 1548 2535 ad
1580 2501 1616 2542 C,
1645 2502 1736 2536 sola-

218 2556 311 2591 tium
329 2569 361 2602 p.
388 2558 425 2591 et
449 2570 468 2591 v
562 2559 584 2593 8
608 2559 724 2603 magis
749 2558 857 2593 famis
881 2560 1040 2603 tempore
1065 2570 1086 2594 v
1180 2558 1294 2603 ipsius
1319 2560 1395 2592 tam
1419 2559 1455 2600 C,
1483 2560 1559 2593 tam
1584 2559 1653 2604 ipsi
1672 2570 1692 2594 v

218 2615 240 2649 9
265 2614 408 2649 ieiunii*
439 2615 468 2650 Ο
491 2626 506 2648 s
532 2626 623 2650 erras.
813 2626 951 2660 quaque
983 2616 1012 2652 Ο
1034 2626 1061 2651 s.
1088 2616 1110 2652 l.
1138 2627 1183 2651 m.
1209 2619 1235 2652 2
1422 2617 1464 2650 11
1490 2616 1633 2651 fecisset
1664 2617 1694 2652 G

220 2671 263 2706 12
289 2672 479 2716 cuiuquam
510 2673 539 2709 G
654 2673 789 2708 fluxure
820 2674 855 2715 0,
882 2674 1043 2709 luxuriae
1069 2685 1089 2709 v
1208 2675 1251 2709 13
1276 2674 1444 2709 habuerit
1469 2686 1491 2710 v
1609 2674 1652 2708 14
1677 2674 1735 2709 hic

220 2729 314 2773 apud
345 2730 374 2765 Ο
395 2740 422 2764 3.
449 2730 472 2766 l.
498 2741 543 2765 m.
569 2732 594 2765 2
758 2731 800 2766 16
827 2731 987 2766 adfectus
1020 2732 1057 2773 C,
1083 2732 1227 2767 effectus
1252 2744 1272 2768 v
1438 2733 1479 2767 17
1506 2733 1612 2767 famis
1644 2733 1689 2768 0¹

220 2786 263 2820 19
288 2787 412 2822 ieiunii
437 2798 457 2822 υ
562 2788 607 2822 20
632 2789 772 2832 quaeris
803 2788 846 2824 οι
954 2789 998 2823 22
1024 2780 1118 2824 soffi⁹⁶
1151 2790 1180 2826 G
1279 2790 1324 2825 24
1349 2790 1448 2824 nefas
1482 2790 1517 2831 C,
1543 2789 1643 2824 ‹10101
1668 2800 1689 2825 v

220 2843 339 2878 dolore
368 2845 412 2880 0¹
552 2846 596 2880 28
623 2846 817 2881 amfractus
844 2857 889 2882 ea:
914 2846 1092 2881 acfractus
1124 2848 1153 2883 O
