2032 3248
797 241 927 275 Liber
962 242 1038 276 Vll.
1577 246 1655 287 271

166 354 572 397 conuenientissimas
603 355 790 396 nomini?
821 356 918 397 haec
948 360 1043 397 sunt
1065 358 1169 398 dona
1191 358 1428 411 certissima,
1462 359 1659 400 sacrificia

165 424 263 465 haec
296 435 412 469 uera:
444 436 538 464 nam
570 423 810 476 pulticulae,
843 424 965 465 thura
996 437 1088 465 cum
1121 426 1311 466 carnibus
1343 427 1551 478 rapacium
1582 427 1658 468 ali—

164 495 305 534 menta
336 492 430 532 sunt
460 492 620 545 ignium
653 493 693 533 et
724 493 1004 544 parentalibus
1038 494 1372 535 coniunctissima
1394 497 1657 536 mortuorum.

223 560 299 602 Sed
322 561 356 602 si
379 560 436 601 dii
460 561 714 602 immortales
735 563 953 613 nequeunt,
986 561 1132 613 inquit,
1168 563 1286 603 irasci
1308 576 1434 616 neque
1459 564 1551 604 ullis
1571 565 1657 605 ani·
1674 568 1724 607 38

136 642 325 671 ,amorum
369 628 597 671 adfectibus
630 642 770 670 eorum
802 630 990 682 quatitur
1022 631 1336 683 concutiturque
1366 634 1530 683 natura,
1563 632 1659 684 quid

164 699 359 740 historiae
391 698 470 739 sibi
502 698 661 748 uolunt,
695 698 792 750 quid
823 699 1004 746 annales,
1037 711 1208 750 qiiorum
1232 701 1273 740 iu
1295 701 1659 754 conscriptionibus

164 768 340 822 legimus
373 767 580 808 nonnullis
611 766 897 807 offensionibus
931 767 1024 808 deos
1055 769 1184 808 motos
1208 769 1473 821 pestilentias,
1506 769 1658 810 sterili-

163 838 270 879 tates
302 849 347 878 ac
378 835 544 890 frugum
587 836 745 889 inopias
784 836 944 889 aliaque
986 837 1179 878 intulisse
1211 838 1452 879 ciuitatibus
1484 838 1658 879 nationi-

162 907 317 958 busque
347 904 584 946 discrimina
612 916 756 957 eosque
778 918 917 946 rursus
940 917 1146 947 sacrorum
1179 906 1457 947 satisfactione
1481 907 1658 959 placatos

118 992 150 1016 ιο
163 973 491 1028 indignationum
523 973 705 1025 posuisse
739 973 915 1014 feruores
937 975 977 1014 et
1000 974 1040 1014 in
1064 974 1250 1015 habitum
1276 974 1483 1015 laetiorem
1505 976 1658 1016 statum

163 1043 264 1085 caeli
296 1043 671 1094 tempestatumque
702 1045 912 1083 mutasse?
958 1043 1053 1094 quid
1086 1044 1287 1083 terrarum
1322 1042 1529 1088 fremitus,
1562 1044 1657 1095 quid

163 1113 318 1161 motus,
361 1122 459 1163 quos
499 1122 585 1151 esse
616 1110 847 1163 accepimus
880 1109 1031 1160 factos,
1074 1111 1179 1163 quod
1220 1112 1356 1151 essent
1386 1112 1464 1152 acti
1496 1125 1565 1164 per
1596 1112 1657 1152 in—

163 1180 423 1234 diligentiam
462 1179 550 1220 ludi
583 1191 656 1220 nec
689 1179 740 1220 ad
771 1191 888 1219 suam
921 1179 1092 1220 formam
1126 1178 1481 1232 condicionemque
1512 1181 1655 1228 curati,

162 1250 402 1292 instauratis
440 1248 504 1290 his
548 1252 688 1290 tamen
718 1249 759 1290 et
790 1248 946 1289 curiosa
988 1248 1273 1290 obseruatione
1312 1249 1495 1300 repetitis
1539 1261 1658 1300 supe-

119 1330 300 1360 rnorum
339 1317 618 1370 conquieuisse
657 1318 832 1358 terrores
865 1320 904 1358 et
936 1317 986 1358 ad
1018 1316 1231 1357 hominum
1272 1329 1408 1357 curam
1441 1317 1658 1358 familiari-

162 1388 368 1439 tatemque
400 1386 639 1427 reuocatos?
678 1385 876 1438 quotiens,
909 1388 1053 1426 uatum
1084 1385 1209 1426 iussis
1232 1384 1569 1437 haruspicumque
1594 1398 1657 1426 re-

162 1456 319 1508 sponsis
357 1456 574 1508 postquam
613 1453 755 1495 diuina
787 1466 848 1494 res
882 1453 988 1494 facta
1019 1455 1082 1494 est
1114 1454 1154 1494 et
1187 1466 1231 1493 ex
1255 1453 1442 1507 gentibus
1479 1452 1483 1507 Ι
1519 1454 1653 1494 trans-
1669 1465 1689 1496 f.
1709 1467 1770 1496 154

161 1524 332 1566 marinis
364 1523 483 1565 acciti
515 1523 572 1563 dii
605 1522 771 1575 quidam
804 1522 1051 1574 delubraque
1083 1522 1147 1562 his
1182 1522 1289 1562 facta
1319 1523 1359 1561 et
1380 1521 1420 1561 in
1443 1521 1656 1562 altioribus

161 1592 361 1634 columnis
399 1592 515 1646 signa
553 1591 749 1643 quaedam
783 1591 823 1631 et
854 1590 1076 1631 simulacra
1107 1592 1203 1630 sunt
1239 1590 1482 1639 constituta,
1526 1591 1565 1630 et
1596 1591 1655 1630 in-

114 1677 147 1702 20
160 1661 410 1703 minentium
441 1660 574 1701 auersi
604 1661 700 1700 sunt
732 1658 1007 1710 periculorum
1040 1661 1174 1699 metus
1206 1659 1246 1699 et
1269 1658 1499 1712 grauissimi
1521 1658 1655 1700 hostes

159 1730 268 1783 pulsi
299 1730 339 1769 et
370 1727 624 1781 amplificata
656 1740 718 1768 res
751 1727 915 1779 publica
938 1728 1000 1768 est
1023 1727 1063 1767 et
1090 1727 1356 1767 uictoriarum
1379 1726 1655 1778 frequentibus

160 1797 321 1851 gaudiis
353 1798 394 1837 et
423 1796 727 1848 prouinciarum
760 1795 1007 1849 possessione
1046 1795 1332 1848 conplurium?
1378 1796 1483 1847 quod
1516 1796 1655 1847 utique

161 1878 238 1907 non
271 1867 406 1913 tieret,
447 1865 480 1905 si
513 1864 729 1912 sacrificia,
769 1864 803 1905 si
835 1863 952 1903 ludos
984 1864 1219 1916 ceterosque
1251 1866 1566 1915 aspernarentur
1597 1863 1653 1904 dii

161 1935 297 1976 cultus
336 1945 463 1985 neque
502 1945 543 1973 se
582 1932 769 1973 honorari
809 1944 948 1972 eorum
989 1932 1339 1983 procurationibus
1370 1931 1571 1972 ducerent.
1620 1932 1652 1972 si

114 2022 145 2046 25
161 2015 253 2056 ergo
293 2002 356 2042 his
395 2000 501 2042 datis
543 2001 650 2041 calor
682 1999 813 2040 omnis
845 2000 1059 2040 numinum
1091 1999 1398 2053 indignatioque
1432 1999 1654 2052 frigescunt

160 2072 456 2122 uertunturque
488 2069 529 2110 in
560 2080 751 2121 prospera
783 2081 827 2108 ea
858 2081 960 2120 quae
991 2068 1238 2109 uidebantur
1269 2068 1424 2108 adferre
1460 2069 1650 2108 terrores:

160 2140 427 2181 manifestum
459 2140 520 2179 est
552 2138 650 2179 haec
681 2137 819 2178 omnia
850 2148 926 2177 nou
957 2137 1042 2177 sine
1074 2137 1269 2177 caelitum
1303 2136 1387 2176 fieri
1427 2136 1650 2184 uoluntate,

160 2210 200 2249 et
232 2210 337 2260 quod
369 2220 414 2248 ea
446 2207 679 2247 tribuantur
710 2218 732 2246 a
765 2205 900 2253 nobis,
942 2205 1116 2245 inaniter
1148 2206 1188 2244 et
1222 2216 1314 2244 cum
1346 2205 1431 2244 tota
1462 2203 1652 2254 inperitia

160 2275 410 2329 reprehendi.
464 2277 633 2316 uentum
665 2275 728 2314 est
759 2285 875 2326 ergo,
910 2273 1006 2313 dum
1039 2272 1262 2324 loquimur,
1301 2272 1349 2311 ud
1384 2272 1515 2323 ipsum
1549 2271 1648 2310 arti·
1665 2281 1716 2319 39

114 2364 145 2387 ,το
160 2345 299 2386 culum
346 2355 505 2393 causae,
553 2344 721 2383 uentum
761 2342 818 2382 rei
857 2341 907 2382 ad
940 2341 1166 2387 cardinem,
1216 2340 1384 2379 uentum
1420 2351 1556 2379 ueram
1588 2340 1650 2379 at-

159 2426 234 2465 que
266 2413 315 2453 ad
348 2411 617 2452 iustissimam
650 2410 942 2462 quaestionem,
976 2409 1015 2448 in
1051 2421 1171 2460 quam
1209 2407 1396 2447 conuenit
1432 2412 1476 2446 ut
1506 2407 1648 2447 debea-

296 2498 429 2530 lli—22
456 2511 497 2525 z
524 2496 601 2536 2753,
627 2496 726 2530 5—9.
756 2496 807 2528 is.

203 2570 222 2603 4
250 2571 278 2603 si
304 2582 356 2604 om
385 2570 455 2604 sab
627 2569 643 2602 ἶ
671 2568 820 2611 legimus
849 2569 938 2602 Sub.-
965 2567 1100 2611 legibus
1126 2567 1160 2599 Γ
1329 2570 1437 2599 motos
1465 2567 1552 2599 Sao:
1579 2577 1649 2599 ino-

158 2629 215 2660 tus
234 2627 268 2660 P
405 2630 426 2660 b*
451 2626 564 2669 alique
582 2626 617 2658 J>
629 2636 711 2659 corr
730 2637 747 2658 c
888 2625 927 2657 14
954 2634 1158 2666 superorum
1179 2622 1268 2656 Sao:
1294 2623 1508 2665 superiorum
1527 2623 1561 2655 Ι)

159 2683 199 2716 1Ῑ
233 2683 478 2717 transmarinis
511 2683 594 2724 Sub,
631 2694 666 2714 r:
705 2681 931 2714 transmarini
967 2681 999 2713 1¹
1140 2680 1180 2712 19
1214 2679 1383 2711 simulam
1421 2680 1452 2712 Ι)
1479 2690 1560 2713 corr

157 2740 200 2773 ‘23
227 2740 414 2773 sacrificia-s
440 2740 473 2772 1³
620 2739 662 2772 24
688 2738 735 2771 si÷
762 2738 796 2770 Ι)
938 2737 980 2769 2ῖ
1009 2737 1190 2778 uoluptate
1215 2736 1400 2769 Mem-[as
1537 2735 1581 2768 :50
1607 2734 1649 2767 ad

158 2807 275 2830 ueram
315 2797 378 2830 Gal
515 2796 556 2829 31
592 2795 635 2828 ud
669 2794 899 2827 iustissimam
942 2793 1028 2826 L'rs:
1064 2791 1366 2825 adiunctissimaun
1402 2792 1435 2824 Ι)
1474 2791 1517 2824 ad
1551 2792 1647 2824 iune—

158 2854 332 2888 tissimam
359 2854 538 2889 Cuntcrus
563 2853 606 2886 ud
632 2851 899 2886 inuictissimum
926 2850 1113 2883 Meursc'us
1251 2849 1468 2892 questionem
1498 2849 1530 2881 1²
