<?xml version="1.0" encoding="UTF-8"?>
<!DOCTYPE html PUBLIC "-//W3C//DTD XHTML 1.0 Transitional//EN"
    "http://www.w3.org/TR/xhtml1/DTD/xhtml1-transitional.dtd">
<html xmlns="http://www.w3.org/1999/xhtml" xml:lang="en" lang="en">
 <head>
  <title>
</title>
<meta http-equiv="Content-Type" content="text/html;charset=utf-8" />
  <meta name='ocr-system' content='tesseract 3.04.00' />
  <meta name='ocr-capabilities' content='ocr_page ocr_carea ocr_par ocr_line ocrx_word'/>
</head>
<body>
  <div class='ocr_page' id='page_1' title='image "./corpusscriptorum03cypruoft_0296.png"; bbox 0 0 2032 3248; ppageno 0'>
   <div class='ocr_carea' id='block_1_1' title="bbox 384 231 1255 275">
    <p class='ocr_par' dir='ltr' id='par_1_1' title="bbox 384 231 1255 275">
     <span class='ocr_line' id='line_1_1' title="bbox 384 231 1255 275; baseline -0.011 -1"><span class='ocrx_word' id='word_1_1' title='bbox 384 231 468 274; x_wconf 83' lang='grc'>286</span> <span class='ocrx_word' id='word_1_2' title='bbox 1013 231 1255 275; x_wconf 82' lang='lat' dir='ltr'>Appendix.</span> 
     </span>
    </p>
   </div>
   <div class='ocr_carea' id='block_1_2' title="bbox 521 337 1771 2457">
    <p class='ocr_par' dir='ltr' id='par_1_2' title="bbox 521 337 1771 2457">
     <span class='ocr_line' id='line_1_2' title="bbox 551 337 1522 385; baseline 0.002 -10"><span class='ocrx_word' id='word_1_3' title='bbox 551 338 606 375; x_wconf 85' lang='lat'>80</span> <span class='ocrx_word' id='word_1_4' title='bbox 636 338 785 376; x_wconf 83' lang='lat' dir='ltr'>Aureus</span> <span class='ocrx_word' id='word_1_5' title='bbox 806 337 994 385; x_wconf 76' lang='lat' dir='ltr'>astrigero</span> <span class='ocrx_word' id='word_1_6' title='bbox 1015 338 1154 375; x_wconf 87' lang='lat' dir='ltr'>redibit</span> <span class='ocrx_word' id='word_1_7' title='bbox 1176 338 1327 376; x_wconf 84' lang='lat' dir='ltr'>cardine</span> <span class='ocrx_word' id='word_1_8' title='bbox 1350 340 1522 377; x_wconf 87' lang='lat' dir='ltr'>mundus.</span> 
     </span>
     <span class='ocr_line' id='line_1_3' title="bbox 635 406 1616 455; baseline 0.002 -12"><span class='ocrx_word' id='word_1_9' title='bbox 635 406 709 444; x_wconf 92' lang='lat' dir='ltr'>Illa</span> <span class='ocrx_word' id='word_1_10' title='bbox 730 408 846 454; x_wconf 83' lang='lat' dir='ltr'>negat</span> <span class='ocrx_word' id='word_1_11' title='bbox 867 406 1079 454; x_wconf 87' lang='lat' dir='ltr'>uetitosque</span> <span class='ocrx_word' id='word_1_12' title='bbox 1101 406 1210 444; x_wconf 86' lang='lat' dir='ltr'>timet</span> <span class='ocrx_word' id='word_1_13' title='bbox 1232 407 1448 455; x_wconf 86' lang='lat' dir='ltr'>contingere</span> <span class='ocrx_word' id='word_1_14' title='bbox 1471 420 1616 446; x_wconf 84' lang='lat' dir='ltr'>ramos:</span> 
     </span>
     <span class='ocr_line' id='line_1_4' title="bbox 636 476 1575 524; baseline 0.002 -11"><span class='ocrx_word' id='word_1_15' title='bbox 636 476 708 513; x_wconf 85' lang='lat' dir='ltr'>Sed</span> <span class='ocrx_word' id='word_1_16' title='bbox 728 477 856 514; x_wconf 86' lang='lat' dir='ltr'>tamen</span> <span class='ocrx_word' id='word_1_17' title='bbox 879 476 1024 513; x_wconf 88' lang='lat' dir='ltr'>infirmo</span> <span class='ocrx_word' id='word_1_18' title='bbox 1046 476 1252 513; x_wconf 89' lang='lat' dir='ltr'>uincuntur</span> <span class='ocrx_word' id='word_1_19' title='bbox 1273 478 1427 524; x_wconf 88' lang='lat' dir='ltr'>pectora</span> <span class='ocrx_word' id='word_1_20' title='bbox 1449 488 1575 515; x_wconf 82' lang='lat' dir='ltr'>sensu.</span> 
     </span>
     <span class='ocr_line' id='line_1_5' title="bbox 635 544 1536 592; baseline 0.002 -11"><span class='ocrx_word' id='word_1_21' title='bbox 635 544 746 582; x_wconf 87' lang='lat' dir='ltr'>Ilicet</span> <span class='ocrx_word' id='word_1_22' title='bbox 768 546 810 582; x_wconf 91' lang='lat' dir='ltr'>ut</span> <span class='ocrx_word' id='word_1_23' title='bbox 831 545 941 583; x_wconf 90' lang='lat' dir='ltr'>niueo</span> <span class='ocrx_word' id='word_1_24' title='bbox 961 545 1037 583; x_wconf 89' lang='lat' dir='ltr'>iam</span> <span class='ocrx_word' id='word_1_25' title='bbox 1058 544 1168 583; x_wconf 91' lang='lat' dir='ltr'>mitia</span> <span class='ocrx_word' id='word_1_26' title='bbox 1189 546 1301 583; x_wconf 89' lang='lat' dir='ltr'>dente</span> <span class='ocrx_word' id='word_1_27' title='bbox 1322 545 1536 592; x_wconf 85' lang='lat' dir='ltr'>momordit,</span> 
     </span>
     <span class='ocr_line' id='line_1_6' title="bbox 638 613 1526 653; baseline 0.001 -2"><span class='ocrx_word' id='word_1_28' title='bbox 638 613 812 651; x_wconf 84' lang='lat' dir='ltr'>Adfulsit</span> <span class='ocrx_word' id='word_1_29' title='bbox 842 614 948 652; x_wconf 88' lang='lat' dir='ltr'>nulla</span> <span class='ocrx_word' id='word_1_30' title='bbox 967 614 1197 652; x_wconf 82' lang='lat' dir='ltr'>maculatum</span> <span class='ocrx_word' id='word_1_31' title='bbox 1218 615 1317 652; x_wconf 89' lang='lat' dir='ltr'>nube</span> <span class='ocrx_word' id='word_1_32' title='bbox 1340 625 1526 653; x_wconf 85' lang='lat' dir='ltr'>serenum.</span> 
     </span>
     <span class='ocr_line' id='line_1_7' title="bbox 551 682 1658 731; baseline 0 -11"><span class='ocrx_word' id='word_1_33' title='bbox 551 682 604 720; x_wconf 86' lang='grc'>85</span> <span class='ocrx_word' id='word_1_34' title='bbox 637 683 731 720; x_wconf 85' lang='lat' dir='ltr'>Tum</span> <span class='ocrx_word' id='word_1_35' title='bbox 763 694 874 731; x_wconf 88' lang='lat' dir='ltr'>sapor</span> <span class='ocrx_word' id='word_1_36' title='bbox 895 683 1112 721; x_wconf 79' lang='lat' dir='ltr'>illecebram</span> <span class='ocrx_word' id='word_1_37' title='bbox 1134 683 1290 720; x_wconf 90' lang='lat' dir='ltr'>mellitis</span> <span class='ocrx_word' id='word_1_38' title='bbox 1312 683 1486 721; x_wconf 87' lang='lat' dir='ltr'>faucibus</span> <span class='ocrx_word' id='word_1_39' title='bbox 1507 683 1658 730; x_wconf 87' lang='lat' dir='ltr'>indens,</span> 
     </span>
     <span class='ocr_line' id='line_1_8' title="bbox 636 751 1496 799; baseline 0.002 -11"><span class='ocrx_word' id='word_1_40' title='bbox 636 751 827 799; x_wconf 86' lang='lat' dir='ltr'>Compulit</span> <span class='ocrx_word' id='word_1_41' title='bbox 848 753 996 790; x_wconf 89' lang='lat' dir='ltr'>insueto</span> <span class='ocrx_word' id='word_1_42' title='bbox 1018 764 1155 790; x_wconf 89' lang='lat' dir='ltr'>munus</span> <span class='ocrx_word' id='word_1_43' title='bbox 1177 753 1324 790; x_wconf 86' lang='lat' dir='ltr'>deferre</span> <span class='ocrx_word' id='word_1_44' title='bbox 1346 752 1496 791; x_wconf 89' lang='lat' dir='ltr'>marito.</span> 
     </span>
     <span class='ocr_line' id='line_1_9' title="bbox 635 821 1627 869; baseline 0.001 -11"><span class='ocrx_word' id='word_1_45' title='bbox 635 821 739 865; x_wconf 77' lang='lat' dir='ltr'>Quod</span> <span class='ocrx_word' id='word_1_46' title='bbox 761 821 874 858; x_wconf 85' lang='lat' dir='ltr'>simul</span> <span class='ocrx_word' id='word_1_47' title='bbox 896 833 938 859; x_wconf 86' lang='lat' dir='ltr'>ac</span> <span class='ocrx_word' id='word_1_48' title='bbox 960 822 1135 869; x_wconf 76' lang='lat' dir='ltr'><strong>sumpsit,</strong></span> <span class='ocrx_word' id='word_1_49' title='bbox 1158 822 1309 860; x_wconf 87' lang='lat' dir='ltr'>detersa</span> <span class='ocrx_word' id='word_1_50' title='bbox 1330 823 1438 859; x_wconf 88' lang='lat' dir='ltr'>nocte</span> <span class='ocrx_word' id='word_1_51' title='bbox 1460 821 1627 859; x_wconf 77' lang='lat' dir='ltr'>nitentes</span> 
     </span>
     <span class='ocr_line' id='line_1_10' title="bbox 635 889 1517 938; baseline 0.002 -12"><span class='ocrx_word' id='word_1_52' title='bbox 635 889 834 928; x_wconf 87' lang='lat' dir='ltr'>Emicuere</span> <span class='ocrx_word' id='word_1_53' title='bbox 856 891 953 928; x_wconf 88' lang='lat' dir='ltr'>oculi</span> <span class='ocrx_word' id='word_1_54' title='bbox 974 892 1112 928; x_wconf 91' lang='lat' dir='ltr'>mundo</span> <span class='ocrx_word' id='word_1_55' title='bbox 1134 891 1358 938; x_wconf 78' lang='lat' dir='ltr'>splendente</span> <span class='ocrx_word' id='word_1_56' title='bbox 1380 890 1517 928; x_wconf 89' lang='lat' dir='ltr'>sereni.</span> 
     </span>
     <span class='ocr_line' id='line_1_11' title="bbox 634 958 1584 1007; baseline 0.001 -12"><span class='ocrx_word' id='word_1_57' title='bbox 634 958 735 1006; x_wconf 88' lang='lat' dir='ltr'>Ergo</span> <span class='ocrx_word' id='word_1_58' title='bbox 757 958 822 996; x_wconf 90' lang='lat' dir='ltr'>ubi</span> <span class='ocrx_word' id='word_1_59' title='bbox 844 960 1027 997; x_wconf 85' lang='lat' dir='ltr'>nudatum</span> <span class='ocrx_word' id='word_1_60' title='bbox 1048 960 1245 1007; x_wconf 84' lang='lat' dir='ltr'>prospexit</span> <span class='ocrx_word' id='word_1_61' title='bbox 1266 970 1403 1007; x_wconf 89' lang='lat' dir='ltr'>corpus</span> <span class='ocrx_word' id='word_1_62' title='bbox 1425 962 1584 1007; x_wconf 88' lang='lat' dir='ltr'>uterque</span> 
     </span>
     <span class='ocr_line' id='line_1_12' title="bbox 550 1027 1771 1076; baseline 0.002 -12"><span class='ocrx_word' id='word_1_63' title='bbox 550 1028 604 1065; x_wconf 97' lang='lat'>90</span> <span class='ocrx_word' id='word_1_64' title='bbox 636 1027 800 1075; x_wconf 85' lang='lat' dir='ltr'>Cumque</span> <span class='ocrx_word' id='word_1_65' title='bbox 823 1028 999 1076; x_wconf 86' lang='lat' dir='ltr'>pudenda</span> <span class='ocrx_word' id='word_1_66' title='bbox 1019 1029 1164 1075; x_wconf 77' lang='lat' dir='ltr'>uident,</span> <span class='ocrx_word' id='word_1_67' title='bbox 1188 1028 1338 1066; x_wconf 84' lang='lat' dir='ltr'>ficulnis</span> <span class='ocrx_word' id='word_1_68' title='bbox 1360 1028 1558 1066; x_wconf 87' lang='lat' dir='ltr'>frondibus</span> <span class='ocrx_word' id='word_1_69' title='bbox 1579 1028 1771 1066; x_wconf 86' lang='lat' dir='ltr'>umbrant.</span> 
     </span>
     <span class='ocr_line' id='line_1_13' title="bbox 692 1097 1613 1135; baseline 0.001 -2"><span class='ocrx_word' id='word_1_70' title='bbox 692 1097 806 1135; x_wconf 86' lang='lat' dir='ltr'>Forte</span> <span class='ocrx_word' id='word_1_71' title='bbox 828 1098 897 1135; x_wconf 89' lang='lat' dir='ltr'>sub</span> <span class='ocrx_word' id='word_1_72' title='bbox 919 1097 1072 1135; x_wconf 85' lang='lat' dir='ltr'>occiduo</span> <span class='ocrx_word' id='word_1_73' title='bbox 1089 1097 1239 1135; x_wconf 88' lang='lat' dir='ltr'>Domini</span> <span class='ocrx_word' id='word_1_74' title='bbox 1261 1098 1336 1135; x_wconf 89' lang='lat' dir='ltr'>iam</span> <span class='ocrx_word' id='word_1_75' title='bbox 1357 1097 1498 1135; x_wconf 89' lang='lat' dir='ltr'>lumine</span> <span class='ocrx_word' id='word_1_76' title='bbox 1521 1097 1613 1135; x_wconf 87' lang='lat' dir='ltr'>solis</span> 
     </span>
     <span class='ocr_line' id='line_1_14' title="bbox 636 1166 1683 1214; baseline 0 -11"><span class='ocrx_word' id='word_1_77' title='bbox 636 1166 862 1213; x_wconf 79' lang='lat' dir='ltr'>Agnoscunt</span> <span class='ocrx_word' id='word_1_78' title='bbox 884 1166 1048 1205; x_wconf 85' lang='lat' dir='ltr'>sonitum</span> <span class='ocrx_word' id='word_1_79' title='bbox 1070 1166 1285 1214; x_wconf 86' lang='lat' dir='ltr'>trepidique</span> <span class='ocrx_word' id='word_1_80' title='bbox 1308 1167 1356 1204; x_wconf 91' lang='lat' dir='ltr'>ad</span> <span class='ocrx_word' id='word_1_81' title='bbox 1378 1166 1488 1204; x_wconf 89' lang='lat' dir='ltr'>deuia</span> <span class='ocrx_word' id='word_1_82' title='bbox 1510 1167 1683 1204; x_wconf 88' lang='lat' dir='ltr'>tendunt.</span> 
     </span>
     <span class='ocr_line' id='line_1_15' title="bbox 634 1235 1715 1283; baseline 0 -11"><span class='ocrx_word' id='word_1_83' title='bbox 634 1235 730 1272; x_wconf 87' lang='lat' dir='ltr'>Tum</span> <span class='ocrx_word' id='word_1_84' title='bbox 751 1235 936 1274; x_wconf 87' lang='lat' dir='ltr'>Dominus</span> <span class='ocrx_word' id='word_1_85' title='bbox 959 1236 1053 1274; x_wconf 86' lang='lat' dir='ltr'>caeli</span> <span class='ocrx_word' id='word_1_86' title='bbox 1074 1238 1263 1274; x_wconf 84' lang='lat' dir='ltr'>maestum</span> <span class='ocrx_word' id='word_1_87' title='bbox 1285 1236 1487 1283; x_wconf 87' lang='lat' dir='ltr'>compellat</span> <span class='ocrx_word' id='word_1_88' title='bbox 1508 1235 1715 1274; x_wconf 89' lang='lat' dir='ltr'>Adamum:</span> 
     </span>
     <span class='ocr_line' id='line_1_16' title="bbox 633 1304 1612 1353; baseline 0.001 -12"><span class='ocrx_word' id='word_1_89' title='bbox 633 1304 703 1342; x_wconf 82' lang='lat' dir='ltr'>Dio</span> <span class='ocrx_word' id='word_1_90' title='bbox 723 1305 788 1343; x_wconf 91' lang='lat' dir='ltr'>ubi</span> <span class='ocrx_word' id='word_1_91' title='bbox 804 1317 904 1343; x_wconf 88' lang='lat' dir='ltr'>nunc</span> <span class='ocrx_word' id='word_1_92' title='bbox 926 1306 1070 1353; x_wconf 80' lang='lat' dir='ltr'>degas?</span> <span class='ocrx_word' id='word_1_93' title='bbox 1094 1305 1289 1353; x_wconf 86' lang='lat' dir='ltr'>respondit</span> <span class='ocrx_word' id='word_1_94' title='bbox 1310 1305 1404 1343; x_wconf 85' lang='lat' dir='ltr'>talia</span> <span class='ocrx_word' id='word_1_95' title='bbox 1426 1305 1585 1352; x_wconf 85' lang='lat' dir='ltr'>supplex</span> <span class='ocrx_word' id='word_1_96' title='bbox 1603 1318 1612 1342; x_wconf 92' lang='lat'>:</span> 
     </span>
     <span class='ocr_line' id='line_1_17' title="bbox 549 1374 1628 1422; baseline 0.001 -11"><span class='ocrx_word' id='word_1_97' title='bbox 549 1374 601 1412; x_wconf 81' lang='lat'>95</span> <span class='ocrx_word' id='word_1_98' title='bbox 635 1374 664 1411; x_wconf 94' lang='lat' dir='ltr'>O</span> <span class='ocrx_word' id='word_1_99' title='bbox 686 1374 859 1421; x_wconf 88' lang='lat' dir='ltr'>Domine,</span> <span class='ocrx_word' id='word_1_100' title='bbox 883 1374 1034 1412; x_wconf 83' lang='lat' dir='ltr'>adfatus</span> <span class='ocrx_word' id='word_1_101' title='bbox 1056 1375 1193 1422; x_wconf 88' lang='lat' dir='ltr'>pauido</span> <span class='ocrx_word' id='word_1_102' title='bbox 1216 1375 1286 1412; x_wconf 89' lang='lat' dir='ltr'>sub</span> <span class='ocrx_word' id='word_1_103' title='bbox 1307 1375 1417 1412; x_wconf 90' lang='lat' dir='ltr'>corde</span> <span class='ocrx_word' id='word_1_104' title='bbox 1438 1374 1628 1421; x_wconf 83' lang='lat' dir='ltr'>tremisco,</span> 
     </span>
     <span class='ocr_line' id='line_1_18' title="bbox 634 1442 1600 1492; baseline 0.001 -12"><span class='ocrx_word' id='word_1_105' title='bbox 634 1443 786 1490; x_wconf 79' lang='lat' dir='ltr'>Mag-ne,</span> <span class='ocrx_word' id='word_1_106' title='bbox 810 1445 895 1482; x_wconf 89' lang='lat' dir='ltr'>tuos</span> <span class='ocrx_word' id='word_1_107' title='bbox 916 1444 1113 1492; x_wconf 88' lang='lat' dir='ltr'>nudusque</span> <span class='ocrx_word' id='word_1_108' title='bbox 1135 1446 1238 1482; x_wconf 90' lang='lat' dir='ltr'>metu</span> <span class='ocrx_word' id='word_1_109' title='bbox 1260 1443 1424 1491; x_wconf 86' lang='lat' dir='ltr'>frigente</span> <span class='ocrx_word' id='word_1_110' title='bbox 1447 1442 1600 1491; x_wconf 87' lang='lat' dir='ltr'>fatigor.</span> 
     </span>
     <span class='ocr_line' id='line_1_19' title="bbox 634 1511 1652 1561; baseline -0.001 -12"><span class='ocrx_word' id='word_1_111' title='bbox 634 1512 730 1550; x_wconf 85' lang='lat' dir='ltr'>Tum</span> <span class='ocrx_word' id='word_1_112' title='bbox 753 1512 955 1550; x_wconf 87' lang='lat' dir='ltr'>Dominus:</span> <span class='ocrx_word' id='word_1_113' title='bbox 980 1513 1065 1560; x_wconf 90' lang='lat' dir='ltr'>quis</span> <span class='ocrx_word' id='word_1_114' title='bbox 1087 1525 1198 1561; x_wconf 88' lang='lat' dir='ltr'>poma</span> <span class='ocrx_word' id='word_1_115' title='bbox 1219 1513 1323 1550; x_wconf 88' lang='lat' dir='ltr'>dedit</span> <span class='ocrx_word' id='word_1_116' title='bbox 1345 1513 1498 1551; x_wconf 81' lang='lat' dir='ltr'>noxalia</span> <span class='ocrx_word' id='word_1_117' title='bbox 1517 1511 1652 1550; x_wconf 75' lang='lat' dir='ltr'>uobis?</span> 
     </span>
     <span class='ocr_line' id='line_1_20' title="bbox 633 1580 1703 1628; baseline 0.001 -11"><span class='ocrx_word' id='word_1_118' title='bbox 633 1581 805 1618; x_wconf 83' lang='lat' dir='ltr'>Tradidit</span> <span class='ocrx_word' id='word_1_119' title='bbox 825 1582 918 1619; x_wconf 90' lang='lat' dir='ltr'>haec</span> <span class='ocrx_word' id='word_1_120' title='bbox 938 1582 1087 1628; x_wconf 87' lang='lat' dir='ltr'>mulier,</span> <span class='ocrx_word' id='word_1_121' title='bbox 1110 1583 1198 1619; x_wconf 89' lang='lat' dir='ltr'>dum</span> <span class='ocrx_word' id='word_1_122' title='bbox 1220 1581 1313 1619; x_wconf 87' lang='lat' dir='ltr'>dicit</span> <span class='ocrx_word' id='word_1_123' title='bbox 1334 1582 1477 1619; x_wconf 88' lang='lat' dir='ltr'>lumina</span> <span class='ocrx_word' id='word_1_124' title='bbox 1497 1580 1703 1628; x_wconf 88' lang='lat' dir='ltr'>promptim</span> 
     </span>
     <span class='ocr_line' id='line_1_21' title="bbox 635 1650 1556 1698; baseline 0 -11"><span class='ocrx_word' id='word_1_125' title='bbox 635 1650 820 1688; x_wconf 85' lang='lat' dir='ltr'>Candenti</span> <span class='ocrx_word' id='word_1_126' title='bbox 842 1650 995 1697; x_wconf 82' lang='lat' dir='ltr'>perfusa</span> <span class='ocrx_word' id='word_1_127' title='bbox 1016 1650 1077 1688; x_wconf 91' lang='lat' dir='ltr'>die</span> <span class='ocrx_word' id='word_1_128' title='bbox 1094 1650 1355 1698; x_wconf 86' lang='lat' dir='ltr'>liquidumque</span> <span class='ocrx_word' id='word_1_129' title='bbox 1382 1662 1556 1688; x_wconf 86' lang='lat' dir='ltr'>serenum</span> 
     </span>
     <span class='ocr_line' id='line_1_22' title="bbox 522 1719 1494 1766; baseline 0.001 -10"><span class='ocrx_word' id='word_1_130' title='bbox 522 1719 603 1757; x_wconf 89' lang='grc'>100</span> <span class='ocrx_word' id='word_1_131' title='bbox 634 1719 849 1757; x_wconf 84' lang='lat' dir='ltr'>Adfulsisse</span> <span class='ocrx_word' id='word_1_132' title='bbox 874 1719 947 1757; x_wconf 90' lang='lat' dir='ltr'>sibi</span> <span class='ocrx_word' id='word_1_133' title='bbox 970 1719 1161 1766; x_wconf 88' lang='lat' dir='ltr'>solemque</span> <span class='ocrx_word' id='word_1_134' title='bbox 1183 1720 1220 1757; x_wconf 90' lang='lat' dir='ltr'>et</span> <span class='ocrx_word' id='word_1_135' title='bbox 1241 1719 1366 1757; x_wconf 84' lang='lat' dir='ltr'>sidera</span> <span class='ocrx_word' id='word_1_136' title='bbox 1387 1719 1494 1757; x_wconf 88' lang='lat' dir='ltr'>caeli.</span> 
     </span>
     <span class='ocr_line' id='line_1_23' title="bbox 631 1788 1524 1834; baseline 0.001 -9"><span class='ocrx_word' id='word_1_137' title='bbox 631 1789 812 1826; x_wconf 87' lang='lat' dir='ltr'>Protinus</span> <span class='ocrx_word' id='word_1_138' title='bbox 834 1789 891 1826; x_wconf 92' lang='lat' dir='ltr'>ira</span> <span class='ocrx_word' id='word_1_139' title='bbox 912 1788 982 1827; x_wconf 90' lang='lat' dir='ltr'>Dei</span> <span class='ocrx_word' id='word_1_140' title='bbox 1002 1789 1195 1826; x_wconf 86' lang='lat' dir='ltr'>turbatam</span> <span class='ocrx_word' id='word_1_141' title='bbox 1216 1788 1370 1827; x_wconf 88' lang='lat' dir='ltr'>territat</span> <span class='ocrx_word' id='word_1_142' title='bbox 1391 1789 1524 1834; x_wconf 87' lang='lat' dir='ltr'>Euam,</span> 
     </span>
     <span class='ocr_line' id='line_1_24' title="bbox 632 1856 1566 1905; baseline -0.001 -10"><span class='ocrx_word' id='word_1_143' title='bbox 632 1858 836 1896; x_wconf 88' lang='lat' dir='ltr'>Auctorem</span> <span class='ocrx_word' id='word_1_144' title='bbox 857 1858 969 1895; x_wconf 87' lang='lat' dir='ltr'>uetiti</span> <span class='ocrx_word' id='word_1_145' title='bbox 991 1858 1079 1895; x_wconf 88' lang='lat' dir='ltr'>dum</span> <span class='ocrx_word' id='word_1_146' title='bbox 1101 1858 1250 1905; x_wconf 85' lang='lat' dir='ltr'>quaerit</span> <span class='ocrx_word' id='word_1_147' title='bbox 1272 1858 1456 1895; x_wconf 82' lang='lat' dir='ltr'>maximus</span> <span class='ocrx_word' id='word_1_148' title='bbox 1478 1856 1566 1895; x_wconf 89' lang='lat' dir='ltr'>acti.</span> 
     </span>
     <span class='ocr_line' id='line_1_25' title="bbox 631 1925 1660 1974; baseline -0.001 -10"><span class='ocrx_word' id='word_1_149' title='bbox 631 1927 706 1965; x_wconf 89' lang='lat' dir='ltr'>Illa</span> <span class='ocrx_word' id='word_1_150' title='bbox 727 1927 796 1965; x_wconf 89' lang='lat' dir='ltr'>sub</span> <span class='ocrx_word' id='word_1_151' title='bbox 819 1929 912 1965; x_wconf 87' lang='lat' dir='ltr'>haec</span> <span class='ocrx_word' id='word_1_152' title='bbox 933 1927 1089 1974; x_wconf 84' lang='lat' dir='ltr'>pandit:</span> <span class='ocrx_word' id='word_1_153' title='bbox 1124 1928 1312 1974; x_wconf 86' lang='lat' dir='ltr'>serpentis</span> <span class='ocrx_word' id='word_1_154' title='bbox 1336 1939 1448 1965; x_wconf 84' lang='lat' dir='ltr'>suasa</span> <span class='ocrx_word' id='word_1_155' title='bbox 1468 1925 1660 1974; x_wconf 89' lang='lat' dir='ltr'>loquentis</span> 
     </span>
     <span class='ocr_line' id='line_1_26' title="bbox 629 1995 1468 2044; baseline -0.001 -10"><span class='ocrx_word' id='word_1_156' title='bbox 629 1995 771 2044; x_wconf 87' lang='lat' dir='ltr'>Accepi</span> <span class='ocrx_word' id='word_1_157' title='bbox 791 1996 948 2034; x_wconf 87' lang='lat' dir='ltr'>fallente</span> <span class='ocrx_word' id='word_1_158' title='bbox 970 1996 1055 2035; x_wconf 91' lang='lat' dir='ltr'>dolo</span> <span class='ocrx_word' id='word_1_159' title='bbox 1077 1996 1291 2043; x_wconf 90' lang='lat' dir='ltr'>blandoque</span> <span class='ocrx_word' id='word_1_160' title='bbox 1313 1997 1468 2043; x_wconf 81' lang='lat' dir='ltr'>rogatu:</span> 
     </span>
     <span class='ocr_line' id='line_1_27' title="bbox 521 2062 1532 2113; baseline -0.002 -10"><span class='ocrx_word' id='word_1_161' title='bbox 521 2062 602 2105; x_wconf 81' lang='lat'>105</span> <span class='ocrx_word' id='word_1_162' title='bbox 633 2065 732 2103; x_wconf 87' lang='lat' dir='ltr'>Nam</span> <span class='ocrx_word' id='word_1_163' title='bbox 755 2077 824 2103; x_wconf 87' lang='lat' dir='ltr'>sua</span> <span class='ocrx_word' id='word_1_164' title='bbox 844 2065 1010 2113; x_wconf 87' lang='lat' dir='ltr'>uipereis</span> <span class='ocrx_word' id='word_1_165' title='bbox 1041 2065 1216 2103; x_wconf 80' lang='lat' dir='ltr'>intexens</span> <span class='ocrx_word' id='word_1_166' title='bbox 1237 2065 1355 2104; x_wconf 90' lang='lat' dir='ltr'>uerba</span> <span class='ocrx_word' id='word_1_167' title='bbox 1375 2064 1532 2102; x_wconf 87' lang='lat' dir='ltr'>uenenis</span> 
     </span>
     <span class='ocr_line' id='line_1_28' title="bbox 632 2133 1625 2183; baseline -0.001 -11"><span class='ocrx_word' id='word_1_168' title='bbox 632 2134 738 2172; x_wconf 89' lang='lat' dir='ltr'>Haec</span> <span class='ocrx_word' id='word_1_169' title='bbox 754 2134 849 2172; x_wconf 91' lang='lat' dir='ltr'>mihi</span> <span class='ocrx_word' id='word_1_170' title='bbox 870 2145 960 2183; x_wconf 86' lang='lat' dir='ltr'>prae</span> <span class='ocrx_word' id='word_1_171' title='bbox 982 2134 1129 2172; x_wconf 89' lang='lat' dir='ltr'>cunctis</span> <span class='ocrx_word' id='word_1_172' title='bbox 1151 2134 1323 2172; x_wconf 86' lang='lat' dir='ltr'>narrauit</span> <span class='ocrx_word' id='word_1_173' title='bbox 1345 2133 1469 2171; x_wconf 86' lang='lat' dir='ltr'>dulcia</span> <span class='ocrx_word' id='word_1_174' title='bbox 1490 2133 1625 2181; x_wconf 84' lang='lat' dir='ltr'>pomis.</span> 
     </span>
     <span class='ocr_line' id='line_1_29' title="bbox 690 2202 1641 2251; baseline -0.001 -11"><span class='ocrx_word' id='word_1_175' title='bbox 690 2203 800 2240; x_wconf 89' lang='lat' dir='ltr'>Ilicet</span> <span class='ocrx_word' id='word_1_176' title='bbox 821 2203 1058 2251; x_wconf 88' lang='lat' dir='ltr'>omnipotens</span> <span class='ocrx_word' id='word_1_177' title='bbox 1080 2204 1305 2241; x_wconf 88' lang='lat' dir='ltr'>condemnat</span> <span class='ocrx_word' id='word_1_178' title='bbox 1326 2204 1435 2250; x_wconf 82' lang='lat' dir='ltr'>gesta</span> <span class='ocrx_word' id='word_1_179' title='bbox 1453 2202 1641 2248; x_wconf 87' lang='lat' dir='ltr'>draconis,</span> 
     </span>
     <span class='ocr_line' id='line_1_30' title="bbox 631 2271 1630 2320; baseline -0.001 -12"><span class='ocrx_word' id='word_1_180' title='bbox 631 2271 877 2320; x_wconf 86' lang='lat' dir='ltr'>Praecipiens</span> <span class='ocrx_word' id='word_1_181' title='bbox 900 2272 1047 2310; x_wconf 87' lang='lat' dir='ltr'>cunctis</span> <span class='ocrx_word' id='word_1_182' title='bbox 1068 2272 1235 2309; x_wconf 87' lang='lat' dir='ltr'>inuisum</span> <span class='ocrx_word' id='word_1_183' title='bbox 1256 2272 1379 2310; x_wconf 89' lang='lat' dir='ltr'>uisere</span> <span class='ocrx_word' id='word_1_184' title='bbox 1401 2273 1630 2309; x_wconf 88' lang='lat' dir='ltr'>monstrum:</span> 
     </span>
     <span class='ocr_line' id='line_1_31' title="bbox 633 2340 1595 2388; baseline -0.001 -10"><span class='ocrx_word' id='word_1_185' title='bbox 633 2342 791 2379; x_wconf 87' lang='lat' dir='ltr'>Pectore</span> <span class='ocrx_word' id='word_1_186' title='bbox 813 2352 899 2379; x_wconf 80' lang='lat' dir='ltr'>mox</span> <span class='ocrx_word' id='word_1_187' title='bbox 920 2341 1005 2379; x_wconf 85' lang='lat' dir='ltr'>fuso</span> <span class='ocrx_word' id='word_1_188' title='bbox 1027 2351 1240 2388; x_wconf 89' lang='lat' dir='ltr'>prorepere,</span> <span class='ocrx_word' id='word_1_189' title='bbox 1263 2342 1344 2378; x_wconf 87' lang='lat' dir='ltr'>tum</span> <span class='ocrx_word' id='word_1_190' title='bbox 1366 2340 1447 2378; x_wconf 86' lang='lat' dir='ltr'>sola</span> <span class='ocrx_word' id='word_1_191' title='bbox 1468 2350 1595 2378; x_wconf 89' lang='lat' dir='ltr'>morsu</span> 
     </span>
     <span class='ocr_line' id='line_1_32' title="bbox 521 2407 1670 2457; baseline -0.002 -11"><span class='ocrx_word' id='word_1_192' title='bbox 521 2410 602 2448; x_wconf 93' lang='grc'>110</span> <span class='ocrx_word' id='word_1_193' title='bbox 632 2410 823 2457; x_wconf 85' lang='lat' dir='ltr'>Mandere,</span> <span class='ocrx_word' id='word_1_194' title='bbox 845 2421 1021 2448; x_wconf 89' lang='lat' dir='ltr'>mansuro</span> <span class='ocrx_word' id='word_1_195' title='bbox 1044 2421 1299 2457; x_wconf 90' lang='lat' dir='ltr'>quaecumque</span> <span class='ocrx_word' id='word_1_196' title='bbox 1321 2410 1357 2447; x_wconf 88' lang='lat' dir='ltr'>in</span> <span class='ocrx_word' id='word_1_197' title='bbox 1381 2411 1550 2456; x_wconf 88' lang='lat' dir='ltr'>tempora</span> <span class='ocrx_word' id='word_1_198' title='bbox 1572 2407 1670 2445; x_wconf 89' lang='lat' dir='ltr'>bello</span> 
     </span>
    </p>
   </div>
   <div class='ocr_carea' id='block_1_3' title="bbox 377 2622 1886 2890">
    <p class='ocr_par' dir='ltr' id='par_1_3' title="bbox 377 2622 1886 2890">
     <span class='ocr_line' id='line_1_33' title="bbox 471 2622 1886 2665; baseline -0.001 -8"><span class='ocrx_word' id='word_1_199' title='bbox 471 2623 518 2657; x_wconf 90' lang='grc'>80</span> <span class='ocrx_word' id='word_1_200' title='bbox 541 2623 674 2657; x_wconf 89' lang='lat' dir='ltr'>redibit</span> <span class='ocrx_word' id='word_1_201' title='bbox 698 2623 743 2665; x_wconf 88' lang='lat' dir='ltr'>R,</span> <span class='ocrx_word' id='word_1_202' title='bbox 769 2624 944 2657; x_wconf 83' lang='lat' dir='ltr'>remeabit</span> <span class='ocrx_word' id='word_1_203' title='bbox 969 2624 1153 2658; x_wconf 76' lang='lat' dir='ltr'>Morclius</span> <span class='ocrx_word' id='word_1_204' title='bbox 1178 2628 1211 2658; x_wconf 78' lang='lat' dir='ltr'>ct</span> <span class='ocrx_word' id='word_1_205' title='bbox 1236 2635 1257 2659; x_wconf 68' lang='lat' dir='ltr'><em>v</em></span> <span class='ocrx_word' id='word_1_206' title='bbox 1407 2622 1562 2657; x_wconf 85' lang='lat' dir='ltr'>carmine</span> <span class='ocrx_word' id='word_1_207' title='bbox 1588 2622 1623 2657; x_wconf 98' lang='lat' dir='ltr'><em>R</em></span> <span class='ocrx_word' id='word_1_208' title='bbox 1760 2622 1804 2655; x_wconf 82' lang='grc'>86</span> <span class='ocrx_word' id='word_1_209' title='bbox 1830 2632 1886 2655; x_wconf 87' lang='lat' dir='ltr'>co-</span> 
     </span>
     <span class='ocr_line' id='line_1_34' title="bbox 377 2679 1840 2726; baseline -0.002 -11"><span class='ocrx_word' id='word_1_210' title='bbox 377 2680 474 2726; x_wconf 89' lang='lat' dir='ltr'>pulit</span> <span class='ocrx_word' id='word_1_211' title='bbox 498 2681 534 2716; x_wconf 87' lang='lat' dir='ltr'><em>R</em></span> <span class='ocrx_word' id='word_1_212' title='bbox 742 2681 919 2715; x_wconf 86' lang='lat' dir='ltr'>insuetum</span> <span class='ocrx_word' id='word_1_213' title='bbox 946 2681 1039 2715; x_wconf 76' lang='lat' dir='ltr'>coni.</span> <span class='ocrx_word' id='word_1_214' title='bbox 1066 2681 1248 2716; x_wconf 79' lang='lat' dir='ltr'>Cauchius</span> <span class='ocrx_word' id='word_1_215' title='bbox 1454 2680 1500 2714; x_wconf 92' lang='lat'>90</span> <span class='ocrx_word' id='word_1_216' title='bbox 1525 2679 1687 2723; x_wconf 87' lang='lat' dir='ltr'>cumque]</span> <span class='ocrx_word' id='word_1_217' title='bbox 1714 2689 1780 2723; x_wconf 90' lang='lat' dir='ltr'>que</span> <span class='ocrx_word' id='word_1_218' title='bbox 1806 2679 1840 2713; x_wconf 87' lang='lat' dir='ltr'><em>R</em></span> 
     </span>
     <span class='ocr_line' id='line_1_35' title="bbox 378 2736 1837 2783; baseline -0.003 -10"><span class='ocrx_word' id='word_1_219' title='bbox 378 2738 424 2773; x_wconf 87' lang='grc'>96</span> <span class='ocrx_word' id='word_1_220' title='bbox 448 2739 533 2772; x_wconf 89' lang='lat' dir='ltr'>tuus</span> <span class='ocrx_word' id='word_1_221' title='bbox 558 2738 594 2773; x_wconf 88' lang='lat' dir='ltr'><em>R</em></span> <span class='ocrx_word' id='word_1_222' title='bbox 790 2739 833 2773; x_wconf 82' lang='lat'>97</span> <span class='ocrx_word' id='word_1_223' title='bbox 858 2740 943 2772; x_wconf 92' lang='lat' dir='ltr'>tunc</span> <span class='ocrx_word' id='word_1_224' title='bbox 969 2750 989 2774; x_wconf 84' lang='grc' dir='ltr'><strong><em>υ</em></strong></span> <span class='ocrx_word' id='word_1_225' title='bbox 1191 2739 1236 2773; x_wconf 89' lang='grc'>98</span> <span class='ocrx_word' id='word_1_226' title='bbox 1260 2736 1467 2783; x_wconf 87' lang='lat' dir='ltr'>promptim]</span> <span class='ocrx_word' id='word_1_227' title='bbox 1493 2738 1698 2780; x_wconf 88' lang='lat' dir='ltr'>promptum</span> <span class='ocrx_word' id='word_1_228' title='bbox 1723 2739 1776 2770; x_wconf 89' lang='lat' dir='ltr'>est</span> <span class='ocrx_word' id='word_1_229' title='bbox 1802 2736 1837 2770; x_wconf 93' lang='lat' dir='ltr'><em>R</em></span> 
     </span>
     <span class='ocr_line' id='line_1_36' title="bbox 377 2793 1882 2841; baseline -0.003 -11"><span class='ocrx_word' id='word_1_230' title='bbox 377 2796 422 2830; x_wconf 89' lang='grc'>99</span> <span class='ocrx_word' id='word_1_231' title='bbox 447 2795 588 2830; x_wconf 81' lang='lat' dir='ltr'>cadenti</span> <span class='ocrx_word' id='word_1_232' title='bbox 612 2795 647 2831; x_wconf 90' lang='lat' dir='ltr'><em>R</em></span> <span class='ocrx_word' id='word_1_233' title='bbox 789 2796 856 2830; x_wconf 89' lang='lat'>109</span> <span class='ocrx_word' id='word_1_234' title='bbox 881 2806 1088 2841; x_wconf 86' lang='lat' dir='ltr'>proreppere</span> <span class='ocrx_word' id='word_1_235' title='bbox 1113 2796 1149 2831; x_wconf 89' lang='lat' dir='ltr'><em>R</em></span> <span class='ocrx_word' id='word_1_236' title='bbox 1289 2795 1357 2829; x_wconf 91' lang='lat'>110</span> <span class='ocrx_word' id='word_1_237' title='bbox 1380 2793 1546 2828; x_wconf 87' lang='lat' dir='ltr'>mandere</span> <span class='ocrx_word' id='word_1_238' title='bbox 1578 2793 1770 2835; x_wconf 79' lang='lat' dir='ltr'>Cauchius,</span> <span class='ocrx_word' id='word_1_239' title='bbox 1796 2803 1882 2836; x_wconf 82' lang='lat' dir='ltr'>pan-</span> 
     </span>
     <span class='ocr_line' id='line_1_37' title="bbox 378 2853 523 2890; baseline 0.014 -2"><span class='ocrx_word' id='word_1_240' title='bbox 378 2853 459 2888; x_wconf 87' lang='lat' dir='ltr'>dere</span> <span class='ocrx_word' id='word_1_241' title='bbox 486 2854 523 2890; x_wconf 84' lang='lat' dir='ltr'><em>R</em></span> 
     </span>
    </p>
   </div>
  </div>
 </body>
</html>
