2032 3248
373 230 459 275 314

1089 228 1227 263 Index

373 344 629 380 commeatibus
654 342 784 378 crebris
808 342 979 387 respirare
1004 343 1058 385 61,
1075 342 1097 377 3
1157 343 1162 381 Ι
1194 342 1277 377 deos
1301 341 1484 386 explorata
1519 342 1657 377 ueritas
1681 353 1754 378 non
1788 353 1944 388 compre-

374 401 690 437 commendaticiae
715 411 832 446 preces
857 400 913 442 97,
930 400 975 435 25

372 458 622 495 commentarii
657 457 814 493 conferre
853 457 893 491 in
930 457 1127 492 formulam

420 516 496 559 180,
522 516 565 550 18
611 516 650 551 in
691 514 961 550 commentarios
998 514 1127 549 referre

420 574 495 616 187,
525 574 571 609 28
618 574 656 608 in
691 571 964 608 commentarios
1002 570 1126 606 referri

417 632 495 674 211,
514 631 558 666 26
582 641 644 676 per
657 629 927 666 commentarios
941 631 978 664 et
994 629 1127 674 scripta

417 689 496 732 210,
516 688 559 724 15

372 746 580 783 commercia
603 745 769 780 uniuersa
787 743 985 790 pretiorum
1002 745 1124 779 aucto-

415 803 526 839 ritate
550 804 731 848 prostrata
757 802 810 843 11,
828 801 874 836 28

373 861 614 896 comminuere
639 860 799 905 regiones
825 860 857 901 6,
877 859 918 893 17

371 918 570 953 comminus
606 918 730 953 uxoria
755 916 1006 961 coniugatione
1040 915 1124 950 mis-

415 975 486 1010 ceri
523 975 598 1017 192,
613 975 658 1010 23
705 985 821 1009 coram
857 975 893 1009 et
927 973 1124 1009 comminus

416 1032 496 1075 217,
515 1033 536 1067 6

370 1089 592 1125 commodare
615 1089 831 1135 patientiam
857 1088 935 1131 204,
952 1089 974 1123 6

369 1147 409 1183 111
421 1157 542 1182 eorum
559 1146 830 1182 commoditates
844 1146 922 1188 239,
936 1146 958 1181 8
974 1145 1127 1180 alicuius

422 1204 743 1239 commoditatibus
761 1204 843 1239 dare
859 1204 893 1245 9,
906 1204 951 1239 25
974 1213 1128 1240 commo-

411 1261 589 1297 ditatibus
614 1261 806 1306 suffragari
833 1261 911 1303 215,
929 1261 951 1296 9

371 1311 589 1355 commodule
614 1320 667 1362 62,
687 1319 732 1355 26

369 1376 604 1412 commodulis
613 1401 622 1411 .
635 1403 645 1412 .
658 1377 810 1412 ‚nostris
837 1377 890 1420 10,
908 1376 930 1411 6

371 1435 613 1469 commortuus
639 1434 744 1468 malis
770 1434 845 1469 suis
870 1433 925 1475 33,
943 1433 966 1468 8

372 1501 558 1527 commune
581 1506 625 1521 =
650 1491 806 1530 ἐπιεικές
830 1491 885 1533 88,
900 1490 945 1526 28
969 1500 1126 1525 commu-

417 1549 476 1583 nis
513 1548 622 1584 officii
654 1559 709 1583 res
742 1548 858 1592 16,19
908 1547 1126 1583 condicionis

417 1616 493 1640 esse
510 1605 704 1641 communis
723 1606 779 1650 (=
793 1606 992 1649 humanae)
1007 1605 1063 1648 24,
1083 1605 1126 1640 18

416 1663 537 1708 quiuis
551 1663 657 1698 homo
667 1663 825 1698 sentiens
835 1662 1039 1698 communia
1047 1662 1125 1704 278,

417 1720 459 1755 12
497 1720 533 1755 in
560 1719 704 1765 gaudiis
728 1720 977 1756 communibus
1001 1719 1126 1754 ducere

414 1777 469 1820 81,
489 1777 531 1812 12

370 1835 605 1870 communiter
619 1837 676 1880 (=
694 1845 772 1871 ‘non
788 1835 995 1881 alleqorice)
1013 1833 1124 1879 scrip-

418 1894 497 1928 tum
521 1893 600 1937 206,
619 1893 661 1928 13

371 1951 581 1996 compagine
617 1950 656 1984 in
695 1960 861 1995 corporea
898 1950 976 1992 268,
995 1949 1038 1984 14
1080 1948 1125 1984 ad

416 2008 563 2043 deorum
613 2008 846 2052 conpaginem
901 2006 1124 2042 retinendam

415 2065 493 2107 239,
513 2065 556 2100 12

370 2124 576 2168 comparata
599 2122 733 2157 derisui
759 2122 835 2164 174,
852 2122 896 2156 22

368 2190 544 2225 nusquam
569 2180 760 2224 conparuit
783 2180 862 2222 280,
879 2180 903 2214 8

369 2236 559 2282 comparili
584 2237 723 2272 ratione
747 2237 803 2281 60,
820 2237 865 2273 28

369 2293 581 2339 conpellare,
605 2293 799 2330 dilacerare
823 2294 878 2335 45,
895 2294 919 2329 4

369 2352 607 2398 conpendium
631 2351 715 2386 dare
739 2351 847 2386 alicui
874 2351 949 2394 151,
969 2351 1012 2386 15
1035 2350 1124 2385 scire

415 2409 663 2454 compendium
688 2411 742 2444 est
766 2409 820 2451 97,
839 2410 861 2444 9

369 2466 643 2511 conpensatione
683 2465 913 2511 aequalitatis
949 2466 1123 2501 libratum

413 2523 471 2565 86,
485 2523 527 2558 21

368 2582 558 2625 conpetens
583 2591 688 2616 causa
713 2580 827 2623 73,19

368 2638 581 2683 conpingere
598 2637 766 2673 obscenas
783 2638 968 2673 cantiones
986 2637 1063 2679 267,
1078 2637 1123 2672 22

368 2704 500 2738 conpos
525 2695 603 2730 uoti
635 2696 743 2740 atque
775 2694 1013 2740 expeditionis
1047 2694 1122 2738 199,

367 2809 407 2847 111
431 2808 567 2844 litteris
599 2809 892 2854 comprehensum
917 2811 953 2844 et
985 2819 1125 2854 compo·

343 2909 348 2916 ι
415 2865 528 2901 situm
552 2866 585 2909 6,
603 2866 658 2911 16}

1237 398 1366 434 hendit
1384 399 1461 441 127,
1481 398 1525 434 10
1547 399 1639 433 nihil
1653 400 1944 445 comprehensum

1237 456 1367 492 habere
1384 456 1439 498 26,
1455 456 1478 491 3
1503 456 1579 491 sine
1595 457 1680 491 ullis
1705 457 1943 493 dubitationi-

1237 513 1305 549 bus
1322 513 1557 558 conprehensa
1575 513 1649 557 164,
1667 515 1708 549 12
1732 514 1826 550 faces
1844 515 1944 550 fiam-

1238 570 1307 605 mis
1344 571 1601 616 conprehensae
1638 572 1750 615 196,1
1801 583 1945 618 conpre-

1237 628 1369 663 hensae
1385 628 1463 674 igni
1479 628 1573 664 faces
1598 629 1676 673 205,
1692 629 1737 664 26
1762 629 1945 665 oculorum

1238 685 1400 721 sensibus
1447 688 1504 721 est
1542 685 1821 731 conprehensum
1866 686 1945 728 280,

1240 743 1284 780 19
1335 755 1399 789 pro
1430 743 1592 789 probatis
1624 745 1661 778 et
1685 743 1945 789 comprehensis

1237 801 1293 843 52,
1312 801 1334 835 8

1191 859 1454 904 comprehensio
1478 859 1666 893 numinum
1701 850 1778 901 136,
1798 859 1840 894 13
1889 869 1944 894 ex-

1236 916 1400 962 plicabili
1416 927 1487 951 non
1505 917 1625 960 potest
1647 916 1944 961 conprehensione

1238 975 1405 1019 cognosci
1440 974 1492 1016 12,
1526 974 1567 1009 13
1615 973 1695 1008 falli
1728 973 1944 1019 cognitionis

1236 1031 1275 1066 in
1299 1032 1446 1066 mutuae
1470 1030 1784 1076 comprehensione
1811 1030 1945 1073 121,14

1236 1090 1421 1123 nominum
1438 1088 1798 1133 conprehensionibus
1819 1088 1942 1123 termi-

1236 1146 1314 1181 nati
1339 1147 1394 1190 86,
1413 1146 1458 1181 23

1192 1203 1406 1248 compressio
1432 1203 1603 1239 uitiorum
1627 1203 1708 1247 210,
1726 1203 1771 1238 24
1807 1202 1945 1247 cupidi—

1237 1260 1329 1295 tatis
1365 1262 1401 1295 et
1436 1261 1653 1296 temeritatis
1682 1261 1759 1304 212,
1784 1260 1807 1295 5
1842 1259 1946 1295 Dies-

1236 1317 1328 1363 pitri
1356 1317 1473 1353 factae
1506 1320 1592 1352 sunt
1623 1317 1943 1363 compressionibus

1238 1375 1331 1410 fetae
1358 1375 1436 1419 104,
1454 1375 1499 1409 22

1191 1432 1230 1467 in
1254 1443 1359 1467 usum
1389 1432 1669 1477 computationis
1698 1432 1821 1467 uenire
1851 1432 1906 1474 57,
1926 1431 1945 1466 1

1192 1491 1398 1534 computare
1415 1500 1478 1535 pro
1501 1489 1649 1524 ludicris
1673 1489 1946 1524 uaticinationi—

1237 1546 1304 1582 bus
1329 1547 1384 1589 46,
1405 1547 1445 1582 11
1482 1547 1584 1582 nulla
1616 1557 1690 1582 esse
1714 1547 1753 1581 in
1778 1547 1944 1582 substan-

1237 1604 1292 1639 tia
1317 1606 1562 1649 computatam
1589 1605 1664 1645 105,
1682 1605 1704 1639 5

1192 1662 1417 1698 consauciare
1442 1673 1482 1696 ex
1506 1661 1672 1696 odoribus
1697 1661 1871 1696 morbidis
1895 1672 1947 1696 re-

1236 1719 1361 1764 giones
1386 1719 1522 1754 uicinas
1547 1719 1625 1760 251,
1645 1719 1686 1753 21

1190 1777 1257 1812 hoc
1281 1778 1442 1812 nostram
1474 1776 1723 1811 conscientiam
1749 1786 1818 1811 non
1849 1775 1947 1820 fugit

1236 1834 1369 1869 lectum
1394 1835 1430 1869 et
1454 1833 1612 1878 positum
1637 1834 1714 1876 273,
1734 1835 1777 1869 10

1191 1891 1403 1936 conscriptio
1431 1891 1506 1934 187,
1522 1891 1574 1925 11.
1601 1891 1679 1933 212,
1696 1891 1742 1926 20
1771 1892 1946 1936 conscrip-

1235 1949 1351 1983 tiones
1379 1948 1451 1990 160,
1468 1948 1521 1984 12.
1541 1948 1618 1991 203,
1632 1948 1678 1983 25
1702 1949 1888 1983 annalium
1908 1949 1944 1983 in

1237 2005 1564 2051 conscriptionibus
1611 2006 1766 2050 legimus
1813 2006 1892 2051 271,
1923 2007 1945 2041 6

1236 2064 1420 2098 auctorum
1469 2063 1749 2108 conscriptiones
1797 2063 1875 2107 218,
1903 2063 1945 2097 12

1237 2131 1355 2155 rerum
1393 2120 1673 2166 conscriptiones
1707 2120 1785 2164 283,
1805 2120 1848 2155 13
1895 2130 1946 2154 re-

1236 2188 1317 2212 rum
1347 2179 1532 2223 gestarum
1565 2178 1842 2222 conscriptiones
1867 2177 1946 2219 208,

1237 2234 1280 2269 19

1189 2292 1445 2337 conscriptores
1477 2293 1592 2327 nostri
1616 2292 1671 2335 37,
1697 2292 1751 2328 23.
1777 2292 1833 2335 38,
1849 2291 1895 2326 23

1189 2359 1390 2384 consecrare
1407 2361 1530 2394 corpus
1557 2349 1633 2392 180,
1653 2350 1695 2384 13
1718 2349 1843 2394 pinum
1868 2347 1947 2390 208,

1236 2406 1279 2441 27
1320 2406 1485 2442 diuorum
1514 2407 1552 2441 in
1580 2416 1726 2442 numero
1751 2404 1948 2442 consecrari

1237 2464 1312 2506 161,
1343 2464 1382 2498 11
1410 2464 1604 2499 consecrati
1617 2479 1660 2494 =
1677 2463 1814 2499 initiati
1832 2463 1907 2506 193,
1927 2462 1946 2495 7

1190 2522 1459 2556 consectaneum
1484 2523 1539 2556 est
1563 2522 1701 2556 credere
1725 2520 1803 2558 241,
1823 2519 1865 2554 12

1190 2578 1458 2614 consecutiones
1482 2578 1662 2614 lucrorum
1688 2577 1763 2619 148,
1781 2578 1803 2612 6

1190 2645 1432 2670 consenescere
1472 2635 1689 2671 cruciatibus
1737 2633 1941 2669 morborum

1190 2750 1375 2786 consensio
1398 2750 1557 2785 humana
1583 2750 1659 2793 131,
1678 2750 1700 2785 8

1190 2807 1235 2843 ad
1260 2818 1467 2843 consensum
1491 2807 1542 2842 rei
1566 2807 1753 2842 traducere
1780 2807 1834 2849 39,
1855 2806 1895 2840 19

1191 2863 1466 2901 consentiendus
1491 2866 1546 2899 est
1573 2864 1648 2906 166,
1668 2864 1690 2899 5
