2032 3248
782 207 910 242 nibet
946 208 986 242 v.
1549 211 1626 251 155

139 323 270 364 radice
312 322 518 374 complexa
558 323 631 371 est,
674 322 715 362 iu
755 322 911 375 stipitis
943 323 1103 364 exiliuit
1134 323 1266 373 robur,
1304 324 1487 364 oneratos
1519 322 1626 363 fudit

140 390 356 432 balaustiis
394 402 527 431 ramos
558 392 598 431 et
628 391 668 431 in
701 391 839 442 puncti
881 391 1010 443 spatio
1042 403 1162 443 poma
1194 392 1340 432 extulit
1373 391 1503 442 mitia,
1536 404 1624 444 per-

140 459 323 501 fectionis
355 458 540 512 propriae
570 459 812 500 maturitate
836 460 1065 511 completa?
1098 462 1138 501 et
1161 460 1256 512 quia
1278 461 1325 501 dc
1347 461 1467 501 rubro
1490 462 1625 501 exorta

141 530 235 568 sunt
280 528 376 568 haec
422 527 633 581 sanguine,
681 527 830 569 idcireo
869 527 954 568 illis
995 528 1102 569 color
1141 530 1201 570 est
1232 529 1423 582 purpurei
1456 529 1624 570 luminis·

111 596 375 637 ssuffectione
406 596 635 643 subluteus;
669 596 809 637 addite
840 596 918 637 huc
948 597 1071 638 etiam
1105 597 1252 638 idcirco
1285 610 1370 638 esse
1393 598 1529 647 uuida,
1561 597 1625 638 id-

139 665 242 706 circo
275 665 429 714 niuosa,
463 664 566 717 quod
600 677 645 705 ex
678 665 874 719 sanguine
900 665 993 706 uino
1017 665 1222 707 saburrati
1244 679 1369 719 genus
1393 667 1553 718 ducant,
1586 669 1624 707 et

140 733 324 775 fabulam
347 733 631 774 conuenienter
654 733 872 785 implestis.
917 747 937 775 0
961 735 1136 783 Abdera,
1160 734 1333 779 Abdera,
1357 735 1473 776 dares
1495 748 1625 787 quan-

140 812 202 843 tas
234 802 323 842 uias
354 801 598 842 mortalibus
631 801 846 852 inridendi,
880 803 976 843 talis
1009 805 1039 844 si
1073 803 1179 855 apud
1212 804 1251 843 te
1273 804 1376 844 esset
1398 802 1538 843 fabula
1569 802 1626 843 ita

139 870 331 911 conflata!
372 869 534 910 discunt
566 884 655 910 eam
687 871 820 911 cuncti
852 874 987 923 patres
1020 873 1059 912 et
1091 871 1376 923 superciliosae
1411 871 1626 924 perlegunt

93 954 125 977 ιο
139 938 339 987 ciuitates,
373 940 413 979 et
445 951 530 979 esse
563 940 608 979 tu
639 939 754 980 fatua
776 942 816 980 et
838 939 1079 980 stoliditatis
1103 939 1394 993 frigidissimae
1416 939 1623 980 iudicaris.

138 1020 208 1060 per
238 1007 385 1056 sinum,
417 1007 564 1060 inquit,
599 1006 714 1048 Nana
746 1008 876 1049 filium
907 1008 1090 1061 concepit
1114 1021 1156 1049 ex
1178 1019 1310 1062 p0m0.
1343 1008 1527 1061 sequitur
1549 1009 1691 1050 sci-13

138 1076 235 1117 licet
273 1075 397 1117 ratio:
445 1075 514 1116 ubi
546 1076 652 1116 euim
685 1078 821 1117 cautes
855 1078 895 1117 et
927 1090 1020 1118 saxa
1061 1077 1224 1129 pariunt
1263 1077 1379 1127 dura,
1418 1077 1475 1118 ibi
1507 1089 1626 1130 poma

138 1156 294 1185 necesse
333 1145 394 1184 est
439 1144 606 1185 suriant.
660 1145 880 1197 glandibus
922 1147 1043 1197 atque
1083 1145 1166 1186 ficis
1212 1145 1346 1186 alebat
1386 1146 1626 1199 Berecyntia

138 1213 364 1267 religatam.
410 1213 696 1254 conuenienter
729 1215 770 1254 et
802 1216 932 1255 recte:
966 1214 1097 1266 pomis
1131 1215 1241 1255 enim
1273 1214 1468 1255 debuerat
1489 1215 1626 1255 uiuere

94 1295 240 1334 isquae
271 1284 400 1323 mater
431 1282 562 1322 fuerat
593 1283 700 1322 facta
732 1282 779 1322 de
811 1294 943 1334 pomo.
983 1284 1198 1334 postquam
1232 1282 1336 1323 fetus
1359 1282 1531 1323 emissus
1553 1284 1625 1328 est,

138 1350 257 1403 louge
288 1351 422 1391 iussus
453 1352 514 1391 est
546 1350 594 1391 ab
619 1349 813 1403 Sangario
837 1350 983 1403 proici:
1016 1364 1135 1403 quein
1167 1352 1406 1403 conceptum
1428 1350 1626 1392 diuinitus

140 1419 311 1460 eredidit
327 1432 410 1460 esse
430 1419 681 1468 iamdudum,
707 1420 951 1473 dedignatus
971 1422 1031 1460 est
1049 1419 1229 1461 subolem
1247 1419 1309 1460 sui
1327 1419 1506 1474 pignoris
1523 1433 1625 1460 nun-

140 1488 288 1540 cupari.
337 1487 440 1529 lacte
479 1487 614 1529 infans
655 1488 850 1528 educatus
890 1488 1076 1540 hirquino
1117 1491 1190 1529 est.
1237 1501 1257 1529 0
1297 1488 1476 1529 fabulam
1516 1489 1625 1530 sexui

140 1556 348 1597 inimicam
380 1568 538 1608 semper
570 1558 691 1608 atque
723 1556 1035 1597 infestissimam
1069 1557 1306 1606 masculino,
1340 1558 1379 1598 in
1413 1569 1491 1610 qua
1512 1570 1624 1599 secus

93 1640 126 1665 20
140 1626 258 1667 uirile
290 1638 366 1666 non
399 1625 531 1665 solum
562 1624 748 1666 homines
780 1626 957 1678 ponunt,
989 1625 1057 1665 sed
1088 1626 1259 1677 pecudes
1291 1626 1415 1666 etiam
1447 1626 1551 1667 fiunt
1581 1638 1625 1667 ex

141 1694 318 1735 maribus
349 1694 514 1735 matres.
561 1693 837 1745 pulcritudine
878 1693 1021 1735 inclita
1054 1697 1094 1734 et
1124 1694 1388 1746 praedicabili
1426 1694 1506 1735 fuit
1533 1694 1537 1748 Ι
1565 1694 1627 1734 in-
1643 1701 1743 1733 s.105

140 1763 317 1815 signitus
356 1762 507 1802 decore.
555 1761 814 1802 admirabilis
854 1774 915 1803 res
956 1762 1073 1810 satis,
1115 1762 1220 1814 quod
1265 1774 1342 1802 non
1375 1762 1494 1803 illum
1527 1763 1628 1803 fetor

140 1831 351 1872 uitabilein
386 1830 564 1871 reddidit
596 1829 915 1883 fugiendumque
947 1830 1148 1883 caprinus.
1198 1830 1332 1871 Mater
1362 1843 1454 1871 eum
1486 1830 1628 1871 dilexit

187 2024 203 2055 1
231 2022 370 2056 exiliuit
398 2022 489 2055 sab.-
527 2021 607 2055 exili
635 2024 673 2054 ut
704 2022 733 2054 P
908 2024 1068 2054 ona-ratos
1095 2022 1187 2054 Sub:
1222 2022 1411 2054 honeratus
1437 2031 1481 2054 ea:
1506 2031 1624 2054 onera-

141 2090 196 2112 :us
225 2079 258 2112 P
420 2079 441 2111 2
466 2079 586 2122 puncti
613 2079 725 2121 spatio
758 2078 842 2111 Urs:
876 2077 1016 2120 punctis
1043 2078 1132 2110 ratio
1160 2078 1193 2110 P
1222 2077 1444 2120 punctistitio
1473 2078 1538 2111 Gel

139 2138 159 2170 4
186 2136 293 2170 illisu
319 2137 351 2168 P
485 2136 506 2169 5
530 2135 710 2168 effectione
730 2135 828 2168 Salm
965 2135 985 2167 6
1004 2135 1145 2167 *niuosa
1164 2135 1198 2168 P
1334 2134 1415 2167 uino
1441 2134 1515 2167 add
1542 2134 1625 2167 Zin-

139 2195 217 2227 lcius
354 2193 528 2226 saburrati
553 2193 740 2225 Oelclerus:
766 2191 964 2224 saburratio
990 2192 1023 2223 P
1046 2191 1227 2224 saburrato
1259 2192 1324 2224 (iel
1463 2191 1480 2223 7
1507 2190 1626 2233 imple-

141 2251 186 2283 ris
207 2251 278 2285 Sub
411 2250 509 2283 dares
527 2249 600 2283 add
618 2251 714 2282 Salve
847 2250 994 2292 quantas
1013 2248 1099 2292 uias]
1121 2259 1222 2291 quam
1242 2248 1302 2281 fias
1329 2248 1393 2282 Gel
1410 2258 1512 2290 quain
1532 2247 1626 2280 fieres

147 2309 212 2341 l'rs
328 2309 364 2341 in
385 2318 436 2352 my
455 2307 483 2339 R
591 2308 611 2340 8
629 2305 805 2340 irridenda
829 2305 892 2338 Gez
1007 2305 1027 2338 9
1045 2305 1195 2338 conflata
1216 2304 1305 2338 Sal).-
1324 2305 1484 2347 couplata
1503 2304 1537 2337 P

140 2364 279 2398 discunt
302 2364 389 2398 Urs:
414 2364 535 2397 dicunt
556 2364 588 2396 P
721 2363 762 2396 10
779 2362 895 2395 factu-a
914 2363 946 2394 P
961 2371 1040 2395 corr
1170 2361 1338 2394 iudicares
1363 2368 1390 2394 ς’
1517 2362 1555 2394 11
1576 2361 1626 2393 in-

141 2421 223 2464 quid
248 2423 281 2453 P
387 2421 521 2455 scilicet
539 2421 744 2455 Mem-sius.-
775 2431 809 2452 se
830 2421 863 2453 P
971 2419 1012 2452 12
1039 2419 1086 2451 ibi
1109 2419 1196 2452 Sub:
1224 2419 1280 2451 ubi
1303 2418 1336 2451 P
1449 2428 1551 2460 poma
1577 2417 1624 2450 ibi

143 2479 211 2511 [sab
331 2480 370 2512 13
388 2478 524 2511 suriant
547 2478 634 2511 Urs:
658 2479 808 2518 surgant
826 2478 859 2510 P
975 2476 1162 2519 glandibus
1182 2475 1272 2508 Sab:
1300 2475 1486 2508 blaudibus
1506 2475 1539 2507 P

142 2535 181 2567 14
207 2536 397 2578 relegatam
424 2535 612 2568 Mem-sius
788 2534 828 2567 17
855 2532 1065 2575 dedignatus
1093 2533 1326 2566 stewechius:
1363 2531 1569 2573 designatus
1596 2532 1628 2563 1¹

140 2602 174 2625 ot
199 2593 227 2625 si
252 2595 382 2635 gnatus
410 2592 480 2625 sab
618 2595 708 2624 essct
728 2591 798 2623 Sub
939 2592 979 2623 15
1006 2590 1054 2623 ist
1071 2590 1104 2623 P
1120 2600 1202 2623 corr
1342 2590 1381 2621 19
1407 2599 1503 2620 secus
1522 2588 1624 2620 uirile

141 2649 446 2683 Jslmenhorstias:
471 2660 505 2682 se
524 2659 619 2681 secus
638 2649 740 2681 uirile
761 2649 791 2679 P
813 2659 911 2680 sexus
931 2647 1049 2680 uiriles
1072 2646 1142 2679 Sub
1280 2645 1319 2678 21
1341 2647 1469 2677 matres
1495 2644 1569 2683 l‘rs,
1589 2655 1626 2677 r:

142 2716 252 2738 mares
271 2707 304 2738 P
426 2706 556 2749 inclyta.
577 2708 605 2737 1¹
726 2705 768 2737 22
786 2704 895 2737 foetor
914 2703 985 2736 Sal>
1014 2703 1125 2736 faetor
1143 2713 1178 2735 r:
1208 2701 1301 2735 sacto
1323 2702 1354 2734 P
1477 2702 1519 2733 :23
1539 2701 1628 2734 uita-

143 2761 246 2796 bilcm
274 2764 357 2804 Sab,
383 2774 421 2797 r:
461 2762 607 2796 uitabile
638 2763 669 2795 P
