2032 3248
361 207 447 250 240
768 205 961 239 Arnobii
994 204 1207 240 aduersus
1240 205 1453 240 nationes

360 321 539 364 salutem
577 320 634 362 rei
667 332 790 373 quam
830 319 1066 374 contingere
1104 319 1280 372 nequeat
1312 320 1352 360 et
1382 319 1518 361 motus
1551 320 1862 362 subministrare

360 390 532 432 uitalis?
579 389 711 431 cessat
757 400 851 443 ergo
891 388 938 430 ut
979 390 1147 442 apparet
1185 400 1393 430 sacrorum
1434 388 1533 431 haec
1562 390 1687 440 ratio,
1732 402 1862 443 neque

359 459 441 500 dici
472 472 495 500 a
525 458 718 512 quopiam
760 457 870 511 potis
909 457 972 499 est
1010 469 1056 499 ea
1096 470 1218 500 causa
1264 458 1466 500 sacrificia
1507 458 1721 510 celebrari,
1754 460 1861 512 quod

319 528 524 570 4alantur
554 528 618 568 his
649 527 821 568 numina
852 528 892 568 et
925 538 1066 568 eorum
1098 527 1382 569 sustineantur
1413 541 1434 569 e
1465 528 1600 580 pastu.
1646 528 1859 582 numquid,

359 597 394 639 si
425 597 531 639 forte
560 596 636 637 hoc
666 607 747 638 non
778 596 859 646 est,
902 596 1130 650 uoluptatis
1169 596 1342 638 alicuius
1382 596 1590 650 animique
1627 597 1673 638 ut
1710 597 1862 639 dicitur
1892 610 1906 635 5

359 678 481 707 causa
513 665 738 707 caeduntur
769 663 848 706 diis
880 664 1038 706 hostiae
1069 667 1110 706 et
1141 665 1344 707 succensis
1376 665 1608 707 adiciuntur
1628 665 1860 708 altaribus?

358 735 399 776 et
430 734 645 787 quisquam
677 734 738 775 est
767 733 983 775 hominum
1014 733 1085 787 qui
1116 733 1209 775 deos
1232 734 1311 776 sibi
1333 734 1577 788 persuadeat
1598 735 1860 787 uoluptatum

357 803 576 846 diffusione
615 803 872 854 mollescere,
913 802 1065 858 gestire
1096 828 1117 848 ÷÷
1146 803 1189 844 in
1229 803 1416 845 libidinis
1447 802 1644 857 gaudium
1674 804 1714 845 et
1745 804 1861 846 uelut

238 882 261 916 f.
276 884 342 916 136
356 873 511 915 animal
546 872 551 928 Ι
586 872 670 914 uile
708 872 870 914 blandis
909 871 1095 914 sensibus
1134 871 1243 914 affici
1281 873 1322 914 et
1353 872 1580 914 dulcedinis
1615 872 1755 914 labilis
1786 885 1860 914 uo-

356 941 462 984 lucri
492 941 737 984 titillatione
767 940 969 983 mulceri?
1007 941 1115 994 quod
1146 941 1255 982 enim
1285 941 1499 995 uoluptate
1529 941 1784 992 dissoluitur,
1817 941 1906 983 id10

357 1010 561 1054 contraria
590 1023 754 1052 necesse
787 1010 849 1052 est
879 1009 1055 1051 tristitia
1076 1010 1355 1061 contrahatur,
1387 1022 1461 1051 nec
1481 1011 1663 1052 immune
1685 1011 1858 1053 existere

355 1080 405 1123 ab
437 1079 642 1122 anxietate
663 1079 800 1133 potest
821 1078 1016 1121 maeroris
1039 1078 1147 1131 quod
1168 1079 1330 1120 laetitia
1350 1079 1531 1132 trepidat
1552 1080 1593 1120 et
1612 1080 1855 1122 leuitatibus

356 1149 570 1191 extollitur
614 1148 870 1204 gaudiorum.
922 1149 1093 1201 utroque
1139 1148 1279 1190 autem
1318 1148 1466 1190 affectu
1504 1149 1653 1190 debent
1683 1161 1769 1191 esse
1801 1149 1858 1190 dii

354 1218 495 1271 liberi,
528 1218 564 1259 si
595 1230 661 1260 eos
693 1230 778 1260 esse
809 1218 1026 1272 perpetuos
1058 1218 1100 1260 et
1131 1218 1374 1260 mortalium
1403 1218 1596 1260 uolumus
1627 1218 1857 1274 fragilitate

352 1288 548 1342 priuatos.
590 1287 689 1341 quid
720 1288 827 1341 quod
857 1287 989 1329 omnis
1011 1286 1203 1340 uoluptas
1228 1287 1345 1340 quasi
1367 1287 1567 1341 quaedam
1590 1287 1652 1329 est
1673 1286 1856 1329 adulatio
1871 1304 1903 1330 15

352 1357 530 1411 corporis
568 1357 757 1410 notisque
795 1356 882 1398 illis
921 1356 1107 1398 sensibus
1148 1357 1382 1398 adsumitur
1420 1356 1619 1410 quinque:
1666 1369 1791 1410 quam
1822 1357 1857 1399 si

353 1427 491 1480 superi
530 1426 737 1479 sentiunt,
778 1428 819 1467 et
859 1438 925 1467 eos
967 1438 1130 1468 necesse
1161 1426 1223 1468 est
1254 1438 1341 1468 esse
1379 1425 1599 1480 participes
1631 1437 1855 1478 corporum,

350 1507 423 1550 per
460 1507 562 1549 quae
602 1495 670 1537 uia
710 1497 771 1537 est
810 1494 997 1537 sensibus
1035 1496 1076 1536 et
1114 1494 1361 1549 accipiendis
1401 1493 1686 1547 uoluptatibus
1722 1494 1855 1536 ianua.

350 1566 557 1618 postremo
589 1564 696 1617 quod
718 1563 916 1618 gaudium
939 1565 1000 1605 est
1026 1563 1286 1606 innoxiorum
1307 1563 1583 1606 animantium
1604 1563 1853 1605 mactatione

350 1632 518 1684 laetari,
557 1632 806 1674 miserabilis
846 1644 964 1686 saepe
1003 1632 1194 1674 exaudire
1239 1632 1449 1687 mugitus,
1496 1634 1605 1675 riuos
1644 1632 1854 1687 sanguinis
1868 1646 1902 1672 20

351 1714 534 1754 cernere,
581 1701 740 1743 animas
779 1714 874 1743 cum
921 1714 1062 1743 cruore
1099 1700 1303 1756 fugientes
1348 1701 1645 1755 patefactisque
1687 1700 1853 1743 secretis

349 1771 583 1825 prouoluier
619 1771 821 1813 intestina
860 1783 954 1812 cum
986 1771 1162 1813 stercore
1193 1771 1234 1813 et
1266 1783 1313 1812 ex
1343 1771 1505 1813 residuo
1537 1770 1685 1824 spiritu
1717 1769 1852 1812 exsul-

350 1841 484 1882 tantia
527 1840 660 1882 adhuc
703 1840 823 1882 corda
868 1840 1222 1894 tremibundisque
1261 1840 1512 1894 palpitantes
1550 1841 1592 1882 in
1629 1840 1854 1881 uisceribus

349 1911 503 1951 uenas?
545 1909 727 1951 semiferi
757 1922 829 1952 nos
859 1909 1066 1961 homines,
1100 1909 1352 1963 quinimmo,
1385 1910 1567 1964 apertius
1597 1910 1644 1951 ut
1672 1921 1853 1962 pronun-

349 1978 503 2020 tiemus
542 1978 650 2032 quod
681 1979 742 2021 est
773 1978 912 2021 uerius
951 1979 1074 2032 atque
1112 1978 1252 2033 aptius
1280 1978 1418 2033 dictu,
1451 1978 1547 2029 feri,
1581 1989 1681 2031 quos
1711 1976 1852 2018 infelix
1867 1990 1900 2016 25

351 2047 571 2090 necessitas
603 2048 643 2089 et
674 2047 810 2090 malus
848 2060 947 2089 usus
987 2047 1151 2089 edocuit
1191 2046 1301 2088 cibos
1335 2060 1381 2090 ex
1411 2046 1475 2088 his
1507 2059 1687 2100 carpere,
1728 2046 1853 2087 mise-

348 2116 508 2158 ratione
553 2116 763 2158 interdum
809 2128 1116 2159 commouemur
1160 2115 1353 2170 illorum,
1399 2115 1612 2170 arguimus
1658 2127 1730 2156 nos
1773 2113 1854 2166 ipsi

346 2185 592 2239 penitusque
622 2199 665 2228 re
696 2186 786 2228 uisa
807 2187 930 2239 atque
958 2185 1141 2239 inspecta
1162 2184 1420 2235 damnamus,
1453 2184 1559 2237 quod
1579 2183 1853 2225 humanitatis

346 2254 435 2297 iure
465 2254 647 2308 deposito
676 2255 878 2297 naturalis
906 2254 1034 2297 uincli
1070 2254 1273 2297 consortia
1311 2254 1554 2308 ruperimus.
1587 2253 1682 2295 deos
1703 2251 1853 2305 aliquis

393 2437 415 2470 2
439 2435 523 2470 haec
540 2435 632 2471 Sab:
656 2435 713 2470 hic
732 2437 768 2470 P
903 2437 925 2470 3
950 2438 1031 2480 pote
1051 2436 1125 2470 Sab
1263 2435 1287 2469 4
1311 2446 1328 2469 e
1354 2446 1410 2469 om
1429 2435 1501 2469 Sab
1638 2435 1660 2468 8
1684 2434 1854 2468 lacunam

347 2493 496 2538 siqnaui
673 2494 694 2528 9
720 2493 840 2527 labilis
866 2493 957 2528 Sab:
983 2493 1087 2527 labili
1113 2494 1149 2527 P
1324 2492 1367 2526 10
1391 2492 1484 2526 enim
1508 2502 1586 2535 sup.
1612 2501 1706 2525 uere.
1731 2491 1766 2523 P

347 2551 391 2584 12
416 2552 534 2594 potest
550 2550 682 2585 addidi
796 2550 942 2584 meroris
962 2551 997 2584 P
1114 2550 1158 2584 13
1181 2549 1309 2584 affectu
1330 2550 1402 2584 Sub
1418 2550 1460 2583 in
1477 2560 1558 2583 err.-
1583 2548 1707 2582 effectu
1728 2548 1764 2581 P

348 2607 400 2642 dii
424 2608 461 2642 P
582 2609 624 2643 17
651 2619 708 2642 eos
733 2609 884 2652 scripsi:
909 2619 1027 2642 eorum
1051 2608 1088 2642 P
1203 2618 1277 2641 esse
1301 2607 1487 2651 participes
1507 2606 1598 2641 Sab:
1623 2604 1851 2649 inparticipes

346 2665 383 2699 P
507 2665 551 2699 20
567 2666 784 2700 miserabiles
806 2677 823 2700 c
953 2666 998 2700 22
1015 2665 1217 2710 prouoluier
1241 2664 1554 2710 Hildebrandizqs:
1578 2663 1738 2707 prouolui
1763 2663 1799 2696 et
1816 2662 1853 2696 P

345 2722 508 2767 prouolui
532 2723 600 2758 Urs
715 2724 759 2758 23
776 2723 1086 2767 tremebundisque
1109 2723 1197 2757 Urs.-
1223 2722 1533 2765 tremibundasque
1551 2722 1586 2755 P
1695 2719 1739 2754 24
1756 2730 1853 2763 aper-

345 2779 434 2824 tius]
471 2782 570 2824 prius
610 2780 679 2815 Urs
714 2781 833 2825 potius
866 2780 967 2815 Salm
1116 2780 1161 2814 25
1196 2779 1314 2823 aptius
1350 2779 1503 2822 scripsi.-
1537 2778 1693 2822 apertius
1725 2777 1762 2812 P

346 2838 391 2872 29
415 2837 526 2872 uincli
549 2838 698 2882 scripsi:
723 2837 822 2872 initii
845 2838 881 2872 P
1018 2837 1217 2881 ruperimus
1250 2836 1335 2871 Gel:
1367 2836 1556 2880 reperimus
1581 2835 1617 2870 P
