2032 3248
324 271 379 313 36
954 263 1201 309 Appendix.

321 374 440 413 altius
468 374 590 412 iaceat
623 385 737 421 quam
763 373 865 410 unda
892 371 1078 409 tumidum
1100 370 1259 418 pelagus
1282 369 1504 417 exspuebat.
1538 369 1635 417 legis
1656 369 1843 418 scriptum

322 453 405 481 esse
427 454 545 490 usque
568 442 817 490 quadrantem
846 452 914 479 nos
934 440 1110 478 ultimum
1131 440 1301 477 reddere.
1339 439 1405 476 sed
1433 439 1528 476 haec
1548 449 1609 476 res
1630 440 1688 476 est
1709 438 1840 476 ablata

323 510 567 559 martyribus.
601 510 740 549 etenim
762 510 826 558 qui
847 509 985 547 salutis
1008 510 1184 547 aeternae
1206 507 1482 556 cupiditatibus
1503 507 1593 545 freti
1613 508 1715 545 uitae
1738 507 1839 546 desi-

323 580 427 618 deria
461 580 646 626 uicerunt,
688 580 758 618 hos
779 579 995 627 inexpertos
1043 577 1183 616 doloris
1223 577 1421 615 uniuersos
1464 576 1614 614 Domini
1652 576 1840 625 promissa

322 649 508 687 fecerunt.
566 660 573 670 ·
1855 664 1871 688 ⁵

258 715 310 753 14
379 717 504 766 Igitur
523 717 613 756 hinc
632 717 807 767 primum,
845 716 1031 755 carissimi
1053 716 1204 764 fratres,
1240 715 1448 763 poterimus
1470 714 1678 762 expendere
1700 716 1842 762 quanta

318 786 490 835 martyrii
518 786 641 824 uirtus
671 786 794 835 possit
820 785 978 833 inplere.
1013 785 1136 832 adque
1164 786 1207 822 ut
1234 785 1429 822 transeam
1452 784 1599 830 cuncta,
1622 783 1841 822 meminisse

320 856 495 895 debemus
517 856 660 903 quanta
682 855 732 893 sit
753 854 876 903 gloria
891 855 940 892 ad
957 853 1152 892 Christum
1168 853 1439 891 inmaculatum
1462 852 1605 898 uenire,
1629 853 1841 891 consortem

318 925 508 973 passionis
529 925 691 963 existere
712 926 968 973 perpetuaque
991 935 1075 961 cum
1095 923 1254 962 Domino
1272 922 1498 961 aeternitate
1515 932 1689 970 regnare,
1712 932 1842 960 carere

318 994 444 1033 exitiis
466 993 686 1032 inminentis
708 992 848 1032 saeculi
877 1004 946 1031 nec
982 992 1082 1031 inter
1111 993 1267 1030 cruenta
1310 992 1527 1030 morborum
1573 990 1839 1039 populantium
1855 1006 1895 1031 10-

318 1064 446 1110 strage
469 1062 655 1101 communi
677 1075 760 1101 cum
782 1062 916 1100 ceteris
934 1062 1035 1100 sorte
1063 1061 1226 1099 misceri.
1263 1061 1385 1109 adque
1415 1061 1459 1098 ut
1478 1060 1610 1098 sileam
1628 1060 1673 1098 de
1691 1072 1841 1113 corona,

318 1131 351 1170 si
378 1131 449 1169 tibi
478 1131 517 1168 in
547 1131 609 1169 his
644 1132 802 1169 naturae
837 1130 995 1168 lubricis
1033 1130 1145 1168 malis
1173 1129 1296 1178 posito
1325 1129 1429 1167 uitae
1458 1129 1744 1177 promitteretur
1775 1140 1841 1167 ex-

318 1211 459 1247 0055115,
489 1212 611 1238 nonne
641 1200 742 1237 omni
770 1201 895 1237 mente
925 1199 1143 1247 gauderes?
1176 1198 1209 1236 si
1237 1211 1311 1247 qua
1342 1200 1380 1237 te
1410 1198 1450 1235 in
1470 1198 1583 1236 huius
1604 1198 1736 1236 mundi
1757 1200 1841 1237 tur-

317 1269 468 1307 binibus
504 1269 749 1307 fluctuantem
785 1268 910 1306 uicina
947 1268 1154 1306 arcesseret
1188 1267 1360 1316 requies,
1405 1279 1529 1306 nonne
1571 1269 1730 1306 mortem
1774 1280 1842 1317 pro

318 1338 479 1376 remedio
502 1339 754 1386 conputares‘?
776 1337 922 1385 positus
946 1337 1046 1375 inter
1068 1349 1173 1375 arma
1194 1336 1410 1375 carnificum
1433 1349 1475 1375 ac
1495 1337 1574 1375 tela
1594 1337 1837 1385 probantium
1855 1350 1888 1376 15

318 1408 600 1456 quaestionum,
638 1409 698 1446 sta
727 1407 901 1447 sublimis
938 1419 982 1446 ac
1017 1406 1129 1446 fortis
1166 1407 1409 1446 considerans
1451 1409 1594 1455 quanta
1629 1407 1680 1446 sit
1718 1420 1841 1456 poena

318 1488 457 1524 negare
488 1488 530 1515 eo
567 1479 736 1525 tempore
766 1488 837 1525 quo
869 1477 944 1514 frui
977 1477 1127 1515 saeculo
1157 1487 1336 1524 nequeas,
1377 1476 1482 1515 euius
1520 1488 1632 1515 causa
1661 1488 1840 1526 negaras,

319 1546 495 1594 quoniam
511 1547 663 1595 quidem
681 1546 816 1594 grauia
831 1547 1023 1584 tormenta
1045 1558 1089 1584 ac
1109 1545 1291 1594 puniendi
1306 1546 1440 1584 noxias
1458 1547 1558 1585 artes
1579 1546 1619 1583 in
1634 1547 1840 1595 perniciem

457 1670 478 1703 1
504 1669 548 1704 cf.
574 1669 708 1704 Matth.
733 1669 766 1711 5,
791 1670 850 1706 26.

413 1784 433 1818 1
459 1784 567 1818 iaciat
592 1783 726 1819 LNPv
878 1785 1010 1819 undam
1035 1795 1056 1820 υ
1207 1785 1366 1819 tumidus
1392 1785 1475 1826 LP,
1501 1786 1579 1819 tum
1606 1784 1703 1819 sidus
1731 1784 1796 1830 QT

318 1842 341 1876 2
365 1842 534 1876 ultimum
559 1852 628 1878 om.
656 1842 685 1887 Q
849 1843 920 1886 sed]
947 1842 1006 1877 sed
1034 1842 1118 1877 solis
1144 1854 1165 1877 v
1327 1854 1382 1877 res
1407 1845 1462 1877 est
1487 1843 1542 1885 N,
1570 1853 1623 1877 res
1650 1843 1684 1877 L
1700 1853 1725 1877 s.
1746 1842 1767 1877 Z.
1794 1842 1839 1883 P,

317 1911 398 1944 pars
427 1900 511 1946 QTv
673 1900 697 1936 3
724 1900 877 1934 aeternis
904 1900 936 1934 T
1094 1900 1191 1945 freti]
1218 1901 1295 1934 fieri
1323 1900 1362 1946 Q,
1391 1900 1473 1934 fidei
1500 1902 1549 1935 M
1571 1900 1628 1934 dei
1653 1901 1693 1934 in
1718 1911 1790 1935 ras.

317 1957 461 1992 huiusce
486 1958 561 1992 uite
589 1957 638 2003 Q,
664 1957 931 2003 uitaezhuiusce
959 1959 991 1992 T
990 1969 1022 1999 v,
1051 1959 1127 1993 uice
1153 1959 1230 1993 NP
1375 1958 1398 1992 4
1422 1959 1617 2003 inexpertes
1644 1958 1723 1992 LN
1728 1959 1773 1999 P,
1803 1958 1839 1991 in

318 2014 508 2058 inexpertis
536 2014 608 2060 ΩΤ,
639 2016 797 2059 expertes
822 2027 843 2050 v
890 2017 895 2059 ξ
1012 2015 1148 2050 dolores
1173 2016 1328 2061 NPQT,
1355 2015 1535 2050 doloribus
1561 2016 1597 2050 L
1760 2015 1839 2049 uni-

316 2073 422 2107 uersi·
432 2072 538 2118 NQv,
572 2072 749 2106 uniuersis
777 2072 816 2115 T,
843 2072 1010 2107 uniuersa
1037 2074 1082 2114 P,
1109 2074 1193 2107 sunt
1217 2074 1309 2107 uersi
1335 2073 1383 2107 M
1544 2073 1731 2118 promissa]
1759 2085 1837 2119 pro-

317 2131 385 2175 piis
414 2130 443 2176 Q
462 2131 501 2171 Τ,
526 2131 712 2174 praecepta
736 2142 767 2171 v,
793 2131 1002 2174 propitiatio
1040 2131 1156 2165 Ooeon.
1312 2131 1334 2165 5
1359 2132 1519 2166 fecerunt
1543 2142 1607 2166 om.
1638 2131 1712 2177 QT,
1742 2142 1837 2166 coro-

316 2190 379 2222 nat
411 2188 523 2222 Oxou.
641 2187 661 2221 6
685 2188 745 2221 hic
772 2188 812 2233 Q,
839 2199 905 2222 om.
933 2188 966 2222 T
1085 2188 1284 2233 expendere]
1312 2200 1481 2233 exponere
1509 2189 1595 2235 QTv
1711 2190 1733 2224 8
1757 2200 1836 2224 con-

317 2247 409 2280 sorte
437 2246 476 2288 T,
502 2246 679 2280 consortes
706 2246 755 2280 M
777 2247 990 2289 (consortem
1019 2246 1062 2291 Q)
1186 2247 1207 2281 9
1232 2249 1437 2291 perpetuam
1465 2247 1566 2293 PTQ
1683 2247 1836 2281 aeterni·
1989 2287 1991 2291 ¹

316 2305 429 2337 tatem
458 2303 490 2337 T
668 2305 703 2337 et
727 2305 769 2337 ut
793 2314 909 2338 carere
936 2304 969 2338 T
1149 2304 1193 2338 10
1217 2305 1332 2339 exitus
1358 2305 1394 2339 P
1566 2305 1836 2339 imminentibus
1986 2323 1995 2345 1

320 2361 405 2406 QTv
545 2362 708 2395 cruentas
725 2351 776 2396 M
789 2371 804 2394 s
821 2361 862 2395 in
877 2371 950 2395 ras.
970 2363 1130 2404 (cruenta
1150 2361 1206 2407 Q),
1224 2363 1406 2396 cruentam
1425 2373 1445 2397 v
1585 2362 1836 2407 papulantium
1987 2356 1989 2363 ¹

317 2419 361 2459 L,
388 2418 638 2462 uapulantium
668 2419 705 2452 P
889 2419 932 2452 11
959 2420 1115 2463 stragem
1140 2430 1171 2463 v,
1197 2420 1334 2464 strages
1360 2421 1407 2455 M
1592 2437 1642 2465 Ψ
1660 2420 1837 2454 communi

316 2476 372 2516 M,
391 2476 427 2509 in
445 2476 620 2510 communi
643 2476 717 2522 QT,
748 2476 927 2511 communi
945 2477 1124 2511 communi
1140 2477 1226 2520 fort.
1327 2480 1458 2513 sortem
1476 2479 1512 2513 P
1611 2479 1741 2512 sileant
1759 2478 1792 2512 Τ

315 2533 358 2567 de
383 2533 520 2577 corona]
547 2533 688 2567 decoras
719 2534 785 2579 QT
946 2534 1045 2568 12:³si
1071 2545 1136 2569 om.
1165 2535 1232 2580 QT
1385 2537 1416 2570 si
1440 2536 1538 2570 uitae
1562 2536 1609 2570 M
1632 2536 1662 2570 si
1687 2547 1713 2571 s.
1739 2536 1761 2570 Z.
1789 2536 1834 2579 (si

315 2600 382 2625 om.
411 2590 454 2636 Q)
552 2591 595 2625 13
618 2601 719 2625 omne
740 2591 806 2637 QT
900 2602 969 2636 qua
989 2592 1037 2636 te]
1057 2602 1126 2636 qua
1151 2609 1167 2626 *
1186 2609 1203 2628 ιιι
1221 2610 1238 2628 *
1261 2594 1317 2636 M,
1344 2594 1466 2638 quales
1486 2593 1525 2639 Q,
1551 2594 1696 2638 inquam
1715 2594 1751 2627 te
1767 2605 1788 2629 v

314 2647 469 2682 turbinis
497 2648 530 2681 Τ
549 2648 579 2681 15
606 2659 650 2682 ew
674 2660 715 2682 us
855 2649 899 2683 14
923 2649 1120 2684 fluctuante
1147 2651 1187 2694 Τ,
1211 2651 1384 2686 fiuctante
1410 2651 1439 2696 Q
1581 2651 1768 2685 arcessiret
1785 2651 1832 2692 P,

315 2706 503 2739 areerseret
528 2705 572 2747 L,
599 2707 790 2740 accerseret
814 2706 859 2741 N
1034 2708 1069 2741 et
1093 2709 1230 2752 requies
1257 2709 1291 2742 Τ
1458 2708 1502 2744 16
1527 2709 1594 2752 sta]
1619 2709 1692 2742 ista
1717 2707 1832 2754 LQT,

316 2765 415 2796 stans
443 2774 463 2798 v
587 2774 627 2797 ac
651 2763 767 2808 fortis]
793 2764 976 2809 adpositus
1005 2765 1049 2799 N
1176 2766 1222 2802 17
1247 2777 1361 2810 nequa
1387 2777 1448 2801 eas
1474 2766 1522 2800 M
1546 2770 1713 2810 (nequeas
1741 2766 1785 2811 Q)

315 2820 431 2864 causa]
457 2831 580 2855 caueas
609 2821 675 2866 QT
857 2833 1000 2856 necaras
1031 2822 1112 2868 QT,
1144 2834 1291 2868 negares
1316 2835 1337 2858 v
1523 2823 1566 2858 18
1591 2823 1695 2868 graui
1721 2823 1787 2869 QT

313 2877 434 2912 noxios
462 2878 495 2912 T
630 2878 851 2913 interniciem
877 2879 913 2914 L
