2032 3248
407 270 492 313 290
1034 266 1274 310 Appendix.

655 374 848 422 Exoptans
871 384 937 420 per
959 384 1065 411 sacra
1086 383 1214 410 necem
1234 373 1438 419 caestuque
1460 384 1628 411 cruorem

657 443 820 481 Subdere
842 442 1036 491 Bebrycio,
1059 442 1220 494 Libycas
1243 441 1380 479 satiare
1405 440 1627 489 palaestras,

659 511 758 549 Ante
780 511 893 549 etiam
911 510 1063 548 Circaea
1084 522 1200 548 nouas
1218 521 1284 558 per
1305 510 1438 558 pocula
1459 510 1597 548 formas

573 582 626 619 20
658 581 824 627 Sumere,
847 592 959 628 quam
979 580 1123 618 laesum
1146 579 1313 617 Sodomis
1332 579 1506 617 amittere
1524 590 1683 629 sexum„

659 649 870 688 Pulsabant
892 650 1037 687 caelum
1058 648 1203 686 inuidia
1221 648 1379 687 conubia
1401 644 1617 701 (monstra),

657 719 810 756 Incestu
831 717 944 766 parili
964 718 1114 766 generis
1136 719 1273 755 natura
1294 717 1448 755 rebellis

655 788 701 825 In
722 799 817 834 sese,
839 787 1057 836 laesumque
1079 786 1153 824 uiri
1175 799 1257 824 cum
1279 791 1432 833 corpore
1453 797 1600 823 nomen.

655 857 833 904 Tempore
857 857 923 894 sed
945 857 1044 895 certo
1067 855 1168 893 Deus
1191 855 1313 893 omnia
1333 855 1633 903 prospeculatus,

574 926 626 963 25
657 925 804 963 Iudicat
825 925 987 963 iniustos
1009 925 1170 972 patiens,
1193 925 1257 962 ubi
1280 925 1448 963 criminis
1469 925 1575 962 aetas

659 994 836 1033 Cessandi
858 995 1021 1042 spatium
1042 995 1227 1032 frustrata
1248 995 1423 1042 coegerat
1444 994 1551 1032 iram.

714 1063 870 1112 Iamque
893 1064 973 1101 dies
995 1062 1112 1101 ultrix
1134 1064 1287 1101 aderat:
1320 1064 1391 1101 duo
1414 1064 1458 1101 de
1480 1073 1594 1110 grege
1618 1061 1724 1100 missi

654 1132 836 1181 Angelico
858 1133 977 1171 forma
997 1132 1151 1171 iuuenes
1173 1132 1238 1181 qui
1260 1131 1417 1180 spiritus
1439 1132 1547 1170 ambo

655 1202 754 1240 Diua
775 1202 996 1250 ministeria,
1019 1203 1060 1240 ut
1081 1201 1231 1240 Domini
1252 1202 1430 1239 mandata
1450 1201 1643 1247 iubebant,

573 1272 626 1310 30
658 1272 869 1310 Succedunt
891 1271 1072 1310 Sodomis.
1097 1270 1177 1309 illic
1198 1270 1242 1308 de
1264 1270 1383 1318 stirpe
1405 1269 1551 1317 piorum

657 1341 874 1379 Transuena
894 1341 993 1379 Loth
1015 1340 1123 1388 aequi
1146 1339 1297 1387 sapiens
1319 1338 1483 1387 iustique
1506 1338 1659 1377 colonus

656 1410 763 1449 Vnus
785 1411 865 1447 erat
886 1409 1103 1447 meminisse
1125 1409 1266 1447 Deum:
1289 1409 1385 1447 solet
1406 1407 1513 1446 utilis
1534 1408 1644 1446 arbor

655 1479 700 1516 In
719 1478 827 1516 siluis
849 1478 1001 1516 latitare
1022 1478 1114 1516 feris
1134 1478 1240 1516 uelut
1259 1478 1406 1525 hospite
1429 1477 1565 1515 fructu.

655 1547 694 1584 Is
715 1548 805 1585 tunc
826 1547 892 1596 pro'
913 1549 1022 1594 porta
1042 1546 1212 1585 residens
1236 1544 1320 1598 (uix
1340 1546 1487 1584 moenia
1508 1546 1662 1584 adibant

571 1616 623 1653 35
656 1615 879 1666 Caelicolae)
903 1627 1128 1663 quamquam
1148 1615 1297 1654 diuinos
1318 1615 1459 1653 inscius
1481 1615 1582 1653 ultro

657 1684 830 1723 Aduocat
851 1684 1019 1732 adpellat
1039 1685 1162 1732 patrio
1185 1686 1388 1722 ueneratur
1407 1684 1546 1723 honore

497 1835 632 1870 17—18
657 1846 674 1870 c
686 1813 733 1870 *a*
746 1837 909 1879 stumque
927 1838 961 1880 (a
977 1848 1021 1870 m.
1040 1846 1108 1870 rec.
1126 1846 1151 1870 s.
1171 1836 1207 1880 l.)
1233 1846 1391 1870 cruorem
1409 1835 1556 1870 subdere
1573 1815 1840 1871 brebiciooblicas
1859 1838 1905 1870 A.

406 1904 594 1937 caesusque
628 1905 673 1930 cr.
707 1894 852 1928 sundere
883 1894 1088 1938 bebrycium
1121 1894 1256 1938 libycas
1282 1894 1382 1929 HRv
1407 1895 1481 1928 msa·
1512 1895 1606 1938 quod
1630 1905 1650 1928 v
1683 1896 1718 1929 et
1749 1895 1902 1939 libycas;

405 1953 594 1994 caestuque
620 1952 692 1993 (uel
716 1953 893 1995 caestuue)
912 1963 958 1986 cr.
998 1952 1145 1986 subdere
1171 1952 1334 1996 bebrycio
1360 1952 1494 1996 libycas
1521 1953 1556 1986 et
1575 1953 1646 1995 (uel
1669 1952 1804 1996 libycas
1829 1953 1899 1987 uel)

404 2010 463 2043 uel
488 2010 694 2052 caestusque
720 2009 833 2043 furori
857 2020 892 2043 se
917 2010 998 2044 dare
1015 2009 1170 2053 bebrycii
1188 2010 1212 2043 1.
1232 2011 1267 2043 et
1284 2010 1375 2044 coni.
1395 2010 1542 2051 Muller,
1569 2011 1757 2053 caestuque
1774 2020 1803 2045 c.
1822 2010 1900 2043 fun-

404 2066 484 2100 dere
508 2066 542 2100 b.
567 2066 589 2100 l.
617 2067 709 2101 coni.
742 2067 951 2102 Gronom'us
1068 2067 1209 2111 satiare]
1237 2066 1333 2101 adire
1357 2068 1447 2101 com.
1473 2068 1624 2109 Maller,
1650 2068 1781 2102 sociare
1813 2067 1901 2102 Gro-

405 2124 539 2159 otom'us
651 2124 693 2159 19
718 2126 800 2158 ante
825 2125 932 2159 etiam
957 2125 1002 2167 A,
1028 2127 1125 2159 antei
1150 2126 1200 2167 H,
1226 2127 1309 2160 ante
1336 2123 1380 2167 R,
1406 2127 1555 2170 anteque
1579 2125 1637 2159 uel
1661 2136 1681 2159 v
1790 2125 1903 2159 circea

406 2191 449 2215 ex
465 2181 557 2216 circa
572 2182 609 2218 R
624 2193 669 2216 m.
686 2185 709 2218 2
815 2193 943 2216 nouam
959 2194 991 2227 p.
1011 2194 1043 2227 p.
1062 2184 1213 2218 formam
1229 2185 1264 2218 A
1370 2184 1415 2219 20
1439 2184 1649 2218 summereR
1755 2183 1799 2217 21
1825 2182 1902 2226 pul-

405 2238 506 2273 sabat
531 2239 577 2273 H
664 2239 814 2274 conubia
838 2241 996 2274 monstra
1019 2241 1064 2283 A,
1091 2252 1117 2275 c.
1144 2242 1255 2275 mixta
1272 2242 1382 2284 HRv,
1408 2242 1606 2277 communia
1629 2241 1787 2275 monstra
1813 2241 1900 2274 coni.

404 2313 545 2347 Maller
710 2314 755 2349 22
779 2292 974 2349 ἰῃοθὲΐῑιιῐῐι
999 2315 1035 2349 A
1060 2315 1089 2359 (s
1112 2328 1156 2351 m.
1182 2319 1230 2360 2),
1257 2318 1430 2352 incestum
1455 2318 1507 2352 13¹
1673 2315 1858 2361 parilis,A

405 2370 450 2403 24
473 2371 633 2415 tempora
658 2372 703 2406 H
866 2364 1089 2417 prospeculat
1115 2373 1159 2415 R,
1185 2373 1446 2417 prospeculator
1462 2373 1513 2414 H,
1537 2372 1796 2417 prospiculator
1823 2372 1856 2404 A

406 2428 450 2461 25
477 2428 547 2473 ubi]
576 2428 645 2462 sibi
662 2429 697 2462 A
721 2429 782 2464 sed
807 2430 837 2463 si
861 2441 952 2466 corr.
1047 2430 1158 2474 aetas]
1186 2432 1303 2464 actum
1335 2430 1445 2464 Gron.
1540 2429 1585 2463 26
1610 2429 1767 2473 spacium
1788 2431 1820 2462 A
1830 2430 1860 2464 R

406 2484 579 2519 frustrata
596 2487 641 2528 A,
667 2487 763 2520 iussa
780 2488 829 2529 H,
856 2488 910 2521 uis
936 2487 1034 2521 nulla
1061 2488 1117 2522 Rv
1256 2489 1415 2533 coegerat
1435 2487 1577 2528 A²HR,
1604 2488 1758 2531 coegerit
1783 2488 1856 2521 Αἰ·

406 2542 458 2575 ira
482 2543 571 2585 HR,
595 2544 668 2578 irae
692 2555 712 2578 v
827 2545 882 2579 uis
907 2545 1021 2579 multa
1046 2545 1200 2589 coegerit
1225 2545 1296 2579 irae
1328 2545 1439 2579 Gron.
1561 2545 1604 2578 27
1631 2545 1778 2578 adherat
1803 2546 1854 2578 A¹

406 2599 451 2632 28
475 2601 635 2644 angelica
659 2602 733 2637 HR
900 2603 1037 2637 iuuenis
1062 2603 1105 2636 H
1271 2603 1315 2636 29
1340 2602 1421 2636 diua
1446 2602 1492 2642 R,
1517 2601 1578 2635 diu
1602 2602 1634 2636 ic
1659 2602 1709 2643 H,
1734 2601 1804 2636 dua
1820 2602 1855 2635 A

406 2657 604 2693 ministerio
629 2671 650 2695 v
818 2661 859 2694 ut
883 2661 929 2702 A,
956 2672 1020 2695 om.
1049 2661 1146 2694 HRv
1308 2659 1476 2693 iubebant
1501 2659 1547 2699 A,
1573 2659 1734 2693 ferebant
1757 2659 1855 2694 HRv

405 2715 451 2749 30
474 2715 539 2749 illa
563 2717 608 2750 H
725 2717 767 2751 31
793 2717 862 2751 Lot
888 2718 921 2751 A
946 2718 1092 2761 saepius
1216 2717 1318 2761 aequi
1344 2717 1388 2757 A,
1414 2716 1536 2750 aderat
1559 2716 1659 2751 HRv
1784 2717 1827 2750 33
1852 2716 1900 2750 fe-

406 2783 463 2806 ras
488 2773 546 2808 Rv
693 2775 832 2818 hospite
857 2776 902 2816 A,
927 2775 1070 2819 hospita
1094 2775 1203 2817 HRv,
1228 2775 1344 2819 opsita
1368 2774 1457 2808 coni.
1483 2774 1619 2807 Mn'ller
1765 2773 1899 2807 fructus

406 2828 484 2863 HR
609 2830 654 2864 34
677 2832 794 2866 menia
819 2832 855 2867 R
962 2831 1134 2866 adhibant
1159 2832 1249 2866 A¹R
1362 2831 1407 2865 35
1432 2831 1658 2875 quamquam]
1684 2841 1789 2875 quam
1817 2830 1854 2863 H

406 2886 538 2921 inscius
562 2888 606 2929 A,
632 2889 768 2922 nescius
793 2889 889 2925 HRv
1028 2889 1072 2923 36
1097 2889 1228 2933 apellat
1254 2889 1287 2922 A
