2032 3248
345 218 428 260 266
758 215 947 250 Arnobii
977 215 1192 250 aduersus
1222 215 1429 250 nationes

345 331 611 386 occuparique
632 331 679 372 ut
702 330 777 372 hoc
797 331 970 385 possint,
1003 332 1113 373 lenes
1136 331 1361 373 audiendae
1383 333 1478 372 sunt
1500 330 1654 372 neniae.
1679 329 1847 381 lauatio,

344 400 502 453 inquit,
549 400 671 442 deum
709 399 854 441 matris
895 401 958 441 est
997 399 1130 442 hodie.
1177 399 1414 442 sordescunt
1453 399 1562 441 66116
1601 399 1689 441 11161
1727 401 1768 441 61
1799 399 1850 440 611

345 470 482 511 sordes
524 468 715 511 eluendas
756 468 996 511 lauentibus
1037 469 1153 522 aquis
1194 481 1294 523 opus
1335 470 1457 522 atque
1489 468 1684 510 adiuncta
1714 467 1852 522 aliqua

345 538 494 580 cineris
534 537 736 579 frictione.
782 537 894 579 Iouis
930 538 1097 591 epulum
1135 550 1223 580 cras
1256 538 1331 580 est.
1378 537 1566 592 Iuppiter
1595 537 1705 579 enim
1736 537 1853 579 cenat

344 607 587 661 magnisque
626 606 862 660 implendus
893 606 957 648 est
987 606 1183 660 dapibus,
1226 606 1469 648 iamdudum
1504 605 1643 648 inedia
1673 606 1852 660 gestiens
1884 622 1898 645 5

344 676 386 717 et
416 675 693 717 anniuersaria
729 674 1014 717 interiectione
1051 675 1226 717 ieiunus.
1260 676 1288 727 †
1319 674 1557 728 Aesculapii
1596 674 1755 730 geritur
1785 687 1852 717 ce-

343 745 606 797 lebraturque
637 743 856 785 uindemia.
890 743 1030 785 colunt
1062 744 1171 785 611161
1202 743 1261 785 1111
1292 744 1433 786 616668
1466 743 1580 785 etad
1612 755 1706 785 8668
1738 743 1850 785 usio-

343 825 413 855 nes
445 813 667 855 contractis
699 813 944 867 exprimunt
974 813 1344 855 uindemiatoribus
1366 813 1522 855 uinum.
1551 812 1852 855 lectisternium

344 882 499 925 Cereris
531 882 610 924 erit
640 881 782 924 Idibus
812 882 1026 935 proximis.
1074 882 1226 924 habent
1256 882 1369 923 enim
1400 882 1459 924 dii
1496 882 1621 923 lectos
1654 883 1775 934 atque
1806 882 1853 923 ut

343 951 486 994 stratis
517 951 676 1005 possint
706 950 967 993 mollioribus
999 951 1205 1003 incubare,
1237 951 1505 1004 puluinorum
1535 950 1700 992 tollitur
1730 950 1899 1004 atquem

343 1020 544 1062 excitatur
589 1019 800 1073 inpressio.
848 1019 1029 1061 Telluris
1067 1020 1221 1062 natalis
1261 1020 1334 1062 est,
1382 1019 1441 1061 dii
1485 1020 1596 1062 66116
1638 1032 1684 1061 ex
1726 1020 1852 1062 uteris

342 1089 543 1144 prodeunt
573 1089 615 1131 et
634 1087 790 1130 habent
813 1088 899 1130 dies
920 1089 1052 1130 laetos
1084 1089 1232 1142 quibus
1270 1089 1327 1130 eis
1350 1088 1603 1143 adscriptum
1626 1089 1689 1130 est
1709 1101 1853 1131 auram

275 1159 328 1200 33
343 1169 537 1211 usurpare
567 1158 753 1199 uitalem.
800 1157 890 1198 ludi
922 1168 1031 1210 uero,
1065 1169 1166 1210 quos
1188 1157 1338 1211 facitis,
1372 1157 1520 1211 quibus
1547 1157 1780 1200 Floralibus
1812 1157 1853 1199 61

341 1226 607 1282 Megalensiis
644 1238 793 1268 nomen
825 1227 888 1268 est
920 1225 1124 1280 ceterique
1162 1239 1301 1268 omnes
1332 1226 1406 1268 alii
1450 1239 1550 1280 quos
1592 1239 1677 1268 esse
1717 1237 1851 1268 sacros

340 1296 533 1338 uoluistis
564 1296 605 1337 et
634 1295 884 1349 religionum
924 1295 1032 1337 inter
1073 1294 1209 1337 officia
1248 1295 1437 1349 deputari
1486 1308 1609 1349 quam
1649 1295 1852 1338 rationem
1867 1311 1898 1336 ιτ»

340 1365 512 1416 habent,
554 1377 676 1418 quam
717 1376 905 1415 causam,
949 1365 997 1405 ut
1037 1364 1204 1406 institui
1244 1364 1444 1418 condique
1486 1364 1702 1406 debuerint
1732 1365 1774 1406 et
1806 1376 1852 1406 ex

340 1434 560 1476 numinum
590 1432 865 1487 appellatione
898 1433 1083 1487 signari?
1128 1433 1399 1483 honorantur,
1438 1433 1593 1487 inquit,
1625 1433 1691 1475 his
1722 1433 1777 1474 dii
1812 1434 1852 1474 61

340 1502 375 1545 81
392 1514 494 1556 quas
516 1503 567 1544 ab
589 1501 826 1543 hominibus
849 1502 1060 1544 continent
1077 1501 1348 1543 offensionum
1369 1501 1588 1544 memorias
1610 1501 1851 1551 inlatarum,

339 1571 544 1622 abiciunt,
588 1571 808 1613 excludunt
847 1570 1103 1624 redduntque
1135 1583 1176 1613 se
1206 1571 1324 1613 nobis
1360 1570 1641 1626 redintegrata
1671 1569 1852 1613 familia-

340 1640 463 1682 ritate
493 1639 685 1681 fautoreS.
728 1640 769 1681 et
797 1652 901 1693 quae
930 1651 1052 1682 causa
1080 1642 1142 1682 est
1170 1652 1326 1693 rursus,
1358 1640 1405 1682 ut
1435 1640 1663 1693 tranquilli,
1697 1639 1852 1693 placidi
1867 1654 1900 1680 20

341 1707 573 1750 efficiantur
603 1709 644 1751 et
674 1708 810 1758 miteS,
842 1708 1006 1761 ineptae
1038 1708 1073 1750 si
1104 1720 1168 1750 res
1199 1708 1300 1751 fiant
1332 1709 1373 1750 et
1396 1709 1447 1751 ab
1477 1709 1713 1751 hominibus
1743 1708 1851 1750 otio-

226 1787 249 1819 f.
265 1788 327 1819 151
343 1776 399 1819 sis
440 1776 710 1819 multitudine
746 1775 751 1831 Ι
788 1778 1001 1831 spectante
1042 1777 1245 1819 ludatur?
1291 1778 1407 1832 ponit
1448 1778 1608 1820 animos
1649 1778 1851 1831 Iuppiter,

343 1846 378 1889 si
409 1846 687 1900 Amphitryon
723 1845 847 1888 fuerit
878 1847 994 1889 actus
1025 1848 1400 1901 pronuntiatusque
1432 1846 1677 1898 Plautinus,
1715 1846 1787 1888 aut
1817 1845 1851 1887 si

341 1915 518 1968 Europa,
549 1915 585 1957 si
606 1915 729 1966 Leda,
762 1915 1021 1969 Ganymedes
1052 1915 1177 1957 fuerit
1209 1916 1387 1958 saltatus
1413 1918 1485 1958 aut
1506 1916 1658 1967 Danae,
1691 1917 1851 1957 motum

343 1984 550 2038 conpescit
591 1983 775 2026 irarum?
821 1984 1105 2037 tranquillior,
1146 1985 1276 2026 lenior
1306 1985 1441 2027 Mater
1473 1985 1626 2039 Magna
1658 1983 1851 2032 efficitur,
1866 2002 1897 2028 25

343 2053 379 2095 si
400 2053 560 2095 Attidis
583 2053 838 2106 conspexerit
865 2052 1044 2106 priscam
1065 2052 1252 2096 refricari
1274 2053 1324 2095 ab
1346 2053 1616 2095 histrionibus
1638 2052 1852 2094 fabulam?

342 2121 584 2164 obliterabit
615 2121 813 2163 offensam
843 2121 1004 2171 Venus,
1037 2122 1072 2163 si
1101 2122 1259 2164 Adonis
1289 2122 1331 2164 in
1362 2121 1507 2164 habitu
1538 2122 1702 2176 gestum
1734 2133 1853 2175 agere

343 2189 497 2232 uiderit
527 2189 753 2232 saltatoriis
783 2190 826 2231 in
857 2190 1039 2232 motibus
1077 2190 1411 2244 pantomimum?
1452 2189 1683 2244 indignatio
1715 2189 1851 2231 relan-

343 2259 503 2313 guescit
533 2258 724 2308 Alcidae,
764 2258 799 2299 si
836 2258 1049 2312 tragoedia
1080 2258 1290 2312 Sophoclis
1329 2259 1395 2301 cui
1428 2258 1672 2300 Trachiniae
1703 2269 1850 2300 nomen

390 2385 410 2418 1
435 2383 663 2428 occuparique
688 2383 784 2418 Sab:
810 2383 1044 2428 occupatique
1068 2384 1103 2418 P
1239 2385 1261 2419 3
1286 2384 1406 2428 aliqua
1438 2384 1529 2419 Urs.-
1553 2384 1702 2428 antiqua
1727 2383 1762 2418 P

342 2440 365 2475 4
390 2440 555 2485 aepulum
572 2441 609 2475 P
738 2441 760 2476 5
784 2441 900 2475 media
917 2441 991 2476 Sab
1117 2441 1138 2475 6
1163 2441 1332 2486 esculapii
1350 2441 1387 2476 P
1509 2441 1528 2475 7
1554 2441 1609 2486 ad]
1629 2441 1672 2475 ab
1690 2441 1761 2476 Sab

344 2508 426 2532 suas
450 2498 590 2532 usiones
616 2498 734 2532 Salm:
767 2498 992 2532 suasionibus
1019 2498 1056 2533 P
1215 2499 1236 2533 8
1260 2498 1437 2533 contracti
1463 2498 1536 2533 Sab
1692 2498 1713 2533 9
1738 2508 1850 2532 caere-

343 2554 393 2588 ris
410 2555 446 2589 P
585 2555 628 2589 14
651 2555 864 2599 megalensis
885 2556 921 2590 P
932 2566 1016 2591 corr
1041 2555 1306 2600 megalensibus
1323 2555 1398 2591 Sab
1540 2556 1583 2589 15
1600 2555 1693 2590 inter
1713 2555 1796 2596 Sab,
1814 2565 1851 2589 r.-

344 2611 413 2646 iter
429 2612 466 2646 P
588 2613 632 2647 18
648 2613 832 2647 illatarum
857 2613 946 2648 Urs:
971 2613 1104 2647 inlatas
1123 2614 1160 2648 P
1286 2613 1328 2647 19
1345 2612 1611 2647 familiaritates
1630 2613 1665 2646 P
1681 2622 1763 2647 corr

343 2668 387 2703 21
413 2670 573 2713 inaeeptae
598 2670 634 2705 Ρ
771 2670 816 2704 22
840 2670 1012 2705 ludantur·
1037 2671 1190 2705 Zinkius
1329 2670 1373 2704 23
1397 2669 1611 2714 anphytrion
1638 2669 1673 2704 P
1697 2669 1852 2713 Amphy-

345 2726 414 2761 trio
440 2726 514 2760 Sal)
676 2727 719 2761 27
745 2727 953 2762 obliterabit
978 2727 1073 2762 Sab:
1105 2727 1312 2762 obliterauit
1337 2728 1373 2762 P
1523 2727 1568 2761 28
1592 2726 1851 2770 pantomimum

346 2783 439 2818 Sab:
463 2784 704 2827 pantomimus
722 2784 758 2818 P
881 2785 1126 2830 relanguescet
1153 2785 1224 2820 Sab
1348 2784 1392 2820 ‘29
1418 2784 1559 2819 sofoolis
1585 2784 1621 2818 P
1745 2784 1853 2819 traci-

345 2840 424 2874 niae
449 2840 485 2874 P
507 2840 670 2875 trachine
696 2840 768 2876 Sab
