2032 3248
369 248 423 290 86
772 245 959 280 Arnobii
998 244 1215 280 aduersus
1247 244 1454 279 nationes

369 364 449 412 est,
481 361 547 416 agi
577 360 664 403 fieri
693 361 821 403 statui
859 360 938 403 nisi
969 362 1074 414 quod
1105 360 1288 414 oporteat
1317 362 1358 402 et
1395 359 1611 402 conueniat
1638 360 1745 411 fieri,
1780 361 1860 403 nisi

369 431 474 484 quod
505 430 559 472 sit
588 431 755 484 plenum
786 431 827 472 et
858 429 1068 485 integrum
1100 431 1140 472 et
1170 429 1212 471 in
1243 442 1340 471 suae
1370 451 1390 471 :k
1415 430 1456 471 et
1485 429 1738 484 integritatis
1769 443 1861 484 per-

256 503 354 539 f.50¹²
369 499 543 541 sectione
581 499 758 541 finitum.
806 510 924 552 porro
965 500 1102 540 autem
1142 498 1410 551 conspicimus
1442 498 1638 550 homines,
1676 498 1680 554 Ι
1716 499 1758 541 id
1800 501 1861 542 est

368 568 524 610 animas
554 568 664 622 ipsas
698 596 743 601 —
768 567 867 622 quid
897 567 1008 609 enim
1039 568 1134 608 sunt
1164 567 1349 610 homines
1382 568 1461 609 nisi
1492 568 1652 609 animae
1683 567 1861 621 corpori-

369 638 442 679 bus
472 637 700 692 inligatae?
731 662 782 668 —
805 637 1027 679 scaeuitate
1057 636 1421 678 innumerabilium
1452 636 1650 678 uitiorum
1680 636 1788 690 ipsos
1820 649 1860 679 se
1893 653 1907 677 5

366 707 545 748 indicare
575 718 654 748 non
686 718 771 748 esse
803 705 966 759 patricii
998 705 1177 760 generis,
1211 705 1280 747 sed
1311 718 1358 747 ex
1388 705 1659 747 mediocribus
1690 705 1860 747 familiis

366 776 606 829 procreatos.
648 788 823 828 namque
852 774 953 816 alios
983 774 1169 816 uidemus
1206 775 1371 816 inmites
1410 775 1653 816 facinerosos
1691 775 1861 816 audaces

365 845 602 887 temerarios
645 844 888 898 praecipites
933 855 1069 885 caecos
1115 842 1229 885 fictos
1279 844 1601 886 dissimulatores
1651 844 1860 886 mendaces

366 914 556 967 superbos
602 914 843 968 adrogantes
888 924 1030 954 auaros
1080 912 1244 965 cupidos
1294 912 1534 955 libidinosos
1584 914 1859 955 inconstantes

365 983 567 1025 inualidos
605 983 647 1024 et
685 995 759 1024 sua
796 981 904 1035 ipsos
954 981 1116 1023 decreta
1162 994 1397 1023 conseruare
1436 983 1707 1035 nequeuntes:
1754 982 1860 1035 quod
1875 1000 1906 1024 lo

366 1052 507 1105 utique
538 1063 616 1093 non
650 1052 803 1102 essent,
835 1051 869 1092 si
900 1051 1151 1104 generositas
1183 1063 1248 1092 eos
1287 1051 1492 1093 adsereret
1530 1052 1787 1105 principalis,
1820 1053 1859 1094 et

365 1121 415 1162 ab
437 1134 572 1163 rerum
593 1121 723 1175 capite
744 1120 1078 1163 descendentium
1099 1122 1291 1162 ducerent
1313 1121 1621 1163 honestamenta
1643 1121 1857 1162 natalium.

300 1196 352 1235 49
368 1189 436 1231 sed
467 1193 507 1231 et
537 1190 656 1242 boni,
697 1190 863 1240 dicetis⁷
906 1190 1001 1230 sunt
1030 1189 1072 1230 in
1103 1189 1223 1230 rebus
1262 1190 1453 1232 humanis
1495 1190 1594 1241 uiri,
1641 1190 1857 1243 sapientes,

366 1258 477 1310 iusti,
509 1259 731 1313 inculpatis
762 1259 883 1312 atque
915 1258 1258 1300 emendatissimis
1289 1259 1483 1302 moribus.
1530 1260 1687 1301 nullam
1718 1260 1858 1301 referi-

365 1341 456 1370 mus
487 1328 787 1382 quaestionem,
829 1341 880 1370 an
918 1327 994 1368 ulli
1035 1327 1253 1381 aliquando
1295 1328 1448 1370 fuerint
1488 1315 1591 1371 tales
1631 1329 1673 1371 in
1712 1329 1858 1382 quibus
1872 1347 1903 1370 15

364 1397 527 1439 omnino
557 1397 662 1439 nihil
691 1397 772 1439 ista
804 1397 892 1451 ipsa
923 1409 1024 1450 quae
1055 1397 1206 1438 dicitur
1236 1397 1483 1440 desideraret
1514 1398 1743 1452 integritas,
1777 1397 1859 1438 sint

364 1465 462 1508 licet
491 1466 723 1520 perhonesti
763 1466 998 1518 fuerintque
1039 1465 1286 1520 laudabiles,
1332 1467 1538 1508 tenuerint
1579 1467 1736 1520 apicem
1767 1478 1857 1519 per-

364 1534 553 1577 fectionis
585 1548 806 1586 summum,
838 1547 911 1576 nec
941 1535 984 1576 in
1005 1534 1140 1587 aliquo
1163 1535 1279 1587 lapsu
1302 1547 1440 1577 eorum
1462 1536 1679 1588 aliquando
1702 1535 1858 1577 claudi-

364 1604 517 1646 cauerit
563 1604 672 1646 uita:
719 1604 790 1646 sed
834 1604 973 1645 audire
1020 1603 1275 1657 deposcimus
1322 1604 1420 1657 quot
1465 1604 1548 1645 sint
1593 1606 1664 1646 aut
1703 1604 1856 1645 fuerint

364 1684 543 1723 numerO,
577 1674 624 1714 ut
645 1685 691 1714 ex
712 1672 995 1714 multitudinis
1017 1672 1299 1727 magnitudine
1321 1673 1553 1724 metiamur,
1585 1686 1635 1714 an
1658 1672 1856 1726 oppositio
1871 1688 1903 1713 20

363 1741 474 1783 iusta
504 1741 560 1783 sit
590 1742 699 1783 facta
729 1742 769 1783 et
807 1754 857 1783 an
896 1741 1158 1794 aequalitatis
1201 1742 1508 1796 conpensatione
1547 1742 1708 1783 librata.
1752 1753 1856 1782 unus

362 1811 440 1853 duo
485 1812 566 1853 tres
604 1811 796 1864 quattuor
833 1811 971 1852 decem
1012 1811 1164 1865 uiginti·
1206 1814 1386 1861 centum,
1434 1811 1541 1853 certe
1579 1823 1747 1853 numero
1786 1811 1854 1852 de-

361 1879 469 1922 finiti
508 1881 549 1921 et
588 1879 800 1921 nominum
841 1878 1013 1921 forsitan
1054 1879 1465 1933 conprehensionibus
1506 1879 1730 1921 terminati.
1788 1879 1856 1921 sed

361 1962 490 2003 genus
522 1949 748 1991 humanum
778 1960 856 1990 non
888 1961 932 1990 ex
965 1948 1081 1990 bonis
1112 1948 1299 2002 pauculis
1330 1949 1399 1990 sed
1430 1961 1476 1989 ex
1498 1948 1644 1990 ceteris
1667 1949 1855 1990 omnibus

362 2018 570 2060 aestimari
608 2018 798 2059 conuenit
836 2017 875 2058 et
913 2017 1139 2071 ponderari.
1187 2018 1227 2059 in
1266 2018 1351 2059 toto
1390 2017 1499 2058 enim
1536 2030 1629 2071 pars
1661 2019 1744 2068 est,
1777 2029 1900 2060 non2⁵

362 2087 497 2128 totum
527 2087 571 2128 in
600 2087 734 2141 parte,
775 2086 814 2128 et
845 2086 1092 2128 uniuersitas
1124 2086 1244 2128 debet
1274 2085 1490 2128 adtrahere
1521 2086 1745 2139 portiones,
1778 2098 1855 2128 non

271 2167 293 2200 f.
307 2168 347 2200 51
363 2154 617 2208 portionibus
638 2155 883 2196 uniuersitas
905 2155 1112 2209 adplicari.
1151 2153 1155 2210 Ι
1191 2155 1289 2209 quid
1312 2155 1434 2206 enim,
1458 2156 1493 2197 si
1514 2156 1721 2197 hominem
1743 2155 1855 2197 dicas

363 2224 530 2278 captum
559 2224 757 2266 membris
787 2224 977 2266 omnibus
1009 2224 1050 2266 et
1070 2223 1323 2266 heiulantem
1354 2237 1399 2265 ex
1428 2224 1675 2266 cruciatibus
1703 2224 1855 2277 asperis

407 2401 427 2435 1
453 2400 653 2435 comueniat
678 2401 714 2435 P
736 2410 817 2435 corr
954 2401 975 2434 2
999 2400 1169 2434 lacunam
1192 2400 1356 2444 siynaui:
1381 2399 1566 2434 intercidit
1590 2400 1773 2444 plenitatis
1798 2401 1856 2435 uel

362 2457 598 2502 plenitudinis
737 2461 772 2492 ct
795 2468 849 2492 om
874 2456 946 2492 8αό
1092 2457 1114 2491 5
1138 2457 1312 2491 saeuitate
1331 2456 1404 2491 8αό
1542 2457 1855 2492 innumerabilium

361 2516 511 2559 scripsi.-
534 2514 786 2549 innumerabili
809 2515 844 2549 P
1026 2514 1046 2548 6
1071 2513 1224 2548 iudicare
1249 2514 1322 2548 8αό
1509 2514 1548 2548 11
1575 2514 1714 2558 unique
1732 2515 1767 2549 P

360 2572 565 2617 principalis
591 2572 684 2607 Sab:
715 2572 925 2616 principales
950 2572 987 2606 P
1169 2571 1212 2606 13
1238 2571 1404 2605 humanis
1430 2570 1520 2606 Sab:
1561 2570 1705 2605 humani
1730 2572 1766 2606 P

363 2630 405 2664 14
427 2630 620 2675 regerimus
647 2630 810 2675 Guyetus
984 2630 1027 2664 16
1058 2629 1313 2664 desideraretur
1338 2628 1410 2663 8αό
1587 2628 1629 2662 19
1654 2631 1740 2673 quot
1765 2628 1853 2664 Sab:

359 2700 453 2744 quod
469 2700 505 2734 P
634 2699 677 2733 20
694 2697 940 2743 magnitudine
958 2697 1049 2733 Sab:
1074 2688 1322 2742 magnitudine
1335 2698 1371 2732 P
1506 2697 1550 2731 21
1568 2698 1603 2730 et
1621 2708 1675 2731 om
1693 2696 1763 2732 8αό

359 2757 404 2791 22
428 2758 521 2791 certo
548 2756 620 2791 8αό
643 2757 685 2790 in
702 2766 761 2790 err
897 2756 941 2790 23
966 2754 1234 2789 terminati.sed
1258 2753 1567 2789 Hildebrandius:
1592 2754 1795 2789 terminatis
1818 2757 1853 2789 et

360 2815 396 2850 P
418 2813 618 2855 terminati,
651 2825 689 2848 ac
716 2813 787 2848 8αό
819 2813 1009 2847 terminati.
1036 2815 1074 2846 at
1105 2812 1170 2847 Gel
1352 2812 1396 2846 28
1428 2822 1468 2846 ex
1492 2811 1707 2846 cruciatibus
1734 2811 1852 2846 Salm:

365 2875 593 2911 'crutiatibus
619 2877 653 2909 P
677 2875 888 2909 cruciatibus
914 2876 988 2910 8αό
