2032 3248
357 163 416 205 54
764 161 950 196 Arnobii
983 161 1196 195 aduersus
1228 161 1439 195 nationes

358 277 610 319 ueneramini
641 278 734 319 deos
766 277 807 318 et
837 276 970 318 colitis
1001 288 1080 318 non
1111 276 1317 318 credentes
1348 276 1442 319 illos
1473 288 1558 318 esse
1590 278 1630 319 et
1651 277 1849 331 propitias

318 347 345 387 9
359 357 474 388 aures
495 346 644 388 uestris
666 345 1030 399 supplicationibus
1051 345 1384 387 accommodare?
1415 345 1542 398 quid?
1562 346 1638 388 illa
1659 348 1706 388 de
1727 345 1848 387 rebus

359 414 409 455 ab
440 414 618 456 humana
654 414 882 469 cognitione
923 414 1130 468 sepositiS,
1177 426 1278 467 quae
1317 414 1570 456 conscribitis
1600 415 1699 467 ipsi,
1747 427 1849 468 quae

359 483 576 534 lectitatiS,
618 484 780 525 oculata
811 483 974 524 uidistis
1005 483 1255 536 inspectione
1288 484 1328 524 et
1359 483 1549 524 manibus
1579 483 1757 525 tractata
1787 485 1848 525 te-

359 552 536 595 nuistis?
566 564 695 594 nonne
725 555 909 595 uestrum
939 553 1183 605 quicumque
1214 553 1275 593 est
1305 553 1400 594 huic
1432 554 1495 594 uel
1515 552 1580 593 illi
1603 553 1731 594 credit
1752 564 1848 595 auc·
1880 570 1896 593 5

358 621 546 664 toribus?
589 633 667 663 non
699 616 805 674 quod
835 621 914 662 sibi
944 621 1190 674 persuaserit
1226 621 1316 674 quis
1350 633 1492 663 uerum
1524 621 1605 663 dici
1636 621 1686 662 ab
1719 621 1849 663 altero

358 689 474 732 uelut
505 691 682 744 quadam
711 690 805 733 fidei
826 690 1118 744 astipulatione
1139 692 1330 732 tutatur?
1362 690 1431 744 qui
1452 691 1692 732 cunctarum
1713 704 1850 732 rerum

358 759 558 813 originem
587 759 726 814 ignem
756 771 841 801 esse
871 759 971 801 dicit
1001 761 1071 801 aut
1103 772 1271 813 aquam,
1303 771 1383 801 non
1415 759 1576 801 Thaleti
1607 760 1678 802 aut
1719 759 1850 801 Hera-

359 827 457 869 clito
479 828 634 870 credit?
665 827 734 881 qui
756 839 918 870 causam
948 828 992 869 in
1013 827 1194 870 numeris
1226 828 1353 882 ponit,
1385 839 1463 869 non
1495 827 1751 882 Pythagorae
1774 827 1850 870 Sa-

358 896 460 948 mio,
492 907 572 938 non
604 896 838 950 Archytae?
883 896 952 949 qui
989 896 1169 938 animam
1201 896 1352 938 diuidit
1385 897 1425 938 et
1454 896 1725 950 incorporales
1757 909 1850 938 0011-
1865 918 1899 943 10

359 965 495 1007 stituit
525 965 689 1017 formas,
722 977 801 1006 non
830 965 995 1007 Platoni
1016 964 1249 1007 Socratico?
1279 965 1349 1018 qui
1380 965 1571 1018 quintum
1603 966 1851 1007 elementum

358 1033 652 1088 principalibus
694 1034 874 1087 adplicat
919 1034 1072 1085 causis,
1116 1046 1196 1075 non
1228 1034 1442 1076 Aristoteli
1488 1034 1852 1088 Peripateticorum

358 1103 495 1157 patri?
525 1103 594 1156 qui
624 1103 763 1157 ignem
794 1103 976 1145 minatur
1005 1102 1176 1158 mundo,
1209 1103 1418 1145 aduenerit
1447 1115 1541 1145 cum
1571 1105 1752 1158 tempus,
1786 1115 1851 1145 ar-

361 1185 521 1224 surum,
568 1184 648 1214 non
678 1171 874 1215 Panaetio
905 1171 1132 1226 Chrysippo
1162 1171 1341 1214 Zenoni?
1385 1171 1455 1225 qui
1498 1171 1722 1214 indiuiduis
1766 1183 1852 1214 cor-

359 1240 526 1295 poribus
570 1241 743 1284 mundos
788 1254 946 1295 semper
991 1241 1215 1283 fabricatur
1254 1242 1294 1283 et
1326 1240 1520 1291 destruit,
1567 1252 1646 1282 non
1676 1241 1899 1295 Epicuron,

361 1310 593 1353 Democrito
625 1309 883 1352 Metrodoro?
928 1310 997 1363 qui
1042 1309 1146 1351 nihil
1177 1309 1226 1352 ab
1271 1310 1434 1352 homine
1472 1309 1755 1362 comprehendi
1794 1309 1853 1351 ait

361 1381 483 1433 atque
527 1379 664 1421 omnia
708 1378 837 1421 caecis
881 1378 1201 1421 obscuritatibus
1247 1379 1455 1430 inuoluta,
1503 1389 1583 1420 non
1626 1378 1850 1428 Arcesilae,

362 1447 571 1498 Carneadi,
603 1460 681 1502 non
712 1447 834 1490 alicui
867 1448 1072 1502 [denique]
1095 1448 1337 1490 Academiae
1360 1447 1508 1490 ueteris
1538 1447 1855 1500 recentiorisque

301 1521 350 1561 lo
363 1516 539 1558 cultori?
569 1516 649 1570 ipsi
679 1516 851 1570 denique
881 1517 1082 1571 principes
1113 1517 1153 1558 et
1182 1516 1482 1569 praedictarum
1513 1517 1651 1569 patres
1690 1516 1852 1557 senten-

363 1585 528 1636 tiarum,
560 1596 689 1627 nonne
721 1597 767 1627 ea
797 1598 897 1638 quae
918 1585 1058 1627 dicunt
1080 1586 1164 1627 suis
1187 1585 1341 1628 credita
1362 1584 1662 1638 suspicionibus
1683 1584 1854 1626 dicunt?
1867 1602 1902 1627 20

363 1654 471 1696 uidit
516 1654 626 1696 enim
656 1654 890 1696 Heraclitus
932 1666 993 1695 res
1031 1654 1191 1708 ignium
1238 1652 1567 1696 conuersionibus
1605 1652 1712 1703 fieri,
1761 1663 1853 1694 con-

363 1723 540 1765 cretione
577 1735 775 1776 aquarum
813 1722 983 1777 Thales,
1030 1723 1284 1778 Pythagoras
1323 1735 1510 1766 numeros
1551 1723 1674 1776 coire,
1722 1722 1854 1764 incor-

252 1799 352 1832 f.31b
365 1792 522 1845 porales
551 1790 555 1846 Ι
589 1791 741 1833 formas
763 1791 894 1842 Plato,
926 1791 1233 1834 indiuiduorum
1256 1792 1515 1834 Democritus
1546 1791 1855 1834 concursiones?

364 1862 436 1902 aut
465 1860 542 1911 illi,
575 1860 643 1913 qui
674 1860 888 1902 autumant
918 1860 1023 1902 nihil
1052 1872 1169 1913 posse
1204 1861 1367 1902 omnino
1404 1860 1684 1913 conprehendi,
1717 1873 1769 1902 an
1800 1860 1855 1902 sit

363 1941 507 1971 uerum
537 1929 643 1982 quod
683 1929 824 1971 dicunt
854 1929 1009 1980 sciunt,
1050 1930 1097 1971 ut
1126 1929 1263 1983 ipsum
1302 1929 1408 1983 quod
1439 1928 1637 1971 definiunt
1667 1928 1854 1971 ueritatis
1868 1944 1901 1969 25

364 2010 451 2040 esse
481 1997 726 2052 intellegant
755 1998 1092 2051 pronuntiatum?
1138 2010 1231 2040 cum
1260 1998 1390 2052 igitur
1420 1998 1616 2052 comperti
1647 1997 1752 2039 nihil
1782 1998 1854 2040 ha·

363 2066 495 2109 beatis
542 2068 583 2109 et
630 2066 783 2121 cogniti
828 2067 1042 2120 omniaque
1080 2067 1155 2109 illa
1200 2079 1300 2120 quae
1354 2067 1533 2109 scribitis
1572 2068 1612 2109 et
1658 2067 1856 2109 librorum

411 2272 432 2306 5
456 2271 590 2305 auctori
617 2270 689 2305 Sab
828 2272 846 2306 7
875 2273 1081 2306 cunctorum
1108 2271 1179 2306 Sab
1328 2283 1445 2306 rerum
1470 2272 1545 2306 ‹1ch
1570 2270 1858 2306 Hildebrandius

365 2339 480 2363 rerum
520 2332 722 2363 cunctarum
756 2328 1027 2363 Klussmannus
1224 2329 1246 2363 8
1282 2329 1454 2372 originem
1486 2330 1605 2373 ignem
1638 2329 1857 2363 Hildebran-

366 2386 467 2420 clius:
493 2386 665 2430 originem
685 2386 721 2420 P
854 2386 940 2420 dicit
959 2386 1078 2430 ignem
1099 2386 1168 2420 Sab
1308 2387 1351 2420 10
1367 2386 1524 2420 architae
1543 2386 1578 2420 P
1717 2387 1758 2420 13
1776 2386 1858 2430 igne

366 2443 523 2478 minatur
538 2443 707 2477 mundum
734 2443 802 2478 Urs
901 2443 1084 2478 aduenerit
1099 2443 1248 2487 scripsi:
1273 2445 1308 2478 et
1326 2443 1462 2478 uenerit
1482 2444 1517 2477 P
1540 2443 1676 2477 uenerit
1700 2443 1767 2478 Urs

368 2500 410 2534 14
435 2500 596 2545 crysippo
620 2500 656 2534 P
790 2500 834 2535 15
857 2500 1005 2534 mundos
1030 2500 1120 2535 Sab.-
1157 2500 1298 2534 mundis
1324 2501 1359 2535 P
1497 2501 1539 2535 16
1564 2502 1616 2535 ait
1638 2500 1769 2535 addidi

367 2558 409 2592 17
427 2557 617 2592 archesilae
634 2558 669 2592 P
691 2557 895 2592 Archesilao
914 2557 986 2592 Sab
1123 2558 1167 2592 18
1183 2558 1331 2602 denique
1347 2558 1474 2593 seclusi
1611 2558 1859 2592 recentiorisue

374 2614 441 2649 Urs
578 2615 620 2649 19
638 2614 784 2658 denique
803 2614 893 2649 Sab:
919 2614 1042 2649 deuius
1060 2615 1095 2649 P
1231 2618 1405 2650 sectarum
1430 2615 1497 2650 Urs
1635 2615 1678 2649 20
1703 2615 1794 2659 apud
1819 2625 1859 2650 ea

367 2670 439 2706 Sab
577 2672 622 2706 22
645 2682 808 2706 numeros
833 2672 923 2706 coire
954 2672 1042 2707 Urs.-
1066 2683 1207 2706 numero
1232 2672 1321 2706 scire
1346 2673 1381 2707 P
1517 2672 1561 2706 25
1585 2682 1633 2716 sq.
1660 2674 1721 2706 aut
1737 2700 1742 2706 .
1758 2698 1766 2706 .
1782 2699 1787 2706 .
1804 2672 1859 2706 in-

365 2728 537 2772 telligunt
561 2728 632 2763 Sab
772 2729 814 2763 27
842 2729 1050 2773 omniaquae
1076 2729 1110 2763 P
1129 2739 1211 2764 corr
