2032 3248
364 222 446 263 130
767 218 956 253 Arnobii
988 218 1205 253 aduersus
1241 218 1450 253 nationes

358 336 458 377 haec
489 334 687 383 flammas
720 333 827 376 sicut
848 333 1074 387 perhibetis
1095 334 1136 375 et
1164 333 1343 386 creditis,
1375 333 1694 388 cogitationibus
1718 334 1860 376 subdit

357 404 567 453 humanis,
610 402 798 456 sequitur
827 403 875 444 ut
905 402 1097 457 intellegi
1137 402 1309 454 debeat,
1352 402 1547 456 quicquid
1576 402 1682 445 labis
1714 403 1754 445 et
1784 403 1863 445 cri·

357 473 485 515 minis
516 473 567 514 ab
599 470 757 513 insania
795 471 1068 524 proficiscitur
1104 471 1193 523 tali,
1232 472 1419 514 Veneriis
1450 473 1594 515 debere
1624 471 1864 514 uulneribus

359 541 571 595 imputari.
618 552 764 595 ergone
795 540 871 582 dea
901 541 1068 595 cogente
1098 540 1142 581 in
1175 540 1371 583 uilissimi
1391 541 1570 583 nominis
1592 541 1727 583 scorta
1748 553 1865 583 suam

361 611 522 665 saepius
553 610 734 664 produnt
765 609 892 652 etiam
923 609 1081 651 nobiles
1103 610 1363 665 dignitatem,
1395 610 1638 652 dissuuntur
1657 610 1863 651 tenacium
1896 628 1909 651 5

354 679 717 722 matrimoniorum
757 691 902 728 nexus,
949 679 993 720 in
1024 679 1202 721 incestas
1244 679 1437 721 libidines
1478 678 1734 721 necessitudo
1766 691 1861 720 san-

353 749 493 804 guinis
526 748 764 797 inardescit,
797 748 1007 790 insaniunt
1036 748 1079 790 in
1110 748 1261 790 liberos
1292 749 1458 799 matres,
1491 749 1630 802 patres
1653 748 1864 803 uirginum

352 831 521 861 suarum
553 819 653 860 uota
684 818 727 859 in
759 830 801 860 se
831 818 1013 869 uertunt,
1046 818 1188 860 contra
1218 818 1339 860 decus
1371 818 1519 860 aetatis
1549 829 1665 860 senes
1695 817 1740 858 in
1770 818 1864 859 obs-

352 900 469 930 cenos
501 887 721 943 ingemunt
751 887 858 929 curis
888 887 1149 929 iuuenalibus
1185 888 1407 942 adpetitus,
1439 887 1644 941 sapientes
1675 888 1715 928 et
1739 886 1864 928 fortes

353 957 433 999 uiri
465 958 633 999 soluunt
666 955 826 998 decreta
860 956 1115 998 constantiae
1146 956 1364 999 uirilitatis
1397 956 1540 1011 uigore
1581 956 1764 1007 mollito,
1799 956 1911 999 in-10

351 1026 574 1068 nectuntur
615 1025 843 1068 ceruicibus
888 1026 1046 1079 laquei,
1096 1025 1421 1068 conscenduntur
1472 1025 1660 1068 ardentes
1697 1026 1787 1080 rogi
1825 1027 1865 1068 et

355 1108 428 1148 per
459 1095 600 1137 uastas
634 1095 757 1148 atque
789 1095 1017 1137 altissimas
1048 1107 1168 1148 rupes
1198 1095 1355 1137 iaciunt
1377 1107 1419 1137 se
1439 1094 1595 1148 passim
1618 1094 1864 1136 uoluntariis

291 1168 342 1209 28
359 1164 534 1207 saltibus
555 1163 853 1218 praecipitati?
883 1164 1153 1217 quisquamne
1178 1165 1240 1206 est
1261 1164 1475 1206 hominum
1496 1163 1669 1206 rationis
1690 1163 1863 1205 alicuius

353 1233 594 1287 primordiis
641 1233 832 1283 indutus,
879 1233 949 1286 qui
995 1232 1232 1275 diuinitatis
1279 1233 1557 1275 substantiam
1602 1233 1691 1274 tam
1736 1232 1863 1275 foedis

240 1309 342 1343 ἕλω)
354 1303 518 1356 polluat
549 1303 621 1344 aut
652 1303 907 1344 contaminet
942 1301 947 1358 Ι
982 1303 1195 1345 moribus?
1241 1303 1312 1356 qui
1350 1303 1516 1344 naturas
1555 1302 1755 1344 attribuat
1785 1302 1907 1345 1111315

350 1372 468 1422 tales,
500 1384 599 1425 quas
631 1371 673 1412 in
705 1371 941 1425 agrestibus
973 1371 1105 1413 beluis
1136 1372 1321 1414 lenitudo
1343 1384 1462 1426 saepe
1492 1371 1711 1424 permulsit
1741 1373 1863 1425 atque

356 1440 596 1483 extenuauit
626 1440 834 1482 humana?
881 1440 1063 1492 ubinam,
1097 1453 1256 1494 quaeso,
1290 1441 1351 1483 est
1381 1440 1499 1491 illud,
1535 1440 1641 1494 quod
1672 1441 1722 1482 ab
1753 1442 1863 1483 omni

352 1509 677 1563 perturbationis
709 1508 874 1551 adfectu
905 1509 965 1551 dii
995 1509 1139 1563 procul
1171 1510 1298 1552 amoti
1329 1510 1436 1561 sunt,
1478 1510 1585 1563 quod
1624 1509 1735 1552 lenes
1772 1510 1862 1565 pla-

352 1579 433 1622 cidi
468 1578 614 1628 mites,
660 1579 768 1631 quod
798 1577 841 1619 in
872 1590 1016 1631 genere
1050 1578 1221 1621 uirtutis
1261 1578 1378 1621 unito
1415 1579 1675 1632 perfectionis
1705 1579 1861 1633 apicem

350 1650 473 1702 atque
504 1648 635 1702 ipsius
667 1648 846 1689 retinent
877 1647 1105 1702 sapientiae
1136 1649 1455 1690 summitatem?
1486 1648 1558 1690 aut
1591 1660 1662 1690 cur
1683 1660 1750 1690 eos
1771 1661 1860 1691 ora·
1876 1665 1908 1689 20

350 1731 455 1769 muS‚
486 1718 534 1759 ut
565 1730 587 1759 a
619 1717 735 1759 nobis
767 1718 940 1759 aduersa
970 1718 1092 1771 atque
1123 1717 1294 1759 inimica
1323 1717 1565 1771 propellant,
1599 1718 1634 1759 si
1654 1718 1860 1760 malorum

348 1787 534 1829 omnium
576 1786 725 1840 quibus
765 1786 918 1828 cotidie
956 1787 1164 1841 carpimur
1203 1787 1284 1840 ipsi
1327 1798 1412 1829 esse
1453 1786 1570 1829 nobis
1603 1787 1861 1841 reperiuntur

349 1858 563 1898 auctores?
610 1856 920 1909 quantumlibet
964 1869 1037 1899 nos
1077 1856 1247 1910 impios,
1291 1856 1549 1911 inreligiosos
1591 1856 1749 1898 uocetis
1789 1858 1859 1898 aut

349 1925 503 1976 atheos,
535 1937 763 1977 numquam
793 1924 917 1966 fidem
949 1925 1108 1967 facietis
1140 1937 1226 1967 esse
1257 1938 1447 1968 amorum
1479 1926 1587 1976 deos,
1621 1937 1707 1967 esse
1729 1925 1858 1967 bello-

348 2007 453 2045 rum,
486 2005 573 2035 esse
603 1994 675 2047 qui
707 1994 929 2036 discordias
961 1995 1184 2046 conserant,
1219 1994 1290 2048 qui
1312 1994 1534 2037 furialibus
1559 1994 1744 2037 stimulis
1766 1994 1903 2036 ani-25

347 2076 435 2106 mos
466 2063 711 2116 inquietent.
759 2065 831 2105 aut
863 2063 972 2106 enim
1002 2064 1219 2107 uerissime
1249 2063 1309 2106 dii
1340 2065 1448 2115 sunt,
1482 2065 1522 2106 et
1553 2076 1600 2106 ea
1622 2076 1725 2117 quae
1746 2075 1858 2105 com-

347 2132 607 2174 memorastis
649 2145 728 2174 non
770 2132 951 2175 faciunt:
999 2134 1072 2175 aut
1102 2134 1137 2174 si
1168 2133 1326 2176 faciunt
1358 2146 1404 2175 ea
1433 2146 1536 2186 quae
1569 2132 1728 2183 dicitis,
1769 2133 1857 2174 sine

281 2203 335 2243 29
349 2201 437 2243 ulla
479 2200 738 2243 dubitatione
780 2202 839 2243 dii
879 2213 958 2243 non
989 2203 1097 2244 sunt.
1145 2203 1186 2244 et
1216 2203 1358 2244 tamen
1390 2214 1602 2255 possemus
1633 2202 1855 2254 utcumque

391 2337 412 2371 3
436 2337 504 2371 tali
538 2337 626 2372 Urs:
650 2337 751 2379 talib3
776 2337 811 2371 P
949 2338 1095 2372 Veneris
1128 2338 1197 2373 Urs
1334 2338 1457 2372 debere
1479 2338 1564 2372 Get.-
1590 2337 1717 2372 debeat
1734 2339 1769 2372 P

346 2394 368 2429 4
393 2404 492 2428 suam
517 2394 601 2437 Sab,
625 2405 663 2428 r.-
687 2405 749 2429 sua
775 2395 810 2429 P
947 2396 969 2429 5
994 2395 1203 2430 dissuuntur
1228 2396 1319 2431 Sab:
1360 2396 1613 2430 dissuriunttur
1637 2396 1689 2430 sic
1713 2396 1748 2430 P
1784 2396 1854 2429 dis-

346 2450 519 2486 uniuntur
537 2451 637 2486 Sazm
775 2452 955 2487 tenacium
975 2452 1060 2495 Sab,
1078 2463 1118 2487 r:
1144 2453 1327 2487 tanacium
1343 2453 1379 2487 P
1403 2454 1542 2487 tenaces
1565 2453 1634 2488 Urs
1772 2453 1793 2487 6
1819 2452 1854 2486 111

345 2507 420 2542 add
446 2509 663 2544 Stewechius
829 2510 964 2545 incesta
988 2510 1139 2545 libidine
1165 2510 1239 2546 Sab
1404 2511 1426 2545 9
1449 2509 1665 2545 iuuenilibus
1692 2509 1764 2544 Sab

349 2564 392 2599 14
408 2565 567 2600 imbutus
585 2566 659 2601 Sab
760 2566 999 2602 substantiam
1014 2568 1162 2612 scripsi.-
1180 2568 1417 2603 constantiam
1436 2568 1473 2602 P
1565 2567 1610 2620 1ss
1624 2576 1711 2611 quas
1728 2567 1764 2601 P

346 2622 567 2666 aegrest-,ibus
584 2623 620 2657 P
635 2633 717 2659 corr
840 2624 954 2659 ueluis
972 2624 1009 2659 P
1024 2634 1107 2659 corr
1236 2625 1424 2660 laenitudo
1443 2625 1479 2660 P
1608 2623 1652 2658 19
1676 2623 1851 2657 uirtutum

347 2679 445 2713 omni
477 2679 495 2713 ,9
671 2680 776 2715 1111100
809 2681 878 2716 Urs
915 2681 1038 2716 unicae
1064 2681 1282 2717 Stewechius
1457 2681 1503 2716 20
1526 2680 1684 2715 retinent
1713 2679 1788 2722 θεῖ,
1814 2690 1852 2713 r:

347 2736 479 2771 retinet
503 2737 537 2771 P
697 2739 742 2773 22
765 2739 1015 2784 perpetiuntur
1039 2739 1075 2774 P
1097 2750 1181 2775 corr
1341 2740 1386 2775 23
1409 2740 1452 2774 in
1475 2749 1530 2784 my
1743 2737 1786 2772 27
1812 2737 1851 2771 z‘n

346 2803 406 2839 my
601 2797 664 2830 aut
681 2795 712 2830 si
728 2794 869 2831 faciunt
892 2796 969 2832 add
985 2796 1260 2832 Klussmanwws
1397 2797 1463 2831 aut
1486 2796 1515 2830 si
1533 2805 1582 2838 ea,
1607 2804 1695 2839 quae
1719 2793 1850 2835 dicitis,

347 2849 488 2885 faciunt
512 2850 585 2887 Sab
