2032 3248
817 271 947 305 Liber
980 271 1056 304 Vll.
1593 276 1673 316 255,

196 396 289 436 pare
328 383 532 425 desineret
570 384 691 425 alieni
730 385 936 438 sanguinis
968 385 1084 426 iura?
1130 399 1179 427 an
1210 388 1256 427 ut
1286 387 1457 441 zelotypi
1489 388 1673 440 pusiones

198 452 492 494 communicare
523 453 734 506 gustatum
766 465 930 494 suarum
961 454 1161 506 pecudum
1193 454 1348 505 nolunt,
1380 457 1450 496 aut
1472 457 1516 496 ut
1538 457 1673 509 genti-

202 519 277 561 bus
308 519 395 561 fieri
425 520 549 561 moris
582 521 850 562 diuersissimi
882 522 992 563 fania
1023 524 1097 571 est,
1129 536 1230 575 quae
1261 523 1460 564 habentur
1492 524 1553 564 his
1576 525 1672 573 esui,

199 588 371 630 aliorum
403 589 542 630 eadem
574 588 797 630 reiciuntur
827 602 850 630 a
880 590 1088 632 uictibus‘?
1134 603 1226 644 ergo
1258 592 1291 632 si
1323 591 1420 632 haec
1452 604 1561 633 cassa
1580 594 1674 634 sunt
1690 593 1740 633 22

169 669 269 698 snec
299 657 467 698 rationis
500 657 674 698 alicuius
703 657 895 700 habentia
926 659 1178 711 firmitatem,
1210 660 1499 701 sacrificiorum
1530 661 1677 713 etipsa

199 726 328 768 inanis
360 727 420 767 est
450 727 564 768 ratio.
611 727 764 769 etenim
795 728 863 781 qui
894 728 1000 781 potis
1029 732 1089 769 est
1117 728 1262 770 habere
1290 729 1473 770 idoneam
1503 729 1544 770 id
1573 729 1676 782 quod

197 795 380 847 sequitur
411 807 594 846 causam,
635 808 726 837 cum
758 796 891 849 ipsum
923 796 1026 837 illud
1057 797 1253 849 primum,
1286 810 1309 838 a
1339 810 1415 850 quo
1446 797 1586 838 defluit
1617 811 1679 839 se-

198 864 387 914 cundum,
420 864 705 905 inanissimum
736 876 820 906 esse
852 864 1074 917 reperiatur
1106 866 1145 906 et
1176 878 1350 906 uacuum
1381 867 1422 906 et
1448 865 1560 906 nulla
1582 866 1678 906 soli-

199 931 330 973 ditate
350 932 591 973 firmatum‘?
623 932 795 983 Telluri,
827 932 1030 985 inquiunt,
1062 934 1185 974 matri
1208 934 1335 974 scrofa
1357 933 1511 975 inciens
1534 934 1678 975 immo—

154 1016 185 1039 ιο
198 1000 306 1042 latur
337 1002 376 1041 et
406 1001 501 1049 feta,
534 1001 577 1042 at
606 1000 813 1042 Mineruae
845 1002 997 1055 uirgini
1030 1002 1144 1055 uirgo
1175 1003 1356 1043 caeditur
1377 1002 1522 1052 uitula,
1556 1001 1679 1042 nullis

201 1081 397 1121 umquam
438 1069 620 1110 stimulis
662 1069 815 1111 nullius
856 1070 987 1123 operis
1029 1070 1200 1111 excitata
1231 1071 1281 1111 ad
1312 1071 1489 1111 conatus.
1539 1070 1679 1122 atquin

202 1148 272 1178 nos
312 1137 560 1178 arbitramur
599 1149 671 1179 nec
713 1137 915 1191 uirginem
956 1130 1109 1191 uirgini
1150 1138 1373 1191 oportuisse
1403 1138 1592 1187 mactari,
1632 1151 1680 1179 ne

202 1205 420 1259 uirginitas
451 1206 672 1247 uiolaretur
704 1205 744 1246 in
775 1207 937 1258 pecude,
975 1219 1054 1259 qua
1084 1206 1157 1247 dea
1187 1206 1409 1259 plurimum
1439 1207 1577 1260 pollet,
1610 1219 1680 1247 nec

199 1273 359 1315 Telluri
402 1274 593 1328 grauidas
635 1275 755 1326 atque
793 1274 895 1316 fetas
933 1274 982 1315 ob
1014 1274 1201 1316 honorem
1240 1274 1500 1316 fecunditatis
1542 1274 1680 1326 ipsius,

155 1356 185 1379 15
201 1354 323 1394 quam
378 1343 515 1384 cuncti
570 1343 794 1395 expetimus
844 1343 884 1383 et
930 1345 1116 1396 optamus
1171 1342 1473 1396 inextinguibili
1526 1355 1682 1395 semper

199 1412 225 1462 †
250 1410 499 1452 fecunditate
519 1413 744 1464 procedere.
776 1424 870 1452 nam
892 1411 939 1461 si,
971 1411 1065 1464 quia
1086 1411 1200 1464 uirgo
1224 1410 1406 1451 Tritonia
1427 1412 1500 1460 est,
1532 1411 1682 1451 idcirco

202 1478 238 1519 ei
269 1479 460 1521 conuenit
483 1479 662 1534 uirgines
690 1479 843 1521 hostias
863 1479 1078 1530 immolari,
1112 1480 1151 1521 et
1172 1479 1276 1531 quod
1298 1479 1436 1520 Tellus
1459 1480 1519 1520 est
1540 1480 1681 1529 mater,

214 1547 485 1589 consimiliter
524 1548 704 1602 grauidis
745 1548 975 1601 accipienda
1016 1550 1076 1589 est
1116 1548 1251 1589 scrofis
1264 1580 1273 1601 ,
1315 1558 1406 1601 ergo
1447 1548 1487 1587 et
1518 1547 1682 1588 musicis

205 1615 364 1668 Apollo,
398 1617 503 1669 quod
534 1617 726 1667 musicus,
768 1618 808 1658 et
838 1616 942 1669 quod
974 1616 1155 1657 medicus
1190 1615 1465 1668 Aesculapius,
1504 1615 1683 1667 medicis,

155 1697 188 1723 20
206 1684 246 1725 et
277 1685 384 1736 quod
405 1685 518 1727 faber
538 1685 750 1727 Vulcanus
772 1687 843 1735 est,
877 1684 1014 1735 fabris,
1048 1685 1088 1726 et
1112 1684 1218 1737 quod
1239 1683 1460 1725 Mercurius
1483 1684 1684 1735 eloquens,

208 1752 489 1805 eloquentibus
520 1755 639 1796 debet
660 1753 1021 1806 disertissimisque
1043 1752 1226 1794 mactari.
1261 1751 1401 1804 quodsi
1424 1752 1553 1792 dicere
1574 1751 1683 1792 istud

203 1820 391 1862 insanum
438 1825 498 1864 est
542 1823 613 1864 aut
653 1823 700 1864 ut
737 1821 995 1863 mediocriter
1025 1820 1282 1873 pronuntiem
1322 1819 1508 1868 brutum,
1555 1819 1684 1859 multo

206 1888 309 1930 illud
350 1890 515 1931 maioris
555 1891 754 1931 amentiae
796 1891 876 1941 est,
918 1889 1019 1930 fetas
1061 1888 1244 1942 iugulare
1276 1887 1452 1937 Telluri,
1495 1886 1599 1939 quod
1631 1886 1683 1926 sit

206 1956 356 2000 fetibus
388 1959 571 2012 grauior,
611 1959 817 2000 Mineruae
848 1959 978 1999 castas
1010 1958 1050 1998 et
1081 1957 1277 2010 uirgines,
1317 1956 1410 2007 quia
1440 1955 1495 1995 sit
1531 1953 1535 2007 Ι
1570 1966 1682 2007 pura,
1699 1960 1719 1990 f.
1738 1956 1816 1990 145⁰

158 2040 188 2064 25
204 2026 455 2080 uirginitatis
494 2028 681 2069 intactae.
728 2040 822 2068 nani
861 2026 966 2079 quod
1005 2026 1084 2066 dici
1116 2038 1138 2066 a
1170 2024 1283 2065 uobis
1315 2023 1557 2075 accipimus,
1601 2023 1750 2062 essezz

207 2094 400 2146 quosdam
431 2108 477 2136 ex
508 2096 584 2137 diis
615 2095 755 2145 bonos,
787 2094 886 2136 alios
917 2095 1053 2134 autem
1083 2093 1211 2134 malos
1243 2094 1282 2133 et
1313 2093 1362 2132 ad
1393 2089 1560 2132 nocendi
1589 2089 1685 2130 libi-

208 2162 343 2203 dinem
385 2164 670 2217 promptiores,
711 2164 874 2215 illisque
906 2163 951 2203 ut
982 2161 1157 2214 prosint,
1200 2160 1263 2201 his
1303 2170 1397 2201 uero
1430 2172 1477 2200 ne
1518 2160 1683 2199 noceant

207 2243 411 2273 sacrorum
453 2232 665 2273 sollemnia
696 2231 942 2278 ministrari,
985 2242 1159 2282 quanam
1191 2229 1298 2269 istud
1331 2227 1485 2268 ratione
1515 2226 1684 2274 dicatur,

252 2423 268 2455 1
288 2422 461 2457 desineret
481 2423 562 2456 Gel:
588 2420 759 2455 desideret
778 2420 812 2453 P
914 2420 1001 2462 iura]
1022 2420 1055 2452 iu
1075 2419 1199 2452 Pcorr
1217 2430 1233 2452 c
1339 2419 1376 2451 ut
1395 2418 1486 2450 Sub:
1514 2417 1550 2449 ui
1568 2417 1602 2450 J'

205 2479 346 2522 zelotipi
374 2481 408 2512 P
553 2480 574 2512 ‘2
599 2478 851 2511 communicare
878 2476 967 2509 Sub:
993 2475 1273 2509 eoncurnunicare
1300 2475 1334 2507 P
1491 2473 1511 2506 4
1538 2473 1686 2506 aliorum

208 2536 412 2570 meursius:
438 2536 585 2569 aliarum
614 2536 648 2568 P
817 2534 837 2566 (3
862 2533 952 2567 ratio
980 2532 1069 2565 sab:
1095 2531 1188 2564 datio
1216 2531 1249 2564 P
1421 2531 1499 2573 pote
1525 2529 1596 2562 Sub

205 2593 224 2626 7
251 2593 445 2627 secundum
469 2593 504 2625 P
659 2592 679 2623 .‘)
706 2590 837 2623 inciens
868 2590 952 2623 Urs:
978 2589 1101 2631 ingens
1131 2588 1162 2621 P
1322 2587 1364 2619 10
1388 2588 1422 2618 ct
1448 2597 1501 2618 om
1529 2585 1599 2618 Sub

208 2650 247 2682 ut
274 2649 383 2683 foetae
409 2650 594 2683 Meursius
771 2648 807 2680 11
837 2646 953 2679 nullus
979 2646 1012 2678 P
1037 2655 1116 2678 corr
1298 2643 1448 2676 excitata.
1474 2642 1515 2674 ad
1540 2641 1684 2684 scripsi.-

210 2706 362 2739 excitata
380 2707 415 2739 P
438 2706 548 2739 excita
566 2705 608 2738 ad
631 2704 799 2738 Oehlerus
935 2704 1058 2735 conatu
1079 2701 1150 2734 Sab
1290 2700 1330 2732 15
1347 2699 1508 2742 quoniam
1534 2698 1598 2731 Urs

210 2763 252 2796 16
277 2763 505 2806 fecunditate]
532 2762 731 2796 Arnobiam
766 2759 950 2793 fertilitate
982 2759 1039 2791 uel
1077 2757 1236 2790 ubertate
1265 2757 1318 2789 ael
1351 2756 1484 2788 uirtute
1508 2755 1688 2797 scripsisse

209 2819 361 2853 Zinlsius
376 2821 584 2863 suspicatur
714 2819 756 2851 19
773 2817 985 2859 aescolapius
1006 2816 1039 2848 P
1163 2816 1202 2848 ‘21
1225 2813 1548 2855 dissertissimisque
1569 2812 1600 2844 l'

207 2877 250 2909 23
274 2876 411 2910 telluri*
437 2877 471 2910 P
608 2875 650 2909 ‘24
677 2874 827 2917 grauior]
855 2872 998 2916 grauida
1031 2872 1047 2904 ἶ)
1187 2872 1230 2903 28
1254 2880 1440 2913 quamnam
1468 2869 1502 2902 P
1521 2878 1597 2902 corr
