<?xml version="1.0" encoding="UTF-8"?>
<!DOCTYPE html PUBLIC "-//W3C//DTD XHTML 1.0 Transitional//EN"
    "http://www.w3.org/TR/xhtml1/DTD/xhtml1-transitional.dtd">
<html xmlns="http://www.w3.org/1999/xhtml" xml:lang="en" lang="en">
 <head>
  <title>
</title>
<meta http-equiv="Content-Type" content="text/html;charset=utf-8" />
  <meta name='ocr-system' content='tesseract 3.04.00' />
  <meta name='ocr-capabilities' content='ocr_page ocr_carea ocr_par ocr_line ocrx_word'/>
</head>
<body>
  <div class='ocr_page' id='page_1' title='image "./corpusscriptorum03cypruoft/corpusscriptorum03cypruoft_0228.png"; bbox 0 0 2032 3248; ppageno 0'>
   <div class='ocr_carea' id='block_1_1' title="bbox 347 259 1223 306">
    <p class='ocr_par' dir='ltr' id='par_1_1' title="bbox 347 259 1223 306">
     <span class='ocr_line' id='line_1_1' title="bbox 347 259 1223 306; baseline 0 -13"><span class='ocrx_word' id='word_1_1' title='bbox 347 264 432 306; x_wconf 78' lang='lat'>218</span> <span class='ocrx_word' id='word_1_2' title='bbox 978 259 1223 305; x_wconf 86' lang='lat' dir='ltr'>Appendix.</span> 
     </span>
    </p>
   </div>
   <div class='ocr_carea' id='block_1_2' title="bbox 268 352 1905 2350">
    <p class='ocr_par' dir='ltr' id='par_1_2' title="bbox 342 352 1905 1175">
     <span class='ocr_line' id='line_1_2' title="bbox 354 352 1858 416; baseline -0.002 -9"><span class='ocrx_word' id='word_1_3' title='bbox 354 352 505 408; x_wconf 83' lang='lat' dir='ltr'>conlata</span> <span class='ocrx_word' id='word_1_4' title='bbox 534 370 612 414; x_wconf 86' lang='lat' dir='ltr'>est,</span> <span class='ocrx_word' id='word_1_5' title='bbox 644 369 686 406; x_wconf 90' lang='lat' dir='ltr'>ut</span> <span class='ocrx_word' id='word_1_6' title='bbox 707 368 886 416; x_wconf 87' lang='lat' dir='ltr'>prouidos</span> <span class='ocrx_word' id='word_1_7' title='bbox 907 378 982 405; x_wconf 91' lang='lat' dir='ltr'>non</span> <span class='ocrx_word' id='word_1_8' title='bbox 1003 368 1046 404; x_wconf 90' lang='lat' dir='ltr'>ut</span> <span class='ocrx_word' id='word_1_9' title='bbox 1066 366 1294 415; x_wconf 88' lang='lat' dir='ltr'>praecipites</span> <span class='ocrx_word' id='word_1_10' title='bbox 1315 367 1480 413; x_wconf 83' lang='lat' dir='ltr'>tueatur,</span> <span class='ocrx_word' id='word_1_11' title='bbox 1518 368 1560 404; x_wconf 88' lang='lat' dir='ltr'>ut</span> <span class='ocrx_word' id='word_1_12' title='bbox 1596 366 1681 404; x_wconf 87' lang='lat' dir='ltr'>illos</span> <span class='ocrx_word' id='word_1_13' title='bbox 1712 366 1858 405; x_wconf 88' lang='lat' dir='ltr'>muniat</span> 
     </span>
     <span class='ocr_line' id='line_1_3' title="bbox 350 435 1854 486; baseline -0.001 -11"><span class='ocrx_word' id='word_1_14' title='bbox 350 438 415 486; x_wconf 88' lang='lat' dir='ltr'>qui</span> <span class='ocrx_word' id='word_1_15' title='bbox 436 437 658 475; x_wconf 90' lang='lat' dir='ltr'>renuntiant</span> <span class='ocrx_word' id='word_1_16' title='bbox 679 436 1020 484; x_wconf 70' lang='lat' dir='ltr'>inportunitatibus</span> <span class='ocrx_word' id='word_1_17' title='bbox 1044 435 1283 482; x_wconf 76' lang='lat' dir='ltr'>delictorum,</span> <span class='ocrx_word' id='word_1_18' title='bbox 1320 446 1395 472; x_wconf 91' lang='lat' dir='ltr'>non</span> <span class='ocrx_word' id='word_1_19' title='bbox 1417 446 1481 473; x_wconf 92' lang='lat' dir='ltr'>eos</span> <span class='ocrx_word' id='word_1_20' title='bbox 1504 435 1569 483; x_wconf 90' lang='lat' dir='ltr'>qui</span> <span class='ocrx_word' id='word_1_21' title='bbox 1591 447 1630 474; x_wconf 92' lang='lat' dir='ltr'>se</span> <span class='ocrx_word' id='word_1_22' title='bbox 1652 436 1773 484; x_wconf 85' lang='lat' dir='ltr'>magis</span> <span class='ocrx_word' id='word_1_23' title='bbox 1794 436 1854 473; x_wconf 90' lang='lat' dir='ltr'>in-</span> 
     </span>
     <span class='ocr_line' id='line_1_4' title="bbox 346 504 1856 555; baseline -0.001 -11"><span class='ocrx_word' id='word_1_24' title='bbox 346 507 519 555; x_wconf 89' lang='lat' dir='ltr'>portunis</span> <span class='ocrx_word' id='word_1_25' title='bbox 542 506 692 544; x_wconf 83' lang='lat' dir='ltr'>delictis</span> <span class='ocrx_word' id='word_1_26' title='bbox 714 506 946 553; x_wconf 78' lang='lat' dir='ltr'>inmergunt.</span> <span class='ocrx_word' id='word_1_27' title='bbox 985 505 1114 544; x_wconf 83' lang='lat' dir='ltr'>custos</span> <span class='ocrx_word' id='word_1_28' title='bbox 1135 504 1243 542; x_wconf 89' lang='lat' dir='ltr'>nobis</span> <span class='ocrx_word' id='word_1_29' title='bbox 1280 505 1392 542; x_wconf 87' lang='lat' dir='ltr'>datus</span> <span class='ocrx_word' id='word_1_30' title='bbox 1415 505 1474 542; x_wconf 87' lang='lat' dir='ltr'>est</span> <span class='ocrx_word' id='word_1_31' title='bbox 1495 504 1674 552; x_wconf 89' lang='lat' dir='ltr'>spiritus,</span> <span class='ocrx_word' id='word_1_32' title='bbox 1718 505 1783 542; x_wconf 90' lang='lat' dir='ltr'>sed</span> <span class='ocrx_word' id='word_1_33' title='bbox 1813 506 1856 543; x_wconf 89' lang='lat' dir='ltr'>ut</span> 
     </span>
     <span class='ocr_line' id='line_1_5' title="bbox 345 572 1853 621; baseline -0.002 -7"><span class='ocrx_word' id='word_1_34' title='bbox 345 575 535 614; x_wconf 87' lang='lat' dir='ltr'>contraria</span> <span class='ocrx_word' id='word_1_35' title='bbox 557 575 838 613; x_wconf 80' lang='lat' dir='ltr'>declinantibus</span> <span class='ocrx_word' id='word_1_36' title='bbox 860 573 1078 613; x_wconf 86' lang='lat' dir='ltr'>adsistendo</span> <span class='ocrx_word' id='word_1_37' title='bbox 1102 573 1316 619; x_wconf 87' lang='lat' dir='ltr'>subueniat,</span> <span class='ocrx_word' id='word_1_38' title='bbox 1338 584 1412 611; x_wconf 93' lang='lat' dir='ltr'>non</span> <span class='ocrx_word' id='word_1_39' title='bbox 1434 574 1477 610; x_wconf 92' lang='lat' dir='ltr'>ut</span> <span class='ocrx_word' id='word_1_40' title='bbox 1503 572 1692 611; x_wconf 86' lang='lat' dir='ltr'>contraria</span> <span class='ocrx_word' id='word_1_41' title='bbox 1708 573 1853 621; x_wconf 90' lang='lat' dir='ltr'>eligen-</span> 
     </span>
     <span class='ocr_line' id='line_1_6' title="bbox 344 642 1881 691; baseline -0.001 -9"><span class='ocrx_word' id='word_1_42' title='bbox 344 644 447 682; x_wconf 87' lang='lat' dir='ltr'>tibus</span> <span class='ocrx_word' id='word_1_43' title='bbox 469 644 612 691; x_wconf 86' lang='lat' dir='ltr'>faueat,</span> <span class='ocrx_word' id='word_1_44' title='bbox 635 655 705 682; x_wconf 89' lang='lat' dir='ltr'>nec</span> <span class='ocrx_word' id='word_1_45' title='bbox 726 645 768 681; x_wconf 89' lang='lat' dir='ltr'>ut</span> <span class='ocrx_word' id='word_1_46' title='bbox 789 642 1027 682; x_wconf 87' lang='lat' dir='ltr'>uoluntarios</span> <span class='ocrx_word' id='word_1_47' title='bbox 1050 644 1089 680; x_wconf 90' lang='lat' dir='ltr'>et</span> <span class='ocrx_word' id='word_1_48' title='bbox 1109 653 1246 690; x_wconf 89' lang='lat' dir='ltr'>pronos</span> <span class='ocrx_word' id='word_1_49' title='bbox 1268 642 1307 679; x_wconf 91' lang='lat' dir='ltr'>in</span> <span class='ocrx_word' id='word_1_50' title='bbox 1329 642 1489 680; x_wconf 80' lang='lat' dir='ltr'>aduersa</span> <span class='ocrx_word' id='word_1_51' title='bbox 1507 642 1706 689; x_wconf 80' lang='lat' dir='ltr'>confortet,</span> <span class='ocrx_word' id='word_1_52' title='bbox 1730 643 1796 680; x_wconf 85' lang='lat' dir='ltr'>sed</span> <span class='ocrx_word' id='word_1_53' title='bbox 1812 644 1854 680; x_wconf 89' lang='lat' dir='ltr'>ut</span> <span class='ocrx_word' id='word_1_54' title='bbox 1868 655 1881 680; x_wconf 82' lang='lat'>⁵</span> 
     </span>
     <span class='ocr_line' id='line_1_7' title="bbox 344 710 1854 760; baseline -0.001 -9"><span class='ocrx_word' id='word_1_55' title='bbox 344 714 392 752; x_wconf 88' lang='lat' dir='ltr'>ab</span> <span class='ocrx_word' id='word_1_56' title='bbox 422 713 593 751; x_wconf 85' lang='lat' dir='ltr'>aduersis</span> <span class='ocrx_word' id='word_1_57' title='bbox 626 713 792 751; x_wconf 83' lang='lat' dir='ltr'>nitentes</span> <span class='ocrx_word' id='word_1_58' title='bbox 816 712 984 760; x_wconf 87' lang='lat' dir='ltr'>separari</span> <span class='ocrx_word' id='word_1_59' title='bbox 1006 711 1213 750; x_wconf 88' lang='lat' dir='ltr'>confirmet.</span> <span class='ocrx_word' id='word_1_60' title='bbox 1253 722 1340 749; x_wconf 88' lang='lat' dir='ltr'>nam</span> <span class='ocrx_word' id='word_1_61' title='bbox 1377 711 1601 759; x_wconf 87' lang='lat' dir='ltr'>quicumque</span> <span class='ocrx_word' id='word_1_62' title='bbox 1632 710 1854 759; x_wconf 81' lang='lat' dir='ltr'>perniciosis</span> 
     </span>
     <span class='ocr_line' id='line_1_8' title="bbox 346 779 1853 828; baseline -0.002 -8"><span class='ocrx_word' id='word_1_63' title='bbox 346 782 543 820; x_wconf 87' lang='lat' dir='ltr'>conatibus</span> <span class='ocrx_word' id='word_1_64' title='bbox 563 783 678 820; x_wconf 88' lang='lat' dir='ltr'>audet</span> <span class='ocrx_word' id='word_1_65' title='bbox 700 792 870 820; x_wconf 88' lang='lat' dir='ltr'>exercere</span> <span class='ocrx_word' id='word_1_66' title='bbox 892 781 1088 828; x_wconf 85' lang='lat' dir='ltr'>uirtutem,</span> <span class='ocrx_word' id='word_1_67' title='bbox 1111 781 1289 818; x_wconf 85' lang='lat' dir='ltr'>iuuamen</span> <span class='ocrx_word' id='word_1_68' title='bbox 1310 791 1384 818; x_wconf 91' lang='lat' dir='ltr'>non</span> <span class='ocrx_word' id='word_1_69' title='bbox 1405 781 1522 818; x_wconf 86' lang='lat' dir='ltr'>habet</span> <span class='ocrx_word' id='word_1_70' title='bbox 1543 779 1700 828; x_wconf 84' lang='lat' dir='ltr'>spiritus</span> <span class='ocrx_word' id='word_1_71' title='bbox 1719 780 1853 826; x_wconf 88' lang='lat' dir='ltr'>sancti,</span> 
     </span>
     <span class='ocr_line' id='line_1_9' title="bbox 346 849 1855 899; baseline -0.001 -11"><span class='ocrx_word' id='word_1_72' title='bbox 346 851 410 899; x_wconf 89' lang='lat' dir='ltr'>qui</span> <span class='ocrx_word' id='word_1_73' title='bbox 433 851 621 889; x_wconf 89' lang='lat' dir='ltr'>neminem</span> <span class='ocrx_word' id='word_1_74' title='bbox 643 851 727 888; x_wconf 91' lang='lat' dir='ltr'>uult</span> <span class='ocrx_word' id='word_1_75' title='bbox 747 851 962 889; x_wconf 91' lang='lat' dir='ltr'>ultroneum</span> <span class='ocrx_word' id='word_1_76' title='bbox 998 850 1123 887; x_wconf 90' lang='lat' dir='ltr'>uirum</span> <span class='ocrx_word' id='word_1_77' title='bbox 1159 849 1296 888; x_wconf 86' lang='lat' dir='ltr'>fortem</span> <span class='ocrx_word' id='word_1_78' title='bbox 1318 850 1366 887; x_wconf 87' lang='lat' dir='ltr'>ad</span> <span class='ocrx_word' id='word_1_79' title='bbox 1389 849 1651 887; x_wconf 88' lang='lat' dir='ltr'>fraudulentas</span> <span class='ocrx_word' id='word_1_80' title='bbox 1672 849 1855 887; x_wconf 83' lang='lat' dir='ltr'>uictorias</span> 
     </span>
     <span class='ocr_line' id='line_1_10' title="bbox 343 904 1853 967; baseline -0.001 -10"><span class='ocrx_word' id='word_1_81' title='bbox 343 920 524 958; x_wconf 87' lang='lat' dir='ltr'>coartari:</span> <span class='ocrx_word' id='word_1_82' title='bbox 557 930 627 957; x_wconf 89' lang='lat' dir='ltr'>nec</span> <span class='ocrx_word' id='word_1_83' title='bbox 662 919 828 967; x_wconf 86' lang='lat' dir='ltr'>protegit</span> <span class='ocrx_word' id='word_1_84' title='bbox 850 930 948 965; x_wconf 88' lang='lat' dir='ltr'>eum,</span> <span class='ocrx_word' id='word_1_85' title='bbox 986 918 1077 967; x_wconf 88' lang='lat' dir='ltr'>quin</span> <span class='ocrx_word' id='word_1_86' title='bbox 1113 918 1225 956; x_wconf 89' lang='lat' dir='ltr'>immo</span> <span class='ocrx_word' id='word_1_87' title='bbox 1263 919 1330 957; x_wconf 90' lang='lat' dir='ltr'>sed</span> <span class='ocrx_word' id='word_1_88' title='bbox 1353 918 1508 965; x_wconf 87' lang='lat' dir='ltr'>deserit,</span> <span class='ocrx_word' id='word_1_89' title='bbox 1540 904 1652 966; x_wconf 88' lang='lat' dir='ltr'>quem</span> <span class='ocrx_word' id='word_1_90' title='bbox 1673 918 1853 966; x_wconf 89' lang='lat' dir='ltr'>periculis</span> 
     </span>
     <span class='ocr_line' id='line_1_11' title="bbox 342 987 1905 1036; baseline 0 -10"><span class='ocrx_word' id='word_1_91' title='bbox 342 988 555 1027; x_wconf 89' lang='lat' dir='ltr'>inruentem</span> <span class='ocrx_word' id='word_1_92' title='bbox 577 998 643 1036; x_wconf 91' lang='lat' dir='ltr'>per</span> <span class='ocrx_word' id='word_1_93' title='bbox 664 988 832 1026; x_wconf 90' lang='lat' dir='ltr'>inlicitos</span> <span class='ocrx_word' id='word_1_94' title='bbox 855 989 1016 1026; x_wconf 90' lang='lat' dir='ltr'>euentus</span> <span class='ocrx_word' id='word_1_95' title='bbox 1038 987 1233 1036; x_wconf 83' lang='lat' dir='ltr'>exquirere</span> <span class='ocrx_word' id='word_1_96' title='bbox 1265 988 1480 1036; x_wconf 87' lang='lat' dir='ltr'>triumphos</span> <span class='ocrx_word' id='word_1_97' title='bbox 1503 987 1715 1035; x_wconf 84' lang='lat' dir='ltr'>agnouerit,</span> <span class='ocrx_word' id='word_1_98' title='bbox 1754 987 1905 1026; x_wconf 85' lang='lat' dir='ltr'>sicut1o</span> 
     </span>
     <span class='ocr_line' id='line_1_12' title="bbox 342 1055 1852 1106; baseline 0 -12"><span class='ocrx_word' id='word_1_99' title='bbox 342 1057 423 1106; x_wconf 87' lang='lat' dir='ltr'>ipse</span> <span class='ocrx_word' id='word_1_100' title='bbox 445 1058 519 1095; x_wconf 88' lang='lat' dir='ltr'>iam</span> <span class='ocrx_word' id='word_1_101' title='bbox 540 1059 631 1095; x_wconf 87' lang='lat' dir='ltr'>tunc</span> <span class='ocrx_word' id='word_1_102' title='bbox 651 1068 719 1105; x_wconf 89' lang='lat' dir='ltr'>per</span> <span class='ocrx_word' id='word_1_103' title='bbox 741 1056 975 1095; x_wconf 84' lang='lat' dir='ltr'>Salomonem</span> <span class='ocrx_word' id='word_1_104' title='bbox 1000 1057 1148 1095; x_wconf 85' lang='lat' dir='ltr'>locutus</span> <span class='ocrx_word' id='word_1_105' title='bbox 1184 1059 1242 1095; x_wconf 88' lang='lat' dir='ltr'>est</span> <span class='ocrx_word' id='word_1_106' title='bbox 1279 1057 1429 1095; x_wconf 84' lang='lat' dir='ltr'>dicens:</span> <span class='ocrx_word' id='word_1_107' title='bbox 1472 1068 1634 1095; x_wconf 89' lang='lat' dir='ltr'>amans</span> <span class='ocrx_word' id='word_1_108' title='bbox 1665 1055 1852 1104; x_wconf 89' lang='lat' dir='ltr'>pericu-</span> 
     </span>
     <span class='ocr_line' id='line_1_13' title="bbox 344 1126 860 1175; baseline -0.004 -10"><span class='ocrx_word' id='word_1_109' title='bbox 344 1127 438 1165; x_wconf 89' lang='lat' dir='ltr'>lum</span> <span class='ocrx_word' id='word_1_110' title='bbox 470 1128 517 1165; x_wconf 89' lang='lat' dir='ltr'>in</span> <span class='ocrx_word' id='word_1_111' title='bbox 549 1127 656 1175; x_wconf 89' lang='lat' dir='ltr'>ipso</span> <span class='ocrx_word' id='word_1_112' title='bbox 687 1126 860 1174; x_wconf 90' lang='lat' dir='ltr'>periet.</span> 
     </span>
    </p>

    <p class='ocr_par' dir='ltr' id='par_1_3' title="bbox 268 1195 1902 1659">
     <span class='ocr_line' id='line_1_14' title="bbox 268 1195 1852 1243; baseline -0.002 -7"><span class='ocrx_word' id='word_1_113' title='bbox 268 1199 328 1237; x_wconf 88' lang='lat'>43</span> <span class='ocrx_word' id='word_1_114' title='bbox 406 1196 545 1234; x_wconf 88' lang='lat' dir='ltr'>Ordine</span> <span class='ocrx_word' id='word_1_115' title='bbox 567 1207 633 1234; x_wconf 88' lang='lat' dir='ltr'>suo</span> <span class='ocrx_word' id='word_1_116' title='bbox 654 1195 773 1243; x_wconf 89' lang='lat' dir='ltr'>igitur</span> <span class='ocrx_word' id='word_1_117' title='bbox 793 1208 870 1234; x_wconf 91' lang='lat' dir='ltr'>non</span> <span class='ocrx_word' id='word_1_118' title='bbox 891 1197 1021 1234; x_wconf 90' lang='lat' dir='ltr'>nostro</span> <span class='ocrx_word' id='word_1_119' title='bbox 1058 1195 1216 1233; x_wconf 88' lang='lat' dir='ltr'>arbitrio</span> <span class='ocrx_word' id='word_1_120' title='bbox 1253 1195 1379 1233; x_wconf 88' lang='lat' dir='ltr'>uirtus</span> <span class='ocrx_word' id='word_1_121' title='bbox 1416 1195 1539 1234; x_wconf 84' lang='lat' dir='ltr'>sancti</span> <span class='ocrx_word' id='word_1_122' title='bbox 1561 1195 1717 1243; x_wconf 87' lang='lat' dir='ltr'>spiritus</span> <span class='ocrx_word' id='word_1_123' title='bbox 1738 1195 1852 1233; x_wconf 85' lang='lat' dir='ltr'>mini-</span> 
     </span>
     <span class='ocr_line' id='line_1_15' title="bbox 343 1265 1852 1313; baseline 0 -11"><span class='ocrx_word' id='word_1_124' title='bbox 343 1266 488 1303; x_wconf 86' lang='lat' dir='ltr'>stratur</span> <span class='ocrx_word' id='word_1_125' title='bbox 509 1267 547 1303; x_wconf 91' lang='lat' dir='ltr'>et</span> <span class='ocrx_word' id='word_1_126' title='bbox 570 1266 775 1304; x_wconf 88' lang='lat' dir='ltr'>secuudum</span> <span class='ocrx_word' id='word_1_127' title='bbox 795 1265 1017 1303; x_wconf 84' lang='lat' dir='ltr'>institutum</span> <span class='ocrx_word' id='word_1_128' title='bbox 1040 1265 1121 1303; x_wconf 86' lang='lat' dir='ltr'>eius</span> <span class='ocrx_word' id='word_1_129' title='bbox 1144 1265 1289 1313; x_wconf 86' lang='lat' dir='ltr'>proelia</span> <span class='ocrx_word' id='word_1_130' title='bbox 1318 1266 1605 1313; x_wconf 85' lang='lat' dir='ltr'>prosperantur.</span> <span class='ocrx_word' id='word_1_131' title='bbox 1648 1276 1852 1313; x_wconf 85' lang='lat' dir='ltr'>numquam</span> 
     </span>
     <span class='ocr_line' id='line_1_16' title="bbox 340 1333 1902 1383; baseline 0 -11"><span class='ocrx_word' id='word_1_132' title='bbox 340 1334 415 1372; x_wconf 86' lang='lat' dir='ltr'>nisi</span> <span class='ocrx_word' id='word_1_133' title='bbox 436 1334 713 1383; x_wconf 81' lang='lat' dir='ltr'>praecipitatus</span> <span class='ocrx_word' id='word_1_134' title='bbox 735 1335 922 1373; x_wconf 85' lang='lat' dir='ltr'>exercitus</span> <span class='ocrx_word' id='word_1_135' title='bbox 946 1334 1096 1381; x_wconf 90' lang='lat' dir='ltr'>cecidit,</span> <span class='ocrx_word' id='word_1_136' title='bbox 1134 1334 1199 1382; x_wconf 88' lang='lat' dir='ltr'>qui</span> <span class='ocrx_word' id='word_1_137' title='bbox 1235 1333 1370 1372; x_wconf 88' lang='lat' dir='ltr'>auidus</span> <span class='ocrx_word' id='word_1_138' title='bbox 1406 1333 1562 1373; x_wconf 84' lang='lat' dir='ltr'>fortiter</span> <span class='ocrx_word' id='word_1_139' title='bbox 1598 1334 1722 1373; x_wconf 88' lang='lat' dir='ltr'>facere</span> <span class='ocrx_word' id='word_1_140' title='bbox 1744 1334 1850 1372; x_wconf 82' lang='lat' dir='ltr'>ducis</span> <span class='ocrx_word' id='word_1_141' title='bbox 1866 1348 1902 1372; x_wconf 63' lang='grc' dir='ltr'>ιε»</span> 
     </span>
     <span class='ocr_line' id='line_1_17' title="bbox 339 1403 1850 1451; baseline 0 -10"><span class='ocrx_word' id='word_1_142' title='bbox 339 1403 401 1442; x_wconf 89' lang='lat' dir='ltr'>uel</span> <span class='ocrx_word' id='word_1_143' title='bbox 421 1403 665 1451; x_wconf 84' lang='lat' dir='ltr'>imperatoris</span> <span class='ocrx_word' id='word_1_144' title='bbox 687 1403 746 1441; x_wconf 92' lang='lat' dir='ltr'>sui</span> <span class='ocrx_word' id='word_1_145' title='bbox 768 1403 1036 1451; x_wconf 89' lang='lat' dir='ltr'>dispositiones</span> <span class='ocrx_word' id='word_1_146' title='bbox 1060 1403 1228 1451; x_wconf 86' lang='lat' dir='ltr'>inrupit:</span> <span class='ocrx_word' id='word_1_147' title='bbox 1270 1403 1390 1442; x_wconf 88' lang='lat' dir='ltr'>multo</span> <span class='ocrx_word' id='word_1_148' title='bbox 1422 1403 1544 1451; x_wconf 86' lang='lat' dir='ltr'>magis</span> <span class='ocrx_word' id='word_1_149' title='bbox 1572 1403 1850 1451; x_wconf 88' lang='lat' dir='ltr'>perperituram</span> 
     </span>
     <span class='ocr_line' id='line_1_18' title="bbox 341 1472 1850 1521; baseline 0 -11"><span class='ocrx_word' id='word_1_150' title='bbox 341 1473 472 1520; x_wconf 82' lang='lat' dir='ltr'>erogat</span> <span class='ocrx_word' id='word_1_151' title='bbox 493 1472 768 1520; x_wconf 88' lang='lat' dir='ltr'>fortitudinem,</span> <span class='ocrx_word' id='word_1_152' title='bbox 800 1473 864 1521; x_wconf 90' lang='lat' dir='ltr'>qui</span> <span class='ocrx_word' id='word_1_153' title='bbox 886 1472 967 1511; x_wconf 91' lang='lat' dir='ltr'>sine</span> <span class='ocrx_word' id='word_1_154' title='bbox 990 1473 1107 1510; x_wconf 89' lang='lat' dir='ltr'>armis</span> <span class='ocrx_word' id='word_1_155' title='bbox 1128 1473 1321 1511; x_wconf 87' lang='lat' dir='ltr'>doctrinae</span> <span class='ocrx_word' id='word_1_156' title='bbox 1342 1472 1519 1520; x_wconf 84' lang='lat' dir='ltr'>magistri</span> <span class='ocrx_word' id='word_1_157' title='bbox 1548 1472 1707 1521; x_wconf 88' lang='lat' dir='ltr'>spiritus</span> <span class='ocrx_word' id='word_1_158' title='bbox 1737 1483 1850 1521; x_wconf 89' lang='lat' dir='ltr'>prae-</span> 
     </span>
     <span class='ocr_line' id='line_1_19' title="bbox 341 1540 1849 1590; baseline 0.001 -12"><span class='ocrx_word' id='word_1_159' title='bbox 341 1541 548 1589; x_wconf 88' lang='lat' dir='ltr'>sumpserit</span> <span class='ocrx_word' id='word_1_160' title='bbox 568 1540 819 1589; x_wconf 87' lang='lat' dir='ltr'>triumphare,</span> <span class='ocrx_word' id='word_1_161' title='bbox 857 1554 941 1580; x_wconf 91' lang='lat' dir='ltr'>cum</span> <span class='ocrx_word' id='word_1_162' title='bbox 963 1542 1084 1580; x_wconf 87' lang='lat' dir='ltr'>dicat:</span> <span class='ocrx_word' id='word_1_163' title='bbox 1127 1553 1211 1580; x_wconf 89' lang='lat' dir='ltr'>uae</span> <span class='ocrx_word' id='word_1_164' title='bbox 1248 1542 1330 1590; x_wconf 91' lang='lat' dir='ltr'>qui</span> <span class='ocrx_word' id='word_1_165' title='bbox 1369 1553 1452 1590; x_wconf 89' lang='lat' dir='ltr'>per</span> <span class='ocrx_word' id='word_1_166' title='bbox 1490 1542 1849 1590; x_wconf 84' lang='lat' dir='ltr'>praesumptio-</span> 
     </span>
     <span class='ocr_line' id='line_1_20' title="bbox 338 1610 1542 1659; baseline 0.002 -12"><span class='ocrx_word' id='word_1_167' title='bbox 338 1620 443 1648; x_wconf 87' lang='lat' dir='ltr'>nem</span> <span class='ocrx_word' id='word_1_168' title='bbox 485 1622 614 1649; x_wconf 90' lang='lat' dir='ltr'>suam</span> <span class='ocrx_word' id='word_1_169' title='bbox 654 1610 851 1659; x_wconf 87' lang='lat' dir='ltr'>aliquid</span> <span class='ocrx_word' id='word_1_170' title='bbox 891 1611 1104 1658; x_wconf 86' lang='lat' dir='ltr'>faciunt,</span> <span class='ocrx_word' id='word_1_171' title='bbox 1145 1622 1235 1649; x_wconf 89' lang='lat' dir='ltr'>non</span> <span class='ocrx_word' id='word_1_172' title='bbox 1275 1622 1361 1659; x_wconf 90' lang='lat' dir='ltr'>per</span> <span class='ocrx_word' id='word_1_173' title='bbox 1401 1611 1542 1650; x_wconf 91' lang='lat' dir='ltr'>Deum</span> 
     </span>
    </p>

    <p class='ocr_par' dir='ltr' id='par_1_4' title="bbox 272 1678 1899 2350">
     <span class='ocr_line' id='line_1_21' title="bbox 272 1678 1899 1729; baseline -0.001 -9"><span class='ocrx_word' id='word_1_174' title='bbox 272 1684 327 1720; x_wconf 89' lang='lat'>44</span> <span class='ocrx_word' id='word_1_175' title='bbox 403 1678 441 1717; x_wconf 89' lang='lat' dir='ltr'>Si</span> <span class='ocrx_word' id='word_1_176' title='bbox 482 1691 556 1727; x_wconf 88' lang='lat' dir='ltr'>qua</span> <span class='ocrx_word' id='word_1_177' title='bbox 600 1679 720 1727; x_wconf 90' lang='lat' dir='ltr'>igitur</span> <span class='ocrx_word' id='word_1_178' title='bbox 760 1680 799 1717; x_wconf 91' lang='lat' dir='ltr'>in</span> <span class='ocrx_word' id='word_1_179' title='bbox 848 1680 955 1718; x_wconf 89' lang='lat' dir='ltr'>uobis</span> <span class='ocrx_word' id='word_1_180' title='bbox 1003 1681 1061 1718; x_wconf 91' lang='lat' dir='ltr'>est</span> <span class='ocrx_word' id='word_1_181' title='bbox 1100 1680 1238 1719; x_wconf 85' lang='lat' dir='ltr'>fiducia</span> <span class='ocrx_word' id='word_1_182' title='bbox 1277 1680 1416 1718; x_wconf 92' lang='lat' dir='ltr'>uirium</span> <span class='ocrx_word' id='word_1_183' title='bbox 1456 1680 1707 1729; x_wconf 88' lang='lat' dir='ltr'>spiritalium,</span> <span class='ocrx_word' id='word_1_184' title='bbox 1759 1681 1851 1729; x_wconf 88' lang='lat' dir='ltr'>quid</span> <span class='ocrx_word' id='word_1_185' title='bbox 1863 1693 1899 1719; x_wconf 83' lang='lat'>20</span> 
     </span>
     <span class='ocr_line' id='line_1_22' title="bbox 340 1748 1851 1797; baseline 0.001 -11"><span class='ocrx_word' id='word_1_186' title='bbox 340 1748 534 1796; x_wconf 89' lang='lat' dir='ltr'>spiritales</span> <span class='ocrx_word' id='word_1_187' title='bbox 592 1750 724 1787; x_wconf 86' lang='lat' dir='ltr'>deceat</span> <span class='ocrx_word' id='word_1_188' title='bbox 788 1749 1025 1796; x_wconf 88' lang='lat' dir='ltr'>recordetur,</span> <span class='ocrx_word' id='word_1_189' title='bbox 1091 1751 1129 1787; x_wconf 91' lang='lat' dir='ltr'>et</span> <span class='ocrx_word' id='word_1_190' title='bbox 1187 1749 1220 1788; x_wconf 93' lang='lat' dir='ltr'>si</span> <span class='ocrx_word' id='word_1_191' title='bbox 1280 1749 1434 1788; x_wconf 87' lang='lat' dir='ltr'>creditis</span> <span class='ocrx_word' id='word_1_192' title='bbox 1495 1761 1562 1788; x_wconf 90' lang='lat' dir='ltr'>uos</span> <span class='ocrx_word' id='word_1_193' title='bbox 1625 1749 1851 1797; x_wconf 87' lang='lat' dir='ltr'>spiritaliter</span> 
     </span>
     <span class='ocr_line' id='line_1_23' title="bbox 338 1816 1850 1866; baseline 0.002 -12"><span class='ocrx_word' id='word_1_194' title='bbox 338 1816 506 1856; x_wconf 85' lang='lat' dir='ltr'>militare</span> <span class='ocrx_word' id='word_1_195' title='bbox 519 1848 528 1864; x_wconf 94' lang='lat'>,</span> <span class='ocrx_word' id='word_1_196' title='bbox 590 1816 786 1866; x_wconf 85' lang='lat' dir='ltr'>agnoscite</span> <span class='ocrx_word' id='word_1_197' title='bbox 843 1819 942 1866; x_wconf 87' lang='lat' dir='ltr'>quod</span> <span class='ocrx_word' id='word_1_198' title='bbox 999 1819 1173 1858; x_wconf 87' lang='lat' dir='ltr'>docemus</span> <span class='ocrx_word' id='word_1_199' title='bbox 1239 1830 1314 1857; x_wconf 88' lang='lat' dir='ltr'>non</span> <span class='ocrx_word' id='word_1_200' title='bbox 1370 1830 1453 1857; x_wconf 86' lang='lat' dir='ltr'>esse</span> <span class='ocrx_word' id='word_1_201' title='bbox 1509 1819 1681 1866; x_wconf 87' lang='lat' dir='ltr'>carnale,</span> <span class='ocrx_word' id='word_1_202' title='bbox 1751 1818 1850 1858; x_wconf 87' lang='lat' dir='ltr'>sicut</span> 
     </span>
     <span class='ocr_line' id='line_1_24' title="bbox 339 1886 1848 1936; baseline 0.002 -13"><span class='ocrx_word' id='word_1_203' title='bbox 339 1887 482 1925; x_wconf 90' lang='lat' dir='ltr'>Paulus</span> <span class='ocrx_word' id='word_1_204' title='bbox 505 1887 701 1934; x_wconf 88' lang='lat' dir='ltr'>apostolus</span> <span class='ocrx_word' id='word_1_205' title='bbox 722 1886 891 1935; x_wconf 85' lang='lat' dir='ltr'>loquitur</span> <span class='ocrx_word' id='word_1_206' title='bbox 913 1887 1064 1926; x_wconf 87' lang='lat' dir='ltr'>dicens:</span> <span class='ocrx_word' id='word_1_207' title='bbox 1099 1887 1139 1925; x_wconf 88' lang='lat' dir='ltr'>si</span> <span class='ocrx_word' id='word_1_208' title='bbox 1170 1888 1278 1936; x_wconf 87' lang='lat' dir='ltr'>quis</span> <span class='ocrx_word' id='word_1_209' title='bbox 1309 1889 1452 1936; x_wconf 84' lang='lat' dir='ltr'>putat</span> <span class='ocrx_word' id='word_1_210' title='bbox 1484 1899 1532 1926; x_wconf 89' lang='lat' dir='ltr'>se</span> <span class='ocrx_word' id='word_1_211' title='bbox 1562 1889 1848 1936; x_wconf 82' lang='lat' dir='ltr'>prophetam</span> 
     </span>
     <span class='ocr_line' id='line_1_25' title="bbox 338 1955 1847 2005; baseline 0.001 -12"><span class='ocrx_word' id='word_1_212' title='bbox 338 1966 444 1994; x_wconf 90' lang='lat' dir='ltr'>esse</span> <span class='ocrx_word' id='word_1_213' title='bbox 475 1958 563 1994; x_wconf 89' lang='lat' dir='ltr'>aut</span> <span class='ocrx_word' id='word_1_214' title='bbox 594 1955 899 2004; x_wconf 87' lang='lat' dir='ltr'>spiritalem,</span> <span class='ocrx_word' id='word_1_215' title='bbox 933 1959 1202 2005; x_wconf 88' lang='lat' dir='ltr'>cognoscat</span> <span class='ocrx_word' id='word_1_216' title='bbox 1233 1968 1353 2005; x_wconf 89' lang='lat' dir='ltr'>quae</span> <span class='ocrx_word' id='word_1_217' title='bbox 1386 1957 1547 1995; x_wconf 89' lang='lat' dir='ltr'>scribo</span> <span class='ocrx_word' id='word_1_218' title='bbox 1578 1956 1729 1996; x_wconf 89' lang='lat' dir='ltr'>uobis.</span> <span class='ocrx_word' id='word_1_219' title='bbox 1772 1968 1847 1995; x_wconf 93' lang='lat' dir='ltr'>non</span> 
     </span>
     <span class='ocr_line' id='line_1_26' title="bbox 335 2025 1894 2075; baseline 0.002 -13"><span class='ocrx_word' id='word_1_220' title='bbox 335 2026 394 2063; x_wconf 88' lang='lat' dir='ltr'>est</span> <span class='ocrx_word' id='word_1_221' title='bbox 430 2026 530 2074; x_wconf 86' lang='lat' dir='ltr'>quod</span> <span class='ocrx_word' id='word_1_222' title='bbox 564 2025 673 2064; x_wconf 88' lang='lat' dir='ltr'>uobis</span> <span class='ocrx_word' id='word_1_223' title='bbox 701 2025 741 2063; x_wconf 89' lang='lat' dir='ltr'>in</span> <span class='ocrx_word' id='word_1_224' title='bbox 775 2026 847 2064; x_wconf 88' lang='lat' dir='ltr'>hac</span> <span class='ocrx_word' id='word_1_225' title='bbox 876 2025 1124 2073; x_wconf 88' lang='lat' dir='ltr'>persuasione</span> <span class='ocrx_word' id='word_1_226' title='bbox 1154 2026 1371 2074; x_wconf 87' lang='lat' dir='ltr'>deceptoria</span> <span class='ocrx_word' id='word_1_227' title='bbox 1392 2026 1654 2073; x_wconf 86' lang='lat' dir='ltr'>blandiamini,</span> <span class='ocrx_word' id='word_1_228' title='bbox 1691 2028 1734 2064; x_wconf 90' lang='lat' dir='ltr'>ut</span> <span class='ocrx_word' id='word_1_229' title='bbox 1755 2026 1845 2075; x_wconf 83' lang='lat' dir='ltr'>quia</span> <span class='ocrx_word' id='word_1_230' title='bbox 1859 2039 1894 2065; x_wconf 80' lang='lat'>25</span> 
     </span>
     <span class='ocr_line' id='line_1_27' title="bbox 336 2092 1846 2143; baseline 0.002 -12"><span class='ocrx_word' id='word_1_231' title='bbox 336 2092 530 2140; x_wconf 86' lang='lat' dir='ltr'>spiritales</span> <span class='ocrx_word' id='word_1_232' title='bbox 562 2093 669 2141; x_wconf 90' lang='lat' dir='ltr'>estis,</span> <span class='ocrx_word' id='word_1_233' title='bbox 702 2093 832 2132; x_wconf 88' lang='lat' dir='ltr'>uelitis</span> <span class='ocrx_word' id='word_1_234' title='bbox 863 2094 964 2132; x_wconf 90' lang='lat' dir='ltr'>inter</span> <span class='ocrx_word' id='word_1_235' title='bbox 995 2094 1270 2142; x_wconf 82' lang='lat' dir='ltr'>flagitiosorum</span> <span class='ocrx_word' id='word_1_236' title='bbox 1302 2097 1536 2134; x_wconf 84' lang='lat' dir='ltr'>armamenta</span> <span class='ocrx_word' id='word_1_237' title='bbox 1566 2095 1726 2143; x_wconf 88' lang='lat' dir='ltr'>uersari,</span> <span class='ocrx_word' id='word_1_238' title='bbox 1775 2107 1846 2134; x_wconf 90' lang='lat' dir='ltr'>nec</span> 
     </span>
     <span class='ocr_line' id='line_1_28' title="bbox 333 2162 1843 2212; baseline 0.001 -12"><span class='ocrx_word' id='word_1_239' title='bbox 333 2174 402 2201; x_wconf 90' lang='lat' dir='ltr'>uos</span> <span class='ocrx_word' id='word_1_240' title='bbox 439 2162 628 2201; x_wconf 82' lang='lat' dir='ltr'>inhabiles</span> <span class='ocrx_word' id='word_1_241' title='bbox 658 2174 741 2201; x_wconf 86' lang='lat' dir='ltr'>esse</span> <span class='ocrx_word' id='word_1_242' title='bbox 769 2175 837 2211; x_wconf 90' lang='lat' dir='ltr'>pro</span> <span class='ocrx_word' id='word_1_243' title='bbox 868 2163 1070 2202; x_wconf 89' lang='lat' dir='ltr'>clericatus</span> <span class='ocrx_word' id='word_1_244' title='bbox 1104 2163 1306 2212; x_wconf 87' lang='lat' dir='ltr'>dignitate,</span> <span class='ocrx_word' id='word_1_245' title='bbox 1345 2164 1435 2212; x_wconf 87' lang='lat' dir='ltr'>quia</span> <span class='ocrx_word' id='word_1_246' title='bbox 1454 2164 1660 2203; x_wconf 88' lang='lat' dir='ltr'>maioribus</span> <span class='ocrx_word' id='word_1_247' title='bbox 1682 2164 1843 2203; x_wconf 89' lang='lat' dir='ltr'>maiores</span> 
     </span>
     <span class='ocr_line' id='line_1_29' title="bbox 335 2230 1844 2282; baseline 0.001 -12"><span class='ocrx_word' id='word_1_248' title='bbox 335 2234 564 2271; x_wconf 85' lang='lat' dir='ltr'>consuerunt</span> <span class='ocrx_word' id='word_1_249' title='bbox 600 2230 899 2271; x_wconf 89' lang='lat' dir='ltr'>conflictationes</span> <span class='ocrx_word' id='word_1_250' title='bbox 937 2243 1144 2271; x_wconf 90' lang='lat' dir='ltr'>occurrere.</span> <span class='ocrx_word' id='word_1_251' title='bbox 1175 2233 1300 2272; x_wconf 85' lang='lat' dir='ltr'>acrius</span> <span class='ocrx_word' id='word_1_252' title='bbox 1324 2233 1509 2271; x_wconf 88' lang='lat' dir='ltr'>diuitibus</span> <span class='ocrx_word' id='word_1_253' title='bbox 1530 2245 1642 2281; x_wconf 89' lang='lat' dir='ltr'>quam</span> <span class='ocrx_word' id='word_1_254' title='bbox 1662 2233 1844 2282; x_wconf 88' lang='lat' dir='ltr'>pauperi-</span> 
     </span>
     <span class='ocr_line' id='line_1_30' title="bbox 335 2299 1844 2350; baseline 0.001 -11"><span class='ocrx_word' id='word_1_255' title='bbox 335 2302 408 2340; x_wconf 90' lang='lat' dir='ltr'>bus</span> <span class='ocrx_word' id='word_1_256' title='bbox 440 2301 635 2340; x_wconf 88' lang='lat' dir='ltr'>inuidetur</span> <span class='ocrx_word' id='word_1_257' title='bbox 664 2303 702 2340; x_wconf 88' lang='lat' dir='ltr'>et</span> <span class='ocrx_word' id='word_1_258' title='bbox 730 2313 806 2340; x_wconf 92' lang='lat' dir='ltr'>non</span> <span class='ocrx_word' id='word_1_259' title='bbox 827 2301 958 2350; x_wconf 87' lang='lat' dir='ltr'>inopes</span> <span class='ocrx_word' id='word_1_260' title='bbox 982 2303 1047 2340; x_wconf 90' lang='lat' dir='ltr'>sed</span> <span class='ocrx_word' id='word_1_261' title='bbox 1068 2302 1279 2350; x_wconf 89' lang='lat' dir='ltr'>locupletes</span> <span class='ocrx_word' id='word_1_262' title='bbox 1300 2302 1490 2350; x_wconf 88' lang='lat' dir='ltr'>inquietat</span> <span class='ocrx_word' id='word_1_263' title='bbox 1510 2299 1707 2341; x_wconf 87' lang='lat' dir='ltr'>infestatio</span> <span class='ocrx_word' id='word_1_264' title='bbox 1729 2314 1844 2341; x_wconf 86' lang='lat' dir='ltr'>saeua</span> 
     </span>
    </p>
   </div>
   <div class='ocr_carea' id='block_1_3' title="bbox 330 2480 1838 2811">
    <p class='ocr_par' dir='ltr' id='par_1_5' title="bbox 425 2480 1457 2524">
     <span class='ocr_line' id='line_1_31' title="bbox 425 2480 1457 2524; baseline 0.001 -8"><span class='ocrx_word' id='word_1_265' title='bbox 425 2482 467 2515; x_wconf 89' lang='lat'>11</span> <span class='ocrx_word' id='word_1_266' title='bbox 495 2482 560 2516; x_wconf 87' lang='lat' dir='ltr'>Sir.</span> <span class='ocrx_word' id='word_1_267' title='bbox 586 2482 618 2523; x_wconf 86' lang='lat'>3,</span> <span class='ocrx_word' id='word_1_268' title='bbox 645 2482 700 2517; x_wconf 85' lang='grc'>26.</span> <span class='ocrx_word' id='word_1_269' title='bbox 842 2483 885 2517; x_wconf 86' lang='grc'>18</span> <span class='ocrx_word' id='word_1_270' title='bbox 911 2482 928 2517; x_wconf 68' lang='grc' dir='ltr'>ἲ)</span> <span class='ocrx_word' id='word_1_271' title='bbox 945 2480 965 2516; x_wconf 61' lang='grc' dir='ltr'>ἱ)</span> <span class='ocrx_word' id='word_1_272' title='bbox 1103 2482 1148 2516; x_wconf 86' lang='grc'>23</span> <span class='ocrx_word' id='word_1_273' title='bbox 1173 2483 1192 2517; x_wconf 96' lang='lat' dir='ltr'>I</span> <span class='ocrx_word' id='word_1_274' title='bbox 1217 2482 1295 2518; x_wconf 88' lang='lat' dir='ltr'>Cor.</span> <span class='ocrx_word' id='word_1_275' title='bbox 1323 2483 1377 2524; x_wconf 88' lang='lat'>14,</span> <span class='ocrx_word' id='word_1_276' title='bbox 1402 2483 1457 2518; x_wconf 87' lang='grc'>37.</span> 
     </span>
    </p>

    <p class='ocr_par' dir='ltr' id='par_1_6' title="bbox 330 2647 1838 2811">
     <span class='ocr_line' id='line_1_32' title="bbox 422 2647 1838 2697; baseline 0.004 -16"><span class='ocrx_word' id='word_1_277' title='bbox 422 2647 445 2681; x_wconf 84' lang='grc'>4</span> <span class='ocrx_word' id='word_1_278' title='bbox 469 2647 732 2684; x_wconf 83' lang='lat' dir='ltr'>declinantibus</span> <span class='ocrx_word' id='word_1_279' title='bbox 759 2650 788 2684; x_wconf 80' lang='lat'><em>0</em></span> <span class='ocrx_word' id='word_1_280' title='bbox 811 2650 843 2684; x_wconf 90' lang='lat' dir='ltr'>cl</span> <span class='ocrx_word' id='word_1_281' title='bbox 870 2661 914 2685; x_wconf 75' lang='lat' dir='ltr'>ex</span> <span class='ocrx_word' id='word_1_282' title='bbox 939 2650 961 2684; x_wconf 90' lang='lat' dir='ltr'>d</span> <span class='ocrx_word' id='word_1_283' title='bbox 986 2662 1030 2685; x_wconf 83' lang='lat' dir='ltr'>m.</span> <span class='ocrx_word' id='word_1_284' title='bbox 1059 2653 1084 2686; x_wconf 79' lang='grc'>2</span> <span class='ocrx_word' id='word_1_285' title='bbox 1236 2652 1459 2697; x_wconf 78' lang='lat' dir='ltr'>elegentibus</span> <span class='ocrx_word' id='word_1_286' title='bbox 1491 2652 1520 2688; x_wconf 82' lang='lat' dir='ltr'><strong><em>G</em></strong></span> <span class='ocrx_word' id='word_1_287' title='bbox 1668 2652 1690 2687; x_wconf 86' lang='lat'>5</span> <span class='ocrx_word' id='word_1_288' title='bbox 1714 2652 1838 2687; x_wconf 90' lang='lat' dir='ltr'>uolun-</span> 
     </span>
     <span class='ocr_line' id='line_1_33' title="bbox 330 2703 1837 2754; baseline 0.005 -17"><span class='ocrx_word' id='word_1_289' title='bbox 330 2703 424 2738; x_wconf 87' lang='lat' dir='ltr'>tario</span> <span class='ocrx_word' id='word_1_290' title='bbox 451 2707 505 2738; x_wconf 87' lang='lat' dir='ltr'>set</span> <span class='ocrx_word' id='word_1_291' title='bbox 535 2705 565 2740; x_wconf 81' lang='lat' dir='ltr'><em>C</em></span> <span class='ocrx_word' id='word_1_292' title='bbox 703 2707 724 2741; x_wconf 87' lang='grc'><strong>6</strong></span> <span class='ocrx_word' id='word_1_293' title='bbox 749 2706 793 2741; x_wconf 87' lang='lat' dir='ltr'>ab</span> <span class='ocrx_word' id='word_1_294' title='bbox 818 2718 883 2742; x_wconf 85' lang='lat' dir='ltr'>om.</span> <span class='ocrx_word' id='word_1_295' title='bbox 915 2707 945 2743; x_wconf 80' lang='grc' dir='ltr'><em>Ο</em></span> <span class='ocrx_word' id='word_1_296' title='bbox 1082 2709 1103 2743; x_wconf 87' lang='lat'>9</span> <span class='ocrx_word' id='word_1_297' title='bbox 1129 2720 1207 2744; x_wconf 90' lang='lat' dir='ltr'>eum</span> <span class='ocrx_word' id='word_1_298' title='bbox 1240 2710 1278 2751; x_wconf 79' lang='grc' dir='ltr'>Ο,</span> <span class='ocrx_word' id='word_1_299' title='bbox 1304 2710 1409 2744; x_wconf 89' lang='lat' dir='ltr'>illum</span> <span class='ocrx_word' id='word_1_300' title='bbox 1434 2721 1454 2744; x_wconf 90' lang='lat' dir='ltr'><em>v</em></span> <span class='ocrx_word' id='word_1_301' title='bbox 1595 2710 1639 2744; x_wconf 84' lang='grc'>12</span> <span class='ocrx_word' id='word_1_302' title='bbox 1662 2710 1774 2754; x_wconf 87' lang='lat' dir='ltr'>periet</span> <span class='ocrx_word' id='word_1_303' title='bbox 1800 2710 1837 2751; x_wconf 81' lang='lat' dir='ltr'>C,</span> 
     </span>
     <span class='ocr_line' id='line_1_34' title="bbox 330 2761 1795 2811; baseline 0.005 -16"><span class='ocrx_word' id='word_1_304' title='bbox 330 2761 462 2806; x_wconf 87' lang='lat' dir='ltr'>peribit</span> <span class='ocrx_word' id='word_1_305' title='bbox 487 2773 507 2796; x_wconf 86' lang='lat' dir='ltr'><em>v</em></span> <span class='ocrx_word' id='word_1_306' title='bbox 646 2764 690 2798; x_wconf 88' lang='lat'>16</span> <span class='ocrx_word' id='word_1_307' title='bbox 714 2765 971 2809; x_wconf 84' lang='lat' dir='ltr'>perperituram</span> <span class='ocrx_word' id='word_1_308' title='bbox 997 2765 1035 2808; x_wconf 80' lang='lat' dir='ltr'>C,</span> <span class='ocrx_word' id='word_1_309' title='bbox 1060 2777 1241 2811; x_wconf 84' lang='lat' dir='ltr'>perperam</span> <span class='ocrx_word' id='word_1_310' title='bbox 1266 2778 1286 2802; x_wconf 86' lang='lat' dir='ltr'><strong><em>v</em></strong></span> <span class='ocrx_word' id='word_1_311' title='bbox 1423 2766 1469 2801; x_wconf 82' lang='lat'>20</span> <span class='ocrx_word' id='word_1_312' title='bbox 1494 2767 1579 2811; x_wconf 88' lang='lat' dir='ltr'>quid</span> <span class='ocrx_word' id='word_1_313' title='bbox 1604 2778 1649 2802; x_wconf 61' lang='grc' dir='ltr'>εκ</span> <span class='ocrx_word' id='word_1_314' title='bbox 1674 2767 1735 2811; x_wconf 87' lang='lat' dir='ltr'>qui</span> <span class='ocrx_word' id='word_1_315' title='bbox 1765 2766 1795 2802; x_wconf 81' lang='lat' dir='ltr'><em>G</em></span> 
     </span>
    </p>
   </div>
   <div class='ocr_carea' id='block_1_4' title="bbox 328 2818 1836 2917">
    <p class='ocr_par' dir='ltr' id='par_1_7' title="bbox 328 2818 1836 2917">
     <span class='ocr_line' id='line_1_35' title="bbox 329 2818 1836 2862; baseline 0.005 -10"><span class='ocrx_word' id='word_1_316' title='bbox 329 2819 372 2853; x_wconf 87' lang='grc'>21</span> <span class='ocrx_word' id='word_1_317' title='bbox 398 2818 623 2854; x_wconf 85' lang='lat' dir='ltr'>recordemur</span> <span class='ocrx_word' id='word_1_318' title='bbox 648 2832 678 2862; x_wconf 77' lang='lat' dir='ltr'>v,</span> <span class='ocrx_word' id='word_1_319' title='bbox 703 2822 937 2856; x_wconf 88' lang='lat' dir='ltr'>recordemini</span> <span class='ocrx_word' id='word_1_320' title='bbox 964 2823 1154 2858; x_wconf 79' lang='lat' dir='ltr'>Pamelius</span> <span class='ocrx_word' id='word_1_321' title='bbox 1299 2824 1342 2858; x_wconf 81' lang='lat'>27</span> <span class='ocrx_word' id='word_1_322' title='bbox 1368 2824 1537 2859; x_wconf 78' lang='lat' dir='ltr'>clericata</span> <span class='ocrx_word' id='word_1_323' title='bbox 1568 2825 1613 2861; x_wconf 83' lang='lat'>0¹</span> <span class='ocrx_word' id='word_1_324' title='bbox 1763 2835 1836 2859; x_wconf 82' lang='lat' dir='ltr'>ma-</span> 
     </span>
     <span class='ocr_line' id='line_1_36' title="bbox 328 2875 1622 2917; baseline 0.006 -9"><span class='ocrx_word' id='word_1_325' title='bbox 328 2875 418 2910; x_wconf 91' lang='lat' dir='ltr'>iores</span> <span class='ocrx_word' id='word_1_326' title='bbox 443 2876 635 2911; x_wconf 82' lang='lat' dir='ltr'>maioribus</span> <span class='ocrx_word' id='word_1_327' title='bbox 663 2888 680 2911; x_wconf 80' lang='lat' dir='ltr'><em>v</em></span> <span class='ocrx_word' id='word_1_328' title='bbox 818 2879 866 2913; x_wconf 83' lang='grc'>28</span> <span class='ocrx_word' id='word_1_329' title='bbox 892 2883 1150 2915; x_wconf 84' lang='lat' dir='ltr'>consueuerunt</span> <span class='ocrx_word' id='word_1_330' title='bbox 1177 2893 1195 2916; x_wconf 87' lang='lat' dir='ltr'><strong><em>v</em></strong></span> <span class='ocrx_word' id='word_1_331' title='bbox 1337 2881 1577 2917; x_wconf 83' lang='lat' dir='ltr'>conflictiones</span> <span class='ocrx_word' id='word_1_332' title='bbox 1603 2893 1622 2917; x_wconf 90' lang='lat' dir='ltr'><strong><em>v</em></strong></span> 
     </span>
    </p>
   </div>
  </div>
 </body>
</html>
