2032 3248
388 202 534 232 LXXIV

387 293 575 343 martire,
617 293 778 347 Incipit
819 293 951 336 oratio
989 293 1180 347 cipriani
1220 294 1427 345 martiris,
1468 295 1574 336 Item
1614 295 1747 337 oratio
1780 296 1889 339 beati

387 367 586 422 cypriani
618 368 811 410 martiris
840 381 967 421 quam
998 368 1071 410 sub
1102 368 1214 409 diem
1238 368 1456 421 passionis
1486 382 1557 411 sue
1586 369 1708 423 dixit,
1740 369 1892 413 Passio

388 445 447 487 sci
467 443 666 496 cypriani
680 445 747 497 epi
695 432 799 485 ‘vet
815 443 1028 496 martyris.
1050 443 1094 485 in
1111 443 1221 485 calce
1243 444 1377 485 exstat
1399 443 1668 498 subscriptio:
1694 444 1889 497 Explicit

388 518 584 572 epistolae
610 518 782 572 yloriosi
809 518 1004 559 martiris
1031 517 1218 571 cipriani
1246 518 1523 572 cartayinesis
1543 518 1610 570 epi
1631 519 1704 572 qui
1726 523 1890 572 quanta

388 592 620 646 eloquentia
640 595 880 646 quantaque
899 591 1092 634 doctrina
1112 591 1223 633 inter
1243 591 1461 634 catholicos
1481 593 1658 635 doctores
1677 595 1890 648 refulserit

389 668 554 722 epistole
587 668 675 709 eius
709 667 1046 721 splendidissime
1076 666 1295 708 uerborum
1325 670 1479 709 ornatu
1511 668 1893 722 sententiarumque

390 743 572 785 ubertate
603 742 751 795 optime
784 742 1073 796 testificantur.
1110 742 1255 784 deinde
1282 753 1386 783 nouo
1416 742 1723 797 signaturarum
1752 743 1892 786 ordine

391 818 526 860 A—D
548 817 833 872 quaterniones
854 818 1048 859 secuntur
1069 816 1304 858 exhibentes
1320 816 1447 859 libros
1465 818 1549 859 tres
1566 817 1637 859 Ad
1658 816 1892 867 Quirinum

393 905 568 946 quorum
598 892 954 934 tertiusineditus
976 892 1065 934 erat
1085 904 1181 933 cum
1201 891 1277 933 hac
1297 891 1586 946 inscriptione:
1616 892 1778 945 Incipit
1792 906 1893 946 pro-

394 966 510 1021 loyus
530 966 578 1007 in
600 966 725 1008 libros
751 966 860 1009 beati
886 966 1077 1019 cipriani
1097 966 1291 1007 martiris
1311 969 1457 1008 contra
1477 966 1627 1008 Iudeos
1647 967 1787 1009 editos.
1819 967 1893 1020 qui

393 1041 557 1095 quidem
582 1040 778 1095 prologus
805 1043 862 1082 est
882 1040 1063 1093 epistula
1090 1027 1227 1093 quedd
1254 1040 1310 1082 ad
1338 1032 1518 1094 quirinu
1536 1042 1710 1094 scripta,
1732 1043 1773 1083 et
1794 1042 1894 1083 sub-

393 1116 632 1170 scriptione:
654 1115 847 1168 Explicit
869 1115 971 1157 liber
985 1117 1135 1157 tercius
1150 1115 1284 1169 cecilij
1298 1116 1486 1169 cipriani
1502 1117 1673 1171 yloriosi
1687 1117 1893 1158 martiris.

392 1190 709 1243 Arcbiepiscopi
739 1190 1076 1244 carthayinensis
1107 1189 1296 1232 Oratoris
1326 1191 1660 1233 excellentissimi
1681 1191 1738 1233 ad
1759 1191 1895 1244 quiri-

393 1278 510 1307 num.
536 1265 581 1306 in
595 1278 672 1318 quo
686 1265 790 1307 libro
801 1265 905 1308 sicut
917 1269 953 1307 et
967 1266 1014 1307 in
1024 1265 1181 1308 duobus
1188 1266 1402 1318 prioribus
1414 1266 1518 1319 fides
1533 1265 1736 1308 catholica
1752 1268 1897 1308 contra

394 1340 612 1382 iudeorum
647 1343 682 1382 ct
714 1340 937 1394 yentilium
976 1353 1133 1383 errores
1171 1354 1392 1383 sacrarum
1431 1340 1744 1393 scripturarum
1783 1341 1893 1382 tosti-

393 1415 548 1456 moniis
556 1414 781 1468 fortissime
792 1415 985 1456 munitur
999 1418 1035 1456 et
1046 1415 1334 1457 corroboratur
1345 1415 1417 1456 deo
1425 1415 1601 1469 qratias.
1620 1428 1788 1470 operum
1799 1428 1894 1469 pars

393 1488 515 1543 longe
535 1489 714 1530 maxima
731 1502 778 1531 ex
795 1490 972 1531 editione
993 1489 1175 1543 principe
1190 1490 1233 1531 in
1249 1484 1353 1531 hanc
1373 1491 1537 1543 recepta
1557 1490 1626 1532 est·
1638 1503 1734 1531 cum
1755 1490 1888 1531 isdem

394 1562 556 1605 mendis
572 1563 785 1616 isdemque
801 1563 959 1606 lacunis
974 1564 1088 1605 nulla
1100 1564 1381 1606 emendatione
1394 1577 1441 1606 ex
1453 1565 1534 1606 alio
1551 1565 1686 1607 codice
1702 1564 1891 1618 repetita,

394 1637 438 1679 in
460 1638 597 1692 eisque
626 1638 743 1680 nulla
772 1638 833 1680 est
863 1638 985 1680 huius
1015 1638 1208 1680 editionis
1235 1639 1471 1681 auctoritas.
1501 1639 1564 1681 est
1584 1650 1680 1680 uero
1709 1639 1893 1681 maxima

395 1713 438 1754 in
473 1713 654 1767 ineditis,
695 1724 868 1766 quorum
904 1713 1099 1754 nonnulla
1134 1725 1297 1766 perraro
1332 1713 1375 1755 in
1411 1713 1619 1755 codicibus
1660 1714 1895 1764 occurrunt,

396 1788 512 1830 uelut
539 1787 674 1829 libelli
694 1786 760 1829 De
781 1787 879 1829 bono
894 1787 1129 1840 pudicitiae
1151 1788 1191 1829 et
1212 1787 1283 1828 Ad
1304 1787 1613 1838 Nouatianum,
1643 1800 1742 1841 quos
1762 1788 1896 1841 primo

396 1863 447 1905 ab
460 1864 630 1904 Erasmo
648 1862 779 1905 editos
797 1875 882 1904 esse
900 1874 1038 1904 omnes
1057 1862 1239 1904 credunt.
1262 1862 1323 1904 ita
1338 1863 1460 1904 huius
1482 1863 1674 1905 editionis
1695 1862 1894 1905 memoria

395 1937 568 1981 interiit.
600 1937 635 1978 si
657 1938 795 1979 autem
824 1950 913 1979 eam
943 1950 1016 1979 nec
1035 1938 1206 1980 Erasmo
1237 1938 1463 1980 innotuisse
1484 1937 1788 1980 Schoenemann
1810 1938 1836 1979 l.
1860 1950 1894 1981 c.

395 2024 434 2066 p.
451 2012 533 2054 110
544 2012 659 2063 dicit,
678 2013 804 2062 errat3
823 2025 919 2054 nam
930 2013 978 2054 de
990 2012 1131 2054 libello
1148 2013 1282 2066 priore
1298 2013 1340 2054 in
1357 2012 1689 2055 annotationibus
1701 2013 1898 2054 Erasmus

396 2087 496 2129 haec
526 2087 663 2129 docet:
695 2086 804 2128 hunc
825 2087 873 2127 in
893 2089 1026 2129 uetere
1058 2087 1243 2139 quadam
1274 2087 1480 2129 deditione
1510 2099 1704 2128 excusum
1732 2088 1901 2139 repperi

396 2161 466 2203 sed
483 2161 721 2202 mendosum
739 2161 837 2202 locis
853 2161 1143 2213 compluribus,
1164 2175 1235 2203 nec
1253 2161 1371 2203 licuit
1387 2161 1539 2207 mederi
1555 2161 1714 2203 cunctis
1730 2161 1896 2213 erratis,

397 2235 504 2289 quod
516 2249 600 2277 uon
612 2238 864 2277 succurreret
875 2235 1012 2276 ullum
1025 2235 1147 2277 aliud
1162 2236 1385 2287 exemplar.
1409 2235 1598 2288 quamuis
1614 2235 1721 2277 unde
1740 2235 1895 2276 librum

398 2310 470 2351 Ad
482 2310 788 2361 Nouatianum‚
809 2310 1040 2364 Auyustini
1060 2323 1296 2361 sermonem,
1319 2310 1427 2351 duas
1443 2310 1646 2351 orationes
1662 2321 1763 2362 quae
1780 2309 1896 2350 dein-

399 2398 492 2439 ceps
514 2385 644 2432 edidit
660 2385 957 2439 deprompserit
973 2397 1052 2426 non
1070 2385 1193 2436 dicat,
1216 2386 1355 2426 tamen
1373 2385 1475 2438 quin
1492 2397 1538 2425 ex
1555 2384 1697 2425 eadem
1715 2384 1895 2425 editione

398 2459 590 2501 fluxerint
610 2460 776 2513 propter
797 2459 933 2501 textus
956 2470 1198 2501 consensum
1219 2459 1403 2501 dubitari
1420 2459 1575 2512 nequit.
1598 2458 1668 2500 sed
1686 2459 1895 2513 integrum

400 2534 591 2576 editionis
613 2534 818 2587 exemplar
833 2534 1055 2586 inspexisse
1071 2546 1149 2575 non
1167 2534 1345 2577 uidetur.
1370 2546 1465 2575 nam
1482 2533 1653 2575 tertium
1666 2533 1737 2574 Ad
1754 2532 1897 2586 Quiri-

399 2622 502 2650 num
534 2609 688 2650 librum
717 2605 774 2650 ‘in
795 2608 1220 2663 uulgatisgssoodicibus
1251 2621 1330 2650 non
1362 2608 1554 2650 habitum
1576 2621 1623 2649 ex
1645 2607 1897 2649 bibliotheca

400 2676 697 2735 Iemblacensi'‚
728 2696 774 2725 ex
804 2683 940 2725 codice
973 2683 1146 2725 fortasse
1179 2683 1319 2724 eodem
1341 2695 1387 2723 ex
1409 2694 1487 2735 quo
1520 2682 1677 2723 librum
1697 2682 1746 2723 de
1768 2681 1895 2722 laude

400 2758 597 2809 martyrii
619 2758 777 2811 primus
800 2757 941 2811 edidit,
964 2771 1006 2799 se
1028 2757 1222 2799 adiecisse
1242 2757 1431 2798 testatur.
1463 2757 1569 2798 inter
1590 2756 1895 2798 uetustissimas

400 2830 592 2885 Cypriani
634 2833 830 2873 editiones
870 2832 999 2873 fertur
1039 2832 1278 2873 Parisiensis
1320 2844 1354 2872 a.
1403 2831 1512 2873 1500
1553 2832 1661 2884 apud
1703 2831 1897 2872 lodocum
