2032 3248
1482 226 1627 256 LXXIX

136 324 323 366 Rotcrod.
353 321 596 375 diliyentius
622 321 749 362 multo
770 333 893 372 quam
916 319 1110 360 hactenus
1131 330 1307 370 usquam
1328 317 1628 368 exemplarium

134 412 265 439 manu
296 397 545 449 scriptorum
573 395 754 436 subsidio
775 409 802 435 a
821 393 984 434 mendis
1011 392 1245 434 uindicata.
1282 391 1387 433 Cum
1407 392 1632 433 accessione

134 472 264 514 libelli
286 471 501 525 Cypriano
522 469 717 521 inscripti
739 468 962 510 admodum
980 468 1058 520 pij‚
1081 466 1144 508 De
1162 467 1376 519 Martyrio
1396 466 1557 519 duplici
1579 465 1634 507 ad

137 546 430 588 Fortunatam.
461 544 729 585 Accesserant
750 542 1038 584 adnotationes
1060 541 1237 582 Erasini
1263 576 1269 582 .
1290 574 1299 582 .
1317 573 1324 581 .
1348 575 1355 582 .
1381 540 1439 582 Et
1461 541 1634 582 adnota-

140 620 352 662 tiunculae
380 632 447 661 seu
477 618 767 673 castigationes
794 617 949 670 aliquot
977 617 1204 658 doctissimi
1229 616 1444 668 utriusque
1466 615 1635 669 linquae

135 696 224 736 uiri
238 694 417 736 Henrici
432 693 604 746 Grauij,
625 693 763 734 breues
782 691 883 733 illae
904 691 1069 744 quidem
1083 695 1119 732 et
1129 704 1305 744 paucae,
1325 690 1395 731 sed
1411 693 1636 742 oportunae

135 773 273 810 tamen
293 772 329 811 et
349 768 546 809 eruditae.
574 766 633 808 Et
654 766 782 808 index
803 779 936 808 nouus
957 766 1155 819 copiosior
1175 767 1332 806 uetusto
1352 764 1425 806 illo
1446 767 1481 806 et
1502 764 1638 817 maqis

136 844 331 897 oliyestuS,
373 843 460 884 iam
494 855 632 883 recens
667 855 792 894 opera
828 840 1142 882 Bartholomaci
1177 839 1402 881 Laurentii
1441 838 1636 880 adiectus.

141 918 336 961 Coloniae
364 931 412 958 eat
432 917 605 970 officina
633 915 932 970 typographica
953 914 1073 956 Petri
1098 913 1269 963 Quentel
1297 926 1433 956 mense
1454 913 1639 966 Augusto

137 992 245 1033 anni
260 994 352 1044 post
375 990 590 1032 Christum
614 993 762 1031 natum
777 990 1057 1031 MDXLIIII.
1081 991 1244 1043 propter
1264 989 1336 1030 has
1358 987 1501 1030 Grauii
1522 989 1639 1029 notas

143 1067 244 1108 falso
266 1065 411 1107 Grauii
433 1078 518 1107 esse
539 1065 719 1106 creditur
740 1064 855 1117 quasi
880 1063 1057 1106 Grauius
1079 1076 1168 1105 eam
1189 1064 1429 1113 accurasset‚
1451 1062 1640 1115 quamuis

140 1138 182 1182 in
198 1139 445 1194 praefatione
462 1140 511 1181 de
529 1138 858 1180 annotationibus
879 1138 1013 1180 nescio
1031 1138 1121 1191 quis
1140 1138 1369 1191 scripserit:
1393 1137 1469 1178 lias
1485 1136 1556 1177 uir
1571 1136 1642 1178 ille

141 1214 402 1256 doctissimus
421 1227 469 1255 ea?
488 1214 775 1265 manuscripto
797 1212 1006 1266 Cypriani
1032 1212 1163 1254 codice
1184 1213 1432 1262 obseruatus,
1452 1213 1500 1253 in
1522 1225 1642 1253 suum

141 1288 222 1329 sibi
242 1288 414 1330 codicem
438 1288 675 1329 breuissime
696 1290 857 1328 tantum
882 1290 1064 1337 notarat,
1085 1301 1170 1328 non
1187 1287 1233 1328 in
1250 1286 1319 1328 hoc
1335 1290 1378 1328 ut
1396 1289 1453 1328 sic
1474 1286 1641 1328 seorsim

142 1363 371 1413 ederentur,
406 1363 474 1404 scd
509 1366 554 1403 ut
583 1376 632 1404 ea*
666 1362 879 1403 uolumine
914 1362 1049 1414 ipsius
1083 1364 1306 1413 excerptae,
1342 1374 1474 1402 nouae
1512 1360 1643 1402 alicui

146 1437 318 1478 editioni
347 1437 575 1479 ederentur.
619 1427 726 1478 Vera
753 1436 855 1488 quia
883 1436 932 1476 in
960 1435 1036 1477 liae
1063 1436 1240 1477 editione
1265 1448 1527 1489 progressum
1556 1438 1644 1476 erat

151 1511 421 1563 aliquousque
448 1511 703 1563 priusquam
739 1510 855 1551 nobis
886 1510 934 1551 dc
968 1510 1055 1552 illis
1088 1513 1305 1559 constaret,
1341 1523 1392 1550 nc
1421 1510 1542 1551 lector
1575 1509 1646 1551 hoe

149 1585 425 1638 qualicunque
446 1585 650 1626 commodo
664 1584 929 1636 priuaretur,
950 1584 1128 1635 oportuit
1146 1584 1202 1624 ad
1218 1583 1327 1624 hunc
1346 1584 1511 1625 modum
1532 1585 1645 1625 ante-

147 1659 278 1700 riores
321 1659 494 1700 illarum
534 1659 600 1700 hic
636 1659 803 1700 seorsim
843 1650 1033 1713 coqestas.
1075 1671 1178 1699 nam
1210 1657 1468 1710 posteriores.
1503 1671 1554 1698 ne
1589 1657 1647 1698 sis

148 1733 342 1783 insciens,
378 1733 551 1774 editioni
582 1732 677 1774 huic
706 1734 793 1774 suis
815 1734 979 1786 passim.
1008 1732 1106 1774 locis
1133 1735 1231 1773 sunt
1259 1733 1451 1774 insertae,
1487 1732 1579 1785 plus
1606 1732 1647 1772 in

149 1807 412 1848 emendandis
429 1806 619 1861 Cypriani
641 1807 830 1860 operibus
850 1808 1057 1861 praestitit
1078 1807 1203 1848 editio
1225 1819 1328 1859 quae
1349 1819 1383 1848 a.
1410 1807 1519 1848 1563
1540 1806 1648 1860 apud

150 1882 326 1923 Paulum
363 1881 597 1922 Manutium
627 1882 780 1923 Romae
816 1882 980 1935 prodiit.
1022 1881 1194 1923 Latinus
1230 1881 1417 1922 Latinius
1453 1881 1522 1933 qui
1558 1892 1647 1921 eam

151 1955 312 1997 curauit
332 1967 378 1995 ex
399 1955 639 1997 Erasmiana
668 1957 820 2008 recepit
851 1956 1047 2009 epistulas
1069 1956 1210 1997 eodem
1232 1956 1370 1997 ordine
1391 1955 1432 1996 in
1455 1956 1649 2008 quattuor

152 2028 278 2070 libros
307 2029 488 2082 digestas
517 2029 653 2081 eisque
681 2029 831 2071 adiecit
862 2030 1054 2082 quintum
1074 2030 1412 2083 complectentem
1436 2030 1487 2070 16
1509 2041 1647 2081 nouas,

153 2115 207 2144 sc.
240 2103 306 2143 81.
336 2104 374 2144 5.
399 2103 465 2144 34.
489 2103 556 2144 27.
581 2103 647 2144 35.
674 2104 739 2144 33.
763 2103 829 2144 41.
854 2104 920 2144 (52.
944 2104 1007 2145 80.
1034 2104 1097 2144 77.
1124 2104 1188 2145 79.
1212 2104 1278 2144 31.
1301 2103 1367 2145 36.
1390 2103 1457 2144 23.
1481 2103 1548 2144 24.
1571 2104 1647 2151 42;

154 2177 310 2230 reliqua
338 2189 455 2230 opera
484 2178 659 2232 genuina
680 2190 721 2219 se
738 2178 944 2230 excipiunt
965 2179 1011 2220 ut
1032 2179 1138 2231 apud
1159 2178 1389 2219 Erasmum.
1420 2176 1649 2229 spuriorum

154 2251 336 2292 ordinem
371 2252 491 2304 paulo
529 2251 708 2292 mutauit
744 2252 879 2304 eisque
916 2251 1074 2293 addidit
1110 2252 1263 2293 librum
1295 2251 1359 2292 Dc
1395 2250 1648 2302 spectaculis.

163 2327 357 2378 apparent
378 2326 506 2379 igitur
526 2327 567 2367 in
589 2326 663 2367 hac
685 2326 860 2367 editione
883 2326 1080 2379 epistulae
1102 2326 1360 2380 septuaginta
1380 2326 1547 2377 septem.
1582 2326 1651 2366 sed

160 2399 416 2441 innotuerant
438 2400 598 2441 Latinio
629 2413 777 2441 omnes.
809 2401 857 2441 de
886 2401 1077 2453 quattuor
1106 2401 1213 2441 enim
1242 2413 1342 2452 quae
1372 2400 1652 2440 desiderantur

161 2473 256 2514 haec
291 2476 457 2515 annotat
488 2474 529 2514 iu
561 2474 818 2515 Bibliotheca
854 2488 973 2514 sacra
1008 2487 1044 2526 p.
1078 2475 1177 2515 174:
1210 2477 1245 2513 ct
1276 2474 1371 2515 leuce
1402 2487 1491 2514 uria
1522 2473 1651 2513 trium

161 2548 374 2602 (epistulas
396 2549 434 2588 8.
458 2548 525 2589 22.
549 2549 602 2589 23
624 2549 742 2601 dicit)
773 2548 1038 2599 (pistolarum
1062 2551 1129 2600 est,
1159 2562 1262 2599 quac
1283 2550 1326 2588 in
1350 2547 1505 2588 duobus
1539 2547 1651 2588 Vati-

159 2623 278 2662 canis
306 2626 340 2662 et
362 2623 411 2662 ‘in
433 2622 695 2663 Bononiensi
724 2622 972 2663 monasterio
994 2623 1141 2664 Sancti
1164 2622 1400 2663 Saluatoris
1420 2636 1445 2661 a
1467 2635 1528 2661 me
1556 2625 1651 2662 sunt

164 2699 369 2746 repertae;
385 2708 468 2736 non
478 2696 642 2747 placuit
658 2698 670 2736 i
667 2697 720 2748 js,
739 2698 809 2747 qui
819 2700 1056 2747 praeerant,
1074 2699 1116 2736 ut
1133 2696 1414 2736 inemendatae
1427 2696 1652 2737 ederentur.

164 2770 502 2818 quemadmodum
539 2783 619 2810 non
653 2770 884 2822 probarunt
924 2770 1078 2810 firmil
1086 2771 1174 2809 iani
1208 2769 1418 2821 epistolam
1460 2772 1530 2826 (z
1566 2770 1650 2824 75),

164 2855 286 2892 quam
306 2856 420 2884 nemo
437 2847 533 2885 ante
549 2844 746 2885 ediderat.
763 2858 810 2885 ea·
828 2845 999 2885 tenebris
1015 2857 1094 2885 esse
1106 2843 1413 2896 proferendam.
1436 2846 1476 2885 et
1494 2858 1529 2897 p.
1552 2845 1650 2886 175:

1713 1754 1808 1780 Editio

1673 1800 1848 1827 Manutiana.
