2032 3248
190 508 225 533 co
263 508 395 535 cesam-
467 491 655 533 Alterius
695 492 880 534 familiae
923 492 1079 535 codices
1121 492 1370 535 uetustiores
1413 493 1482 547 qui
1525 494 1608 535 siut
1645 495 1686 535 et
1722 493 1924 547 quomodo

188 555 249 581 tius
257 555 384 582 familiae

190 1614 292 1641 Eorum
300 1613 383 1639 arche

245 1661 342 1693 typus.

386 1597 571 1639 -exstitit
602 1597 734 1652 igitur
762 1597 922 1639 saeculo
953 1597 1097 1639 octauo
1128 1596 1253 1639 codex
1280 1595 1434 1638 litteris
1462 1595 1695 1638 uncialibus
1717 1596 1923 1649 scriptura

410 233 559 263 XXXIV

410 354 456 383 ex
477 355 557 383 uno
594 342 752 384 scilicet
789 342 924 384 codice
960 344 1127 396 parente
1164 343 1477 385 descendentem
1512 343 1581 400 (cf.
1605 357 1643 398 p.
1666 343 1825 400 XXIX)
1860 345 1923 386 in—

408 417 555 471 primis
577 416 620 458 in
642 417 833 470 epistulis
856 418 920 460 70.
946 418 1012 459 71.
1038 419 1105 460 73.
1131 417 1185 459 74
1206 417 1352 459 uideri.

2019 850 2023 870 -
2021 784 2023 791 .
2021 758 2023 765 ⁴
2021 722 2024 736 ⁴
2022 637 2025 653 I.
2022 310 2032 623 ..-..-μ-.ψή,-,-.--
2026 98 2032 289 ...ψ..--.-ᾲ..

390 562 548 609 'eorum
572 567 759 622 cognatio
782 567 824 608 in
845 580 974 608 unum
997 567 1267 621 archetypum
1289 569 1525 623 conuergat,
1548 568 1624 610 hac
1648 567 1920 621 descriptione

409 643 656 698 explicatur:
2021 667 2026 720 1

828 716 1090 771 Archetjspus
1123 717 1294 760 alterius
1327 717 1510 760 familiae

713 809 797 867 <x>
1227 800 1234 803 ’
1680 809 1761 882 oo

476 888 521 929 M
996 887 1031 938 Q
1721 906 1725 971 1

1708 978 1740 1047 ri

997 1084 1030 1124 Ε
1724 1078 1729 1190 ‘5

871 1285 884 1287 ,
963 1140 1145 1288 —5—
1584 1220 1612 1261 11
1690 1208 1859 1287 <107

873 1307 895 1338 O
1114 1314 1147 1338 ω
1724 1290 1726 1336 i

886 1406 889 1483 ἑ
1723 1384 1859 1494 {ffl—
2030 1410 2032 1498 5

779 1505 800 1545 I
878 1505 892 1546 i
962 1521 985 1562 ρ
1003 1505 1075 1559 (z
1094 1504 1220 1546 editio
1237 1504 1443 1558 princeps)
1629 1503 1771 1559 Ζῐμφ
1784 1517 1819 1544 w

410 1671 605 1713 continua
646 1672 847 1723 exaratus,
899 1682 978 1725 quo
1021 1670 1215 1725 Cypriani
1256 1670 1410 1724 scripta
1450 1670 1766 1712 continebantur
1806 1670 1925 1712 haec:

407 1745 542 1788 libelli
571 1746 603 1788 Ι.
635 1746 709 1788 IV.
740 1746 813 1787 VI.
844 1745 938 1789 VII.
976 1746 1021 1789 V.
1051 1746 1102 1788 X.
1131 1746 1249 1791 VIII.
1272 1746 1345 1787 XI.
1368 1745 1464 1788 XII.
1487 1745 1606 1787 XIII.
1629 1745 1702 1788 IX.
1725 1745 1805 1796 ΙΠ,
1838 1745 1924 1799 epi-

408 1821 543 1864 stulae
574 1822 641 1865 55.
673 1822 740 1864 63.
772 1822 810 1864 6.
841 1822 909 1865 58.
942 1822 1007 1864 10.
1036 1822 1104 1864 28.
1136 1821 1204 1864 37.
1237 1821 1303 1863 11.
1332 1821 1401 1864 38.
1431 1821 1499 1872 39,
1537 1820 1671 1862 libelli
1708 1820 1922 1863 subditicii

407 1895 627 1938 Aduersus
662 1896 839 1938 Iudaeos
870 1896 945 1950 qui
974 1897 1152 1939 insecuti
1181 1899 1281 1938 suut
1312 1896 1530 1937 domiuum
1563 1898 1753 1937 nostrum
1786 1896 1926 1937 Iesum

409 1969 641 2022 Christum,
670 1970 737 2013 De
764 1971 1031 2024 aleatoribus,
1061 1970 1128 2013 De
1150 1970 1276 2012 laude
1294 1971 1511 2024 martyrii,
1543 1970 1744 2025 epistulae
1766 1971 1834 2012 60.
1857 1970 1925 2012 57.
1978 1976 1983 1987 ⁴

406 2046 475 2089 59.
505 2047 575 2090 52.
605 2046 674 2088 47.
697 2046 766 2089 45.
790 2045 860 2088 44.
882 2046 950 2088 51.
977 2047 1042 2088 13.
1064 2046 1133 2088 43.
1158 2046 1226 2088 65.
1251 2045 1286 2087 1.
1310 2045 1376 2087 61.
1399 2045 1469 2087 46.
1492 2045 1560 2087 54.
1585 2045 1651 2087 32.
1675 2045 1743 2086 20.
1770 2045 1835 2086 12.
1860 2044 1925 2086 78.

408 2121 593 2164 Seuieut.
614 2121 899 2174 episcoporum
916 2119 990 2176 (z
1007 2119 1081 2162 lib.
1099 2120 1235 2175 XIV).
1258 2120 1313 2162 69
1332 2119 1392 2176 (in
1411 2120 1512 2162 duas
1534 2119 1734 2173 epistulas
1757 2117 1924 2174 diuisa).

408 2196 475 2239 67.
507 2196 573 2238 64.
603 2197 643 2238 2.
666 2197 704 2239 3.
737 2196 803 2238 72.
835 2196 901 2239 12.
932 2196 1021 2249 [71.
1046 2196 1112 2237 73.
1138 2195 1205 2237 74.
1229 2196 1297 2238 66.
1319 2194 1388 2236 40.
1410 2195 1476 2237 77.
1501 2195 1567 2237 79.
1590 2194 1658 2237 31.
1681 2195 1770 2247 36]
1783 2193 1825 2249 *)
1859 2194 1924 2236 75.

408 2271 477 2313 53.
510 2271 574 2314 16.
608 2271 674 2313 15.
708 2271 772 2313 17.
798 2271 863 2313 18.
888 2272 952 2313 19.
976 2271 1044 2313 26.
1068 2271 1136 2313 25.
1160 2271 1198 2313 9.
1223 2270 1290 2312 29.
1313 2270 1381 2312 56.
1406 2269 1442 2311 7.
1468 2269 1533 2311 76.
1558 2269 1625 2320 70,
1664 2267 1784 2317 Quod
1811 2268 1926 2310 idola

458 2418 490 2463 ³¹⁸)
507 2417 618 2453 Index
646 2419 863 2463 scriptorum
893 2418 1009 2453 codice
1026 2418 1229 2453 Monacensi
1253 2418 1317 2463 (M)
1343 2419 1507 2453 seruatus
1536 2417 1602 2452 has
1631 2417 1806 2462 epistulas
1832 2418 1925 2451 inter

409 2476 634 2520 parenthesis
663 2478 786 2511 notam
812 2476 980 2519 inclusas,
1012 2486 1101 2520 quae
1127 2487 1168 2511 ex
1192 2476 1384 2521 archetypo
1409 2476 1507 2520 prius
1531 2474 1794 2510 interciderunt
1819 2485 1926 2519 quam

408 2532 630 2568 Monacensis
645 2535 682 2568 et
695 2534 878 2568 Trecensis
893 2533 951 2578 (Q)
966 2533 1071 2568 codex
1084 2544 1212 2578 parens
1225 2533 1303 2581 (X)
1317 2532 1515 2577 descriptus
1529 2533 1594 2574 est,
1610 2531 1664 2566 ita
1678 2531 1812 2567 adfert:
1828 2532 1931 2567 LVI

409 2590 471 2624 Ad
491 2590 678 2635 Quintum.
697 2591 823 2626 LVII
834 2591 896 2626 Ad
913 2591 1151 2626 quaiauum.
1171 2590 1321 2626 LVIII
1332 2590 1395 2625 Ad
1408 2590 1625 2634 Pompeium
1642 2593 1772 2625 eontra
1791 2589 1923 2633 episto-

409 2646 483 2680 lam
512 2647 700 2692 Stephani.
734 2648 910 2683 LVIIII
931 2648 994 2683 Ad
1022 2647 1255 2683 Florentium
1286 2658 1390 2693 quem
1418 2651 1453 2683 et
1480 2647 1733 2692 Puppiauum.
1764 2647 1840 2682 LX
1866 2646 1925 2682 De

409 2703 609 2740 Numidico
626 2706 836 2748 confessore.
867 2705 970 2740 LXI
984 2706 1225 2740 Nemesianus
1240 2705 1406 2741 Datiuus
1421 2704 1534 2739 Felix
1557 2704 1680 2739 Victor
1696 2704 1746 2738 ad
1768 2705 1922 2749 Cypria-

408 2771 508 2795 uum.
484 2762 663 2818 NLXII
672 2763 783 2798 Feliae
807 2773 889 2797 eum
912 2763 989 2797 suis
1013 2762 1063 2797 ad
1086 2762 1322 2808 Cypriauum.
1349 2761 1502 2797 LXIII
1514 2762 1661 2807 Moyses
1684 2765 1719 2796 et
1734 2762 1925 2796 Maximus

404 2807 540 2861 prbi-os
569 2824 603 2854 et
635 2821 726 2861 conf
752 2820 802 2855 ad
831 2820 1067 2865 Gyprianum.
1098 2819 1243 2855 LXIV
1266 2820 1372 2864 prbri
1401 2823 1435 2854 et
1463 2819 1548 2855 diac
1579 2819 1681 2855 urbis
1712 2829 1842 2854 roman
1873 2818 1923 2853 ad

415 2874 649 2919 cyprianum.
