2032 3248
785 232 912 265 Liber
938 232 995 266 VI.
1551 236 1631 278 227

144 345 284 387 frustis
315 345 473 386 hostias
505 346 546 387 et
575 345 845 400 fragminibus
878 347 1055 396 caedere,
1088 348 1329 390 informibus
1352 350 1498 391 massis
1520 363 1633 392 sacra

145 417 183 456 et
206 413 346 455 munia
368 413 562 468 inpertire
591 414 757 456 diuina:
789 415 927 456 audire
949 428 972 456 a
993 416 1108 456 uobis
1132 418 1396 470 exposcimus,
1431 418 1633 460 facturine

144 483 257 525 istud
298 483 387 524 sitis
427 495 477 523 an
517 483 655 524 contra
693 495 812 535 quam
852 483 1120 536 imperabitur
1159 487 1414 528 recusaturi?
1463 486 1633 528 fortasse

146 551 312 593 dicetis:
346 564 424 604 qua
446 554 594 592 causa?
626 552 721 604 quia
742 563 856 593 nemo
880 553 939 593 est
962 552 1003 592 in
1026 553 1144 594 rebus
1166 554 1355 595 humanis
1378 557 1464 596 tam
1487 555 1633 596 stolide

117 633 306 670 scaecus,
358 620 427 673 qui
483 621 697 674 argentum
753 632 819 661 aes
868 634 1011 662 aurum
1065 634 1239 675 gypsum
1293 623 1391 664 ebur
1442 623 1632 677 argillam

145 690 311 731 deorum
342 689 385 729 in
417 701 631 730 numerum
664 689 811 730 referat
840 690 1007 742 ipsaque
1035 688 1039 745 Ι
1066 704 1136 743 per
1167 703 1207 731 se
1239 691 1347 732 dicat
1379 692 1462 733 uim
1486 692 1632 733 habere
1649 702 1771 735 f.128b

146 760 267 811 atque
299 758 480 810 optinere
513 757 709 799 diuinam.
757 771 953 810 quaenam
987 760 1048 800 est
1080 771 1173 813 ergo
1205 761 1321 811 ratio,
1354 762 1400 802 ut
1432 761 1466 801 si
1497 761 1634 801 omnia

145 827 242 867 haec
283 838 447 878 corpora
487 825 642 867 intacta
683 827 804 878 atque
845 826 994 868 infecta
1033 828 1353 882 permanserint,
1396 830 1560 870 careant
1591 828 1634 869 ui

145 894 324 935 numinis
373 896 495 946 atque
539 895 783 935 auctoritate
829 895 1018 936 caelesti:
1066 908 1111 936 ea
1156 896 1306 937 formas
1353 898 1385 938 si
1434 896 1635 949 accipiant

101 981 131 1005 10
145 963 375 1012 hominum,
427 962 460 1003 si
503 963 704 1004 auriculas
736 975 850 1004 nasos
881 963 1025 1004 buccas
1057 963 1173 1005 labra
1203 964 1340 1005 oculos
1371 965 1489 1015 cilia,
1541 976 1634 1006 con-

143 1032 259 1073 tinuo
292 1031 349 1071 dii
381 1030 481 1072 fiant
512 1031 552 1071 et
583 1031 625 1072 in
657 1031 839 1072 ordinem
871 1031 1067 1073 caelitum
1109 1032 1335 1074 referantur
1367 1034 1406 1074 et
1437 1035 1634 1074 censum?

144 1099 339 1141 nouitatis
370 1099 527 1151 aliquid
558 1098 668 1140 fictio
701 1099 934 1151 corporibus
965 1100 1029 1140 his
1061 1100 1187 1151 addit,
1221 1102 1266 1141 ut
1297 1101 1521 1142 adiectione
1548 1101 1636 1153 ipsa

144 1169 347 1222 cogamini
379 1168 533 1220 aliquid
555 1167 611 1208 eis
634 1168 791 1208 credere
813 1167 1045 1209 diuinitatis
1067 1169 1374 1222 maiestatisque
1397 1170 1635 1211 conlatum?

142 1238 185 1279 in
216 1250 361 1279 aurum
391 1249 457 1277 aes
489 1237 623 1277 mutat
656 1237 727 1277 aut
758 1237 933 1277 testulae
965 1237 1170 1278 uilitatem
1202 1238 1243 1278 in
1267 1240 1501 1292 argenteam
1524 1237 1634 1291 cogit

100 1320 129 1345 ιε,
144 1307 383 1360 degenerare
406 1305 651 1347 materiam?
683 1317 784 1358 quae
814 1306 1028 1347 insensilia
1059 1306 1223 1347 fuerunt
1254 1308 1373 1360 paulo
1395 1307 1501 1357 ante,
1533 1305 1630 1347 facit

143 1376 189 1416 ut
220 1375 302 1416 sint
333 1374 429 1416 uiua
459 1375 499 1415 et
531 1373 707 1426 spiritali
749 1373 976 1428 agitatione
1016 1377 1286 1416 moueantur?
1335 1375 1369 1416 si
1402 1388 1500 1427 quas
1532 1374 1629 1416 foris

142 1444 317 1485 habuere
349 1443 513 1484 naturas
545 1455 610 1484 eas
642 1454 780 1483 omnes
820 1443 998 1484 retinent
1032 1443 1341 1484 simulacrorum
1375 1444 1415 1484 in
1453 1444 1630 1496 corpori-

144 1513 217 1554 bus
239 1512 473 1561 constituta,
510 1511 730 1563 stupiditas
752 1523 852 1563 quae
873 1512 987 1554 tanta
1009 1513 1070 1553 est
1091 1536 1143 1541 -—
1167 1513 1344 1553 detrecto
1368 1512 1473 1553 enim
1499 1512 1630 1553 dicere

144 1581 381 1622 caecitatem
393 1592 593 1620 -—1·erum
611 1580 844 1620 existimare
855 1582 1021 1621 naturas
1033 1579 1256 1621 formarum
1269 1580 1467 1632 qualitate
1478 1579 1631 1621 mutari

99 1651 184 1691 20et
213 1649 391 1702 accipere
424 1662 572 1690 numen
604 1661 649 1690 ex
670 1648 814 1689 habitu
847 1649 952 1701 quod
983 1648 1026 1689 in
1058 1648 1302 1702 primigenio
1335 1660 1495 1701 corpore
1523 1649 1630 1689 iners

144 1718 269 1759 fuerit
299 1719 339 1758 et
370 1718 538 1758 brutum
570 1718 610 1758 et
642 1729 781 1757 sensus
810 1717 1042 1758 mobilitate
1064 1718 1285 1771 priuatum.
1327 1717 1464 1770 itaque
1486 1717 1632 1758 imme·
1654 1721 1700 1759 16

142 1798 273 1827 mores
305 1788 344 1826 et
377 1785 508 1835 obliti,
541 1784 851 1826 simulacrorum
885 1785 1138 1826 substantiae
1169 1787 1290 1838 atque
1322 1785 1496 1838 origines
1529 1797 1630 1837 quae

144 1854 240 1904 sint,
273 1853 471 1895 rationale
502 1853 686 1893 homines
717 1854 867 1894 animal
899 1855 939 1894 et
962 1854 1184 1906 sapientiae
1206 1866 1370 1894 munere
1394 1852 1631 1906 consiliique

144 1924 340 1965 donatum
373 1922 586 1963 coctilibus
619 1922 736 1963 testis
768 1922 1047 1972 succumbitis,
1073 1922 1176 1963 aeris
1198 1922 1416 1963 lamminas
1439 1921 1629 1972 adoratis,

100 2003 130 2028 25
144 1991 455 2044 elephantorum
487 1990 536 2031 ab
569 1991 757 2031 dentibus
797 1990 994 2032 secundas
1034 1991 1201 2044 poscitis
1232 1991 1508 2040 ualetudineS,
1543 2003 1631 2031 ma-

143 2060 340 2113 gistratus
373 2059 543 2112 imperia
564 2060 783 2111 potestates
805 2059 996 2100 uictorias
1018 2059 1310 2111 adquisitiones
1333 2060 1454 2108 lucra,
1481 2071 1631 2100 messes

144 2128 318 2180 optimas
366 2127 715 2179 feracissimasque
762 2128 1007 2175 uindemias,
1059 2129 1098 2168 et
1145 2140 1237 2168 cum
1279 2128 1437 2180 pateat,
1484 2127 1629 2176 luceat,

145 2197 262 2237 rebus
303 2196 386 2237 fieri
429 2196 552 2236 uerba
593 2208 684 2236 cum
727 2196 877 2245 brutis,
932 2195 1111 2236 exaudiri
1161 2207 1233 2236 uos
1285 2194 1428 2235 remini
1475 2194 1632 2246 ipsique

144 2277 214 2306 uos
256 2265 364 2306 ultro
407 2264 662 2305 credulitatis
704 2277 854 2305 uacuae
897 2264 1268 2315 circumscriptione
1310 2263 1553 2304 traducitis?
1611 2275 1632 2303 o

101 2334 303 2375 aoutinani
336 2334 477 2374 liceret
508 2334 548 2373 in
581 2333 787 2373 simulacri
821 2333 990 2373 alicuius
1023 2332 1177 2373 medias
1210 2332 1377 2372 introire
1413 2330 1416 2385 Ι
1444 2330 1627 2383 pendigi-
1643 2343 1664 2374 f.
1682 2345 1743 2374 122>

144 2415 233 2453 nes,
266 2402 392 2442 immo
424 2402 579 2442 utinam
612 2401 751 2441 liceret
775 2401 1031 2453 Olympiacos
1064 2400 1155 2441 illos
1181 2403 1219 2441 et
1242 2399 1491 2451 Capitolinos
1514 2398 1632 2438 Ioues

191 2516 205 2548 1
236 2515 360 2548 frustis
389 2514 460 2547 Sub
487 2515 524 2547 in
552 2524 630 2546 err:
659 2513 800 2546 frustris
828 2513 861 2546 P
1026 2513 1046 2545 ἵ.)
1072 2512 1191 2545 munia
1219 2513 1252 2545 P
1421 2511 1441 2541 (ἰ
1466 2510 1575 2543 resera
1602 2511 1636 2543 P

146 2582 224 2606 corr
243 2584 259 2606 ζ’
398 2572 417 2604 9
444 2582 481 2604 ca
509 2571 600 2603 Sub.-
627 2581 682 2603 eas
709 2572 741 2602 P
878 2570 913 2602 11
945 2569 1031 2602 fiant
1059 2569 1147 2602 Sab:
1182 2569 1269 2601 fiant
1296 2569 1330 2601 P
1467 2568 1508 2601 153
1534 2577 1635 2607 coga-

146 2629 234 2661 mini
253 2628 345 2662 Sao:
373 2627 578 2671 cogit-amini
600 2628 632 2660 P
748 2628 786 2660 1-1
808 2629 922 2660 mutat
941 2629 997 2659 aut
1025 2626 1112 2658 Ifrs:
1134 2628 1337 2658 mutata-ut
1358 2626 1390 2658 1¹
1503 2624 1636 2657 testula.

147 2685 217 2719 &ab
358 2688 461 2727 cogat
489 2686 558 2718 Suo
699 2686 740 2716 ]:'›
767 2685 906 2716 fuerant
938 2683 1004 2716 l'rs
1143 2683 1183 2715 17
1210 2682 1362 2715 minent
1394 2681 1479 2714 Urs-.-
1508 2681 1635 2713 rotine—

147 2744 207 2775 ant
234 2743 268 2776 P
404 2744 446 2775 ⁴22
464 2754 511 2785 sq.
539 2742 689 2782 origine>-
718 2752 803 2785 quae
830 2740 899 2773 siut
931 2739 1129 2772 Ilei-aldus:
1156 2739 1303 2781 originis
1330 2749 1415 2781 quac*¹
1443 2738 1490 2770 sit
1516 2738 1551 2771 P

146 2801 188 2832 2²23
214 2800 371 2833 homiues
391 2800 482 2833 Sub.-
509 2799 657 2832 liouiiiiis
678 2799 712 2832 P
808 2799 851 2831 25
869 2798 1094 2830 elefantorum
1117 2797 1149 2829 P
1248 2808 1267 2829 a
1294 2796 1364 2829 &ab
1457 2796 1500 2828 ‘2⁴3
1519 2794 1635 2838 acqui-

146 2856 289 2890 sitiones
317 2857 403 2891 L'rs:
429 2856 674 2900 adquisitionis
694 2856 727 2889 P
844 2855 885 2888 12?
905 2854 1035 2898 opimas
1060 2854 1124 2887 Gel
1240 2854 1282 2887 25>
1301 2852 1520 2887 credulitatis
1540 2853 1573 2885 P

1434 2909 1501 2942 15*
