2032 3248
824 225 949 259 Liber
982 226 1026 259 11.
1610 225 1660 266 61

182 343 336 384 ratione
358 355 403 383 ex
424 342 581 383 ossibus
603 341 774 383 fundata
795 342 890 382 sunt
910 352 1074 393 corpora
1095 341 1135 381 et
1156 352 1371 381 neruorum
1393 339 1665 392 conligatione

182 411 383 452 deuincta.
428 422 544 451 auras
575 410 780 462 accipiunt
810 409 975 450 naribus
1003 410 1043 449 et
1063 421 1132 461 per
1153 409 1379 450 anhelitum
1402 407 1665 460 reciprocatas

183 480 376 520 reddunt:
416 481 456 520 et
486 492 556 520 nos
594 479 786 531 spiritum
823 477 1088 519 consimiliter
1127 477 1313 519 ducimus
1351 479 1390 518 et
1422 476 1665 529 respiramus

182 547 475 589 commeatibus
521 546 683 588 crebris
736 545 941 586 femininis
987 546 1199 598 generibus
1241 544 1553 597 masculinisque
1584 543 1667 584 dis-

154 616 311 657 stincta
349 617 463 656 sunt:
501 615 505 670 Ι
541 615 584 655 111
623 615 794 656 totidem
833 615 874 655 et
905 625 976 655 nos
1008 626 1123 656 sexus
1154 614 1290 655 nostro
1321 625 1461 654 sumus
1491 613 1541 653 ab
1572 624 1664 653 auc·
1680 622 1778 655 f.35b

181 685 267 725 tore
311 684 487 725 formati.
535 684 661 724 edunt
699 695 768 736 per
798 683 932 723 uteros
970 681 1077 723 fetus
1109 684 1149 723 et
1179 681 1452 735 corporalibus
1484 680 1666 722 conciliis

180 754 406 804 procreant:
453 752 493 792 et
530 763 600 792 nos
645 762 855 803 corporum
903 750 1254 803 coniugationibus
1300 749 1503 791 nascimur
1542 750 1582 791 et
1621 761 1666 789 ex

181 821 285 862 aluis
317 820 525 861 fundimur
555 821 676 871 atque
708 818 938 859 emittimur
968 820 1158 860 matrum.
1201 819 1288 860 cibo
1320 819 1600 860 sustentantur
1628 819 1667 858 et

180 890 278 941 potu
311 890 351 929 et
389 887 608 940 superfluas
647 887 859 929 foeditates
898 887 1155 929 inferioribus
1196 888 1366 941 egerunt
1405 887 1665 940 abiciuntque

135 974 168 999 10
181 957 366 1010 posticis:
399 959 439 998 et
470 969 540 997 nos
572 957 661 997 cibo
693 958 969 998 sustentamur
1000 957 1039 997 et
1070 958 1167 1009 potu
1199 958 1238 997 et
1269 957 1376 1010 quod
1407 958 1553 997 natura
1583 956 1667 997 iam

180 1027 335 1079 respuit
371 1038 439 1079 per
476 1026 636 1067 eosdem
669 1025 914 1067 effundimus
946 1026 1146 1067 tramites.
1195 1038 1291 1067 cura
1327 1025 1412 1066 illis
1443 1027 1504 1067 est
1535 1026 1667 1067 omni-

180 1094 255 1135 bus
294 1094 441 1135 famem
479 1094 690 1146 prohibere
728 1094 982 1135 mortiferam
1022 1095 1062 1135 et
1091 1094 1313 1135 necessario
1352 1094 1566 1147 inuigilare
1597 1107 1666 1147 pro

180 1163 313 1203 uictu:
355 1163 451 1215 quid
489 1162 602 1203 aliud
643 1175 714 1203 nos
746 1162 873 1203 tantis
912 1163 1073 1216 agimus
1104 1162 1145 1204 in
1177 1163 1507 1216 occupationibus
1544 1163 1665 1214 uitae,

179 1231 258 1272 nisi
290 1233 335 1272 ut
365 1244 412 1272 ea
442 1243 681 1284 quaeramus
713 1231 858 1284 quibus
890 1231 1009 1272 famis
1039 1231 1266 1283 periculum
1299 1231 1502 1272 deuitetur
1532 1232 1572 1272 et
1602 1231 1666 1274 in-

135 1300 277 1341 15felix
319 1299 554 1341 sollicitudo
592 1301 794 1352 ponatur?
840 1301 1000 1341 morbos
1039 1299 1112 1340 illa
1143 1301 1184 1341 et
1222 1300 1376 1341 inedias
1415 1300 1596 1341 sentiunt
1628 1302 1667 1341 et

180 1369 232 1410 ad
272 1369 466 1410 ultimum
506 1369 714 1409 senectute
753 1368 987 1410 soluuntur:
1035 1368 1132 1421 quid
1170 1367 1308 1409 enim?
1354 1380 1425 1409 nos
1463 1369 1666 1410 immunes

179 1437 299 1478 malis
331 1438 380 1479 ab
411 1438 474 1479 his
515 1450 655 1478 sumus
688 1438 727 1478 et
759 1449 837 1478 non
875 1438 1015 1478 eadem
1056 1437 1210 1478 ratione
1249 1437 1481 1478 morborum
1513 1439 1666 1479 incom-

179 1506 446 1547 moditatibus
478 1505 707 1560 frangimur
737 1508 778 1547 et
809 1506 1028 1547 senectutis
1059 1505 1307 1546 destruimur
1338 1505 1462 1547 tabe?
1494 1507 1600 1558 quod
1631 1506 1666 1548 si

181 1575 221 1615 et
251 1574 355 1615 illud
386 1575 448 1615 est
478 1588 634 1624 uerum,
667 1574 772 1627 quod
805 1575 844 1615 in
876 1574 1083 1628 mysteriis
1115 1574 1396 1615 secretioribus
1429 1574 1591 1625 dicitur,
1624 1576 1665 1616 in

135 1660 167 1685 20
180 1644 352 1695 pecudes
384 1644 504 1695 atque
535 1642 635 1683 alias
666 1642 806 1684 beluas
837 1643 894 1684 ire
925 1643 1082 1684 animas
1112 1643 1409 1696 improborum,
1451 1645 1664 1696 postquam

180 1712 274 1752 sunt
324 1711 511 1752 humanis
563 1711 796 1764 corporibus
846 1714 1011 1761 exutae,
1061 1711 1317 1752 manifestius
1368 1713 1664 1764 comprobatur,

178 1780 334 1820 uicinos
372 1793 443 1820 nos
480 1792 564 1820 esse
602 1793 729 1832 neque
768 1780 996 1821 interuallis
1030 1761 1284 1832 longioribus
1323 1781 1561 1833 disparatos.
1610 1781 1666 1822 si-

179 1848 342 1900 quidem
374 1860 435 1889 res
468 1848 607 1889 eadem
639 1848 753 1889 nobis
785 1850 825 1889 et
857 1848 942 1888 illis
973 1850 1034 1889 est
1065 1862 1164 1898 una,
1206 1861 1276 1901 per
1306 1861 1427 1901 quam
1459 1862 1545 1890 esse
1576 1849 1664 1890 ani-

179 1916 335 1957 mantia
365 1916 553 1957 dicuntur
584 1918 623 1957 et
653 1918 810 1958 motum
841 1917 996 1970 agitare
1028 1917 1211 1958 uitalem.
1244 1917 1313 1958 sed
1344 1917 1563 1958 rationales
1594 1930 1664 1958 nos
1684 1921 1729 1960 17

133 1997 319 2026 Δ15811111113
351 1986 390 2025 et
428 1985 709 2039 intellegentia
748 1986 950 2026 uincimus
990 1998 1116 2038 genus
1157 1997 1274 2026 omne
1314 1986 1535 2026 mutorum.
1582 1998 1667 2026 ere-

178 2054 315 2095 derem
347 2053 457 2094 istud
490 2054 702 2095 uerissime
733 2054 833 2102 dici,
875 2054 908 2095 si
941 2067 1032 2095 cum
1064 2054 1219 2095 ratione
1250 2054 1290 2094 et
1322 2053 1489 2095 consilio
1529 2053 1665 2095 cuncti

178 2123 360 2163 homines
392 2123 589 2172 uiuerent,
623 2124 831 2163 seruarent
861 2122 1087 2163 officiorum
1110 2124 1302 2170 tenorem,
1334 2121 1582 2163 abstinerent
1613 2121 1663 2163 ab

179 2190 350 2232 inlicitis
382 2203 485 2240 sese,
522 2191 526 2245 1
562 2191 725 2245 negotia
756 2192 891 2244 turpia
931 2202 1009 2231 non
1054 2191 1231 2239 adirent,
1278 2203 1405 2243 neque
1448 2190 1756 2243 quisquamf.36

179 2259 378 2312 prauitate
411 2260 569 2300 consilii
601 2261 720 2312 atque
752 2260 1004 2312 ignorantiae
1036 2260 1230 2300 caecitate
1262 2259 1466 2300 contraria
1497 2259 1663 2300 sibimet

133 2346 166 2371 κο
180 2329 300 2380 atque
331 2327 497 2368 inimica
527 2328 770 2381 deposceret.
803 2328 952 2368 uellem
975 2328 1110 2368 tamen
1133 2327 1246 2373 scire„
1270 2340 1468 2379 quaenam
1491 2327 1546 2367 sit
1567 2327 1664 2369 haec

223 2498 244 2529 3
262 2496 388 2540 spiritu
407 2497 478 2530 Sab
605 2496 627 2530 4
645 2496 785 2541 crebris]
807 2496 990 2540 reciprocis
1015 2496 1033 2530 12
1161 2496 1182 2529 5
1201 2506 1303 2529 sexus
1323 2496 1414 2529 Sab:
1442 2507 1522 2530 sexu
1540 2497 1573 2530 P

178 2554 199 2587 6
224 2554 381 2587 conciliis
408 2554 500 2587 Sab:
537 2553 694 2587 consiliis
720 2553 754 2586 P
920 2556 940 2587 8
965 2553 1056 2587 aluis
1083 2553 1172 2587 Sao.-
1197 2553 1306 2586 alueis
1333 2553 1366 2585 1¹
1530 2554 1663 2588 emitti-

178 2621 266 2644 mur.
292 2613 443 2643 matrum
470 2610 545 2643 cibo
572 2612 809 2643 sustentamur
833 2612 868 2643 et
893 2611 989 2653 potu.
1017 2613 1050 2643 et
1081 2609 1152 2642 Sub
1339 2610 1380 2642 15
1404 2609 1468 2643 illa
1494 2610 1583 2644 Sao.-
1619 2610 1662 2643 il-

178 2667 229 2700 las
258 2668 290 2700 P
433 2667 586 2700 inaedias
614 2668 648 2699 P
802 2668 840 2700 18
866 2666 945 2700 tabe
973 2667 1064 2699 Sub:
1102 2666 1205 2699 tubae
1234 2667 1263 2699 P
1414 2667 1458 2700 20
1483 2667 1601 2700 ueluas
1628 2667 1663 2700 P

179 2735 260 2757 corr
396 2725 437 2757 21
464 2727 585 2757 exutae
608 2724 688 2756 Uel:
715 2728 872 2766 sumptae
899 2724 932 2756 P
955 2724 1088 2756 ‘exutae
1116 2723 1169 2756 uel
1195 2723 1375 2756 submotae
1403 2724 1458 2757 uel
1484 2723 1661 2766 (humanis

179 2781 292 2821 rebus)
318 2783 501 2823 exempta&
526 2781 593 2815 Urs
709 2781 751 2813 24
777 2780 943 2813 dicuntur
960 2780 1106 2822 scripsi:
1131 2780 1259 2813 dicitur
1279 2781 1311 2813 P
1331 2780 1480 2813 dicimur
1503 2781 1572 2814 Urs

178 2838 222 2870 25
248 2847 318 2870 sese
345 2837 462 2871 Salm:
487 2849 556 2871 esse
584 2838 617 2871 P
642 2840 676 2870 et
701 2838 729 2870 si
757 2837 827 2871 Sal>
965 2838 1006 2870 29
1032 2838 1208 2880 prauitatc
1236 2838 1318 2871 Gel:
1351 2837 1527 2880 paruitate
1554 2838 1588 2870 P
