2032 3248
559 241 609 273 Dc
636 239 809 282 duplici
838 239 1054 282 martyrio
1081 253 1106 271 ν.
1140 239 1278 272 14-17.
1582 240 1658 280 231

167 348 335 394 gentium
359 347 499 383 doctor.
542 347 609 382 hoc
640 350 676 381 et
698 346 743 382 ad
768 348 951 392 martyres
975 347 1073 382 recte
1095 344 1458 382 accommodabitur:
1497 344 1574 380 uita
1606 344 1664 380 in-

168 417 273 452 firma
295 420 331 452 et
356 417 563 459 contemta,
602 426 700 451 mors
723 414 853 460 grauis
876 427 917 451 ac
940 416 1084 460 potens.
1119 414 1191 450 iam
1227 425 1298 450 non
1337 416 1395 450 est
1414 424 1481 459 par
1501 413 1663 450 omnium

165 488 371 531 martyrum
389 484 424 520 in
449 483 647 520 tormentis
669 483 858 527 alacritas,
882 483 1192 529 quemadmodum
1216 494 1283 519 nec
1305 493 1432 519 omnes
1453 483 1581 518 eodem
1598 493 1662 528 ge-

164 563 252 589 nere
275 553 405 589 mortis
429 552 694 599 defunguntur.
719 554 796 589 tres
819 551 875 588 illi
899 552 998 588 beati
1020 551 1126 598 pueri
1148 551 1187 588 in
1208 551 1342 588 mediis
1366 551 1525 587 flaminis
1555 551 1662 587 inue-

135 631 148 653 -3
164 633 253 659 nere
277 620 517 667 refrigerium
540 622 577 657 et
600 620 695 667 septi
717 621 874 658 innocuo
897 620 1079 658 elemento
1103 620 1206 657 uelut
1230 619 1267 655 in
1290 619 1456 656 conclaui
1479 619 1663 656 canebant

162 690 339 737 hymnum
363 689 530 726 Domino.
563 689 695 727 Daniel
718 689 808 726 item
831 689 926 726 citra
947 700 1081 726 noxam
1105 689 1253 725 leonum
1276 687 1452 725 sodalitio
1483 690 1539 724 est
1561 699 1661 724 usus.

159 759 292 795 beatus
314 759 497 804 Andreas,
532 761 573 794 ut
594 758 709 795 habet
730 759 893 795 humana
914 758 1062 805 quidem
1086 757 1258 802 historia,
1282 757 1346 794 sed
1369 756 1464 793 satis
1484 756 1662 803 probatae

160 826 258 868 fidei,
283 827 451 873 gaudens
474 826 620 874 sibique
642 826 840 873 gratulans
863 826 942 863 ibat
964 827 1011 864 ad
1033 836 1193 863 crucem.
1217 825 1280 862 alii
1304 825 1463 862 diutinis
1485 836 1527 862 ac
1544 824 1661 861 uariis

157 895 385 932 cruciatibus
408 895 567 932 subinde
589 896 798 933 moriuntur
820 906 887 931 nec
909 898 1034 932 tamen
1056 896 1175 932 mort-e
1198 895 1310 931 datur
1341 893 1448 930 finire
1480 894 1656 931 dolorem.

115 973 144 996 ιο
160 966 218 1000 est
240 964 358 1011 igitur
379 968 415 1001 et
438 964 532 1001 illud
555 965 634 1001 ueri
666 964 843 1012 martyris
866 965 934 1002 hoc
971 975 1117 1011 quoque
1139 966 1259 1000 totuin
1283 963 1442 1000 arbitrio
1466 962 1534 999 Dei
1556 974 1658 999 com-

157 1032 317 1070 mittere.
352 1032 457 1069 nouit
478 1033 542 1070 ille
566 1033 655 1079 quid
678 1033 852 1080 expediat
874 1033 981 1070 nobis
1016 1035 1053 1070 et
1075 1033 1163 1079 quid
1186 1033 1233 1069 ad
1256 1032 1376 1079 ipsius
1399 1031 1557 1078 gloriam
1580 1043 1659 1068 ma-

157 1100 252 1137 xime
275 1101 510 1138 conducibile
534 1102 595 1140 sit.
629 1104 776 1139 tantum
800 1102 894 1138 illud
915 1101 1066 1139 assidue
1088 1101 1328 1148 cogitandum
1351 1102 1427 1137 est:
1467 1100 1569 1136 siue
1592 1099 1658 1136 ui-

154 1169 313 1206 uimus
353 1169 457 1207 siue
489 1170 736 1215 morimur,
784 1170 971 1208 Domini
1020 1182 1196 1208 sumus.
1240 1181 1306 1207 nec
1348 1169 1419 1206 sibi
1462 1168 1659 1215 quisquam

155 1237 369 1285 displiceat,
408 1239 438 1275 si
477 1250 627 1286 corpore
666 1240 808 1287 pariter
831 1244 868 1278 et
891 1240 1014 1277 animo
1053 1240 1194 1277 sentiat
1225 1249 1379 1286 grauem
1410 1250 1450 1274 ac
1473 1237 1657 1274 diutinam

108 1317 136 1340 15
155 1306 388 1352 molestiam,
432 1310 577 1344 tantum
611 1308 703 1345 fidat
739 1309 770 1346 ei
808 1309 867 1346 cui
890 1311 1019 1346 certat.
1064 1309 1105 1345 is
1138 1320 1226 1345 non
1258 1307 1479 1355 patietur
1510 1317 1656 1353 quem-

151 1387 283 1422 quam
317 1378 505 1414 tentari
537 1390 684 1425 supra
729 1378 774 1415 id
820 1379 942 1425 quod
989 1379 1175 1424 potest,
1217 1378 1296 1415 sed
1329 1376 1481 1414 faciet
1512 1375 1655 1412 etiam

151 1456 248 1481 cum
281 1446 562 1484 tentatione
595 1458 618 1493 p
632 1449 899 1485 rouentum.
934 1449 1115 1495 quosdam
1138 1448 1276 1484 electos
1298 1446 1488 1483 interdum
1509 1444 1654 1491 patitur

150 1513 186 1549 in
210 1514 407 1551 tormentis
430 1515 600 1560 deficere,
624 1518 664 1552 ut
686 1518 894 1563 agnoscant
912 1516 1212 1554 imbecillitatem
1231 1527 1349 1555 suam.
1373 1516 1485 1560 atque
1503 1513 1649 1550 eosdem

148 1584 233 1629 post
253 1582 479 1621 fortissimos
502 1584 626 1621 reddit
646 1585 684 1621 in
706 1585 923 1622 certamine.
947 1585 1016 1622 hac
1038 1584 1320 1632 dispensatione
1342 1584 1477 1621 Petrus
1498 1584 1556 1619 ter
1578 1582 1645 1618 ab·

104 1662 136 1686 2³0
148 1652 304 1698 negauit
329 1652 538 1698 Dominum,
577 1655 617 1689 ut
639 1654 793 1691 edoctus
816 1665 927 1700 quam
965 1654 1061 1691 nihil
1083 1656 1211 1700 posset
1247 1653 1325 1690 suis
1350 1652 1494 1689 uiribus
1516 1650 1647 1688 confir-

148 1722 266 1756 maret
290 1720 426 1757 fratres
450 1733 547 1758 suos.
585 1723 767 1769 quomodo
790 1724 915 1760 autern
937 1722 1201 1761 confirmaret?
1241 1724 1281 1758 ut
1303 1721 1375 1759 sibi
1398 1719 1513 1757 diffisi
1552 1719 1645 1755 fidu-

148 1788 244 1825 ciam
265 1801 409 1826 omnem
430 1789 657 1828 collocarent
680 1790 718 1827 in
736 1791 905 1828 Domino.

207 1858 277 1894 Sed
302 1858 371 1894 iarn
396 1860 544 1905 tenipus
567 1863 644 1905 est,
668 1862 709 1897 ut
732 1860 776 1896 de
799 1859 918 1897 altero
950 1860 1121 1908 martyrii
1143 1871 1277 1908 genere
1299 1860 1529 1897 disseramus
1560 1857 1712 1895 cari-17

151 1926 221 1963 tati
245 1931 343 1971 tuae,
369 1928 412 1964 de
432 1939 503 1974 quo
523 1928 636 1964 etiam
659 1929 871 1966 accuratius
893 1932 950 1967 est
973 1930 1253 1976 disputandum,
1276 1929 1373 1975 quod
1395 1927 1581 1965 occultum
1604 1927 1654 1965 sit

106 2003 136 2028 25
151 1996 189 2032 et
205 1995 369 2032 omnium
391 1999 600 2043 temporum
618 2008 829 2035 commune:
854 2009 974 2045 neque
997 1999 1094 2036 enim
1114 2009 1260 2045 semper
1276 1997 1450 2035 saeuiunt
1467 1997 1650 2042 Nerones,

148 2062 387 2110 Diocletiani,
411 2064 515 2102 Decii
532 2076 575 2102 ac
591 2066 807 2104 Maximini:
832 2079 1035 2114 numquam
1057 2069 1183 2104 tamen
1207 2068 1327 2103 cessat
1349 2066 1519 2103 diabolus
1542 2076 1649 2102 exer-

151 2141 233 2169 cere
257 2132 398 2170 Christi
421 2133 598 2171 militiam
620 2135 820 2182 professos.
859 2138 897 2172 et
930 2136 1106 2173 fortassis
1142 2138 1251 2173 erunt
1292 2135 1448 2182 posthac
1485 2135 1646 2172 donante

149 2199 298 2238 Christo
322 2203 503 2248 tempora,
541 2203 678 2249 quibus
713 2204 838 2241 nullae
876 2207 1119 2251 tyrannorum
1156 2203 1437 2251 persecutiones
1474 2203 1649 2249 affligent

149 2269 364 2307 ecclesiam:
398 2282 599 2318 numquam
621 2274 746 2309 tamen
769 2272 945 2311 defutura
968 2276 1057 2311 sunt
1080 2274 1297 2318 certamina,
1321 2284 1523 2319 numquam
1546 2283 1645 2309 mar-

105 2347 138 2373 so
150 2338 248 2385 tyria
270 2339 406 2385 quibus
430 2340 597 2377 homines
619 2340 670 2388 pii
693 2341 906 2388 glorificent
929 2342 1060 2380 Deum.
1101 2343 1260 2379 ecclesia
1282 2342 1430 2388 quidem
1453 2341 1574 2378 adhuc
1606 2340 1643 2376 in

148 2405 217 2442 hoc
238 2406 369 2444 exsilio
394 2407 564 2445 militans
596 2409 850 2455 peculiaribus
872 2410 1022 2457 gaudiis
1044 2410 1241 2458 applaudit
1264 2410 1331 2455 iis,
1354 2410 1417 2457 qui
1440 2410 1476 2446 in
1498 2410 1643 2457 profes-

149 2474 250 2511 sione
281 2475 441 2512 nominis
465 2477 550 2513 Iesu
583 2478 727 2514 animas
758 2490 844 2516 suas
877 2479 1039 2516 fideliter
1070 2480 1334 2526 deposuerunt,
1373 2482 1409 2516 et
1445 2479 1491 2515 ad
1514 2479 1644 2516 horum

148 2544 344 2581 memorias
367 2555 504 2590 magna
525 2556 608 2582 cum
631 2546 828 2584 alacritate
849 2548 1105 2585 concurritur:
1146 2548 1211 2585 sed
1250 2547 1410 2584 caeleste
1441 2548 1643 2590 theatrum,

149 2611 364 2658 angelorum
388 2613 575 2660 myriades
597 2616 634 2651 et
656 2615 839 2652 iustorum
869 2627 950 2653 cum
987 2616 1136 2653 Christo
1168 2616 1406 2662 regnantium
1430 2616 1643 2652 innumera-

105 2691 137 2716 ³5
150 2678 237 2715 bilis
259 2681 417 2727 populus
456 2682 691 2728 applaudunt
728 2684 914 2730 omnibus,
957 2685 1020 2731 qui
1053 2685 1234 2722 sinceram
1258 2684 1364 2721 fidem
1390 2686 1425 2721 et
1448 2683 1642 2721 caritatem

243 2847 280 2880 12
310 2848 402 2881 Hom.
435 2851 484 2883 14.
511 2851 542 2883 ὅ.
687 2851 728 2883 15
757 2851 765 2883 l
795 2852 869 2883 (for.
899 2852 949 2891 10,
979 2853 1033 2885 13.
