2032 3248
328 241 381 281 26
731 237 920 272 Arnobii
954 239 1168 272 aduersus
1202 238 1406 272 nationes

327 354 607 408 adrogantiam
645 354 888 395 constrinxit
926 355 1102 396 nostram
1141 354 1182 395 et
1218 354 1344 395 elatas
1382 354 1597 406 supercilio
1637 355 1810 396 ceruices

326 424 492 465 modum
527 422 626 465 fecit
663 435 757 464 suae
786 422 1039 464 infirmitatis
1069 434 1301 476 agnoscere,
1345 422 1413 475 qui
1445 423 1667 464 animantia
1695 435 1808 464 mon-

326 492 474 534 strauit
503 490 692 533 informia
723 502 794 532 nos
825 503 921 542 esse,
954 492 1069 533 uanis
1101 491 1356 545 opinionibus
1387 490 1520 541 fidere,
1562 491 1666 533 nihil
1698 503 1808 534 com-

212 575 233 610 s,
251 575 308 609 141³
322 560 564 614 prehensum
594 560 755 611 habere,
786 560 887 601 nihil
919 561 1020 602 scire
1050 560 1090 601 et
1121 572 1222 613 quae
1252 560 1407 601 nostros
1434 559 1437 613 Ι
1465 559 1546 601 sita
1582 561 1676 601 sunt
1715 562 1809 601 ante

325 629 458 671 oculos
488 641 566 671 non
596 628 757 679 uidere,
799 629 867 682 qui
898 630 1002 682 quod
1033 628 1168 670 omnia
1197 629 1406 681 superauit
1437 629 1477 669 et
1507 629 1808 682 transgressum
1839 647 1853 669 5

325 698 386 739 est
415 709 594 748 munera,
627 697 676 739 ab
698 697 964 752 religionibus
993 708 1065 739 nos
1095 697 1209 738 falsis
1239 697 1480 751 religionem
1508 697 1739 739 transduxit
1758 698 1808 739 ad

325 777 474 817 ueram,
507 765 577 819 qui
609 766 657 807 ab
689 766 817 821 signis
848 765 1047 808 inertibus
1078 766 1198 819 atque
1230 778 1276 807 ex
1297 766 1498 808 uilissimo
1519 766 1702 808 formatis
1716 764 1809 808 'luto

324 835 373 876 ad
413 834 544 877 sidera
589 835 822 878 subleuauit
860 836 901 877 et
939 835 1094 877 caelum
1133 836 1173 877 et
1212 847 1303 876 cum
1350 835 1511 877 domino
1556 849 1693 878 rerum
1738 837 1810 878 deo

325 903 668 957 supplicationum
699 904 794 945 fecit
823 904 948 945 uerba
976 904 1097 957 atque
1128 904 1357 946 orationum
1387 905 1597 957 conloquia
1627 905 1808 947 miscere.

258 977 310 1018 39
324 972 562 1023 uenerabar,
605 984 627 1013 0
658 973 851 1023 caecitaS,
897 985 1024 1026 nuper
1069 972 1286 1015 simulacra
1325 973 1443 1015 modo
1490 986 1534 1014 ex
1579 973 1809 1016 fornacibus
1824 995 1854 1020 10

324 1042 524 1095 prompta,
546 1041 589 1082 in
610 1041 824 1083 incudibus
846 1041 939 1083 deos
957 1042 1059 1083 etex
1076 1041 1234 1084 malleis
1251 1041 1481 1092 fabricatos,
1504 1042 1808 1096 elephantorum

322 1122 423 1160 ossa,
455 1110 646 1164 picturas,
678 1110 902 1152 ueternosis
932 1111 977 1152 in
1007 1110 1217 1153 arboribus
1247 1111 1424 1156 taenias:
1461 1111 1495 1153 si
1526 1112 1684 1165 quando
1715 1124 1808 1154 con—

323 1190 529 1233 spexeram
560 1179 806 1221 lubricatum
838 1179 1017 1233 lapidem
1050 1180 1090 1221 et
1122 1192 1168 1221 ex
1197 1179 1296 1221 oliui
1327 1179 1505 1234 unguine
1542 1180 1806 1232 sordidatum,

322 1249 531 1301 tamquam
570 1248 718 1290 inesset
754 1249 817 1289 uis
847 1260 1053 1301 praesenS,
1098 1248 1312 1298 adulabar,
1345 1248 1512 1290 adfabar
1548 1250 1588 1291 et
1618 1249 1809 1291 beneficia

322 1316 535 1370 poscebam
574 1317 679 1358 nihil
718 1317 916 1359 sentiente
957 1318 1006 1359 de
1035 1318 1196 1368 trunco,
1240 1318 1280 1359 et
1318 1329 1382 1359 eos
1420 1318 1528 1372 ipsos
1565 1318 1680 1360 diuos
1711 1330 1809 1371 quos
1823 1338 1853 1362 ιε,

323 1397 408 1427 esse
445 1385 547 1427 mihi
587 1376 860 1439 persuaseram
899 1385 1135 1428 adficiebam
1166 1386 1425 1428 contumeliis
1462 1387 1676 1441 grauibus,
1717 1399 1808 1428 cum

323 1466 388 1496 eos
428 1466 514 1496 esse
555 1454 767 1496 credebam
806 1454 921 1510 ligna
968 1455 1123 1508 lapides
1161 1456 1281 1508 atque
1320 1468 1410 1498 ossa
1454 1457 1524 1498 aut
1561 1456 1603 1496 in
1641 1456 1761 1498 huius
1786 1477 1807 1500 ι

323 1535 457 1565 rerum
495 1523 678 1565 habitare
716 1523 901 1565 materia.
953 1536 1058 1565 nunc
1093 1524 1252 1566 doctore
1283 1526 1399 1566 tanto
1430 1524 1471 1565 in
1503 1524 1590 1567 uias
1622 1524 1808 1566 ueritatis

323 1592 511 1634 inductus
555 1592 692 1633 omnia
736 1592 816 1633 ista
860 1605 960 1645 quae
999 1593 1080 1634 sint
1118 1592 1218 1642 sci0,
1265 1593 1389 1647 digna
1422 1592 1469 1634 de
1500 1592 1633 1647 dignis
1664 1593 1805 1643 sentio,

323 1659 611 1703 contumeliam
640 1660 793 1702 nomini
824 1660 981 1702 nullam
1010 1661 1113 1703 facio
1145 1660 1293 1711 diuin0,
1326 1662 1366 1702 et
1387 1661 1482 1714 quid
1505 1661 1647 1714 cuique
1668 1661 1853 1703 debea-20

322 1732 389 1771 tur
419 1730 483 1770 uel
515 1740 707 1782 personae
739 1730 802 1770 uel
834 1729 970 1783 capiti,
1002 1728 1224 1771 inconfusis
1256 1729 1447 1784 gradibus
1480 1731 1601 1783 atque
1629 1729 1806 1772 auctori-

324 1799 479 1841 tatibus
510 1798 657 1840 tribuo.
709 1797 768 1839 ita
806 1809 899 1852 ergo
931 1796 1115 1840 Christus
1155 1810 1233 1839 non
1273 1798 1469 1840 habeatur
1498 1811 1521 1840 a
1550 1798 1666 1840 nobis
1711 1798 1807 1840 deus

322 1879 449 1920 neque
487 1868 594 1908 omni
623 1865 696 1908 illo
727 1866 796 1919 qui
827 1867 893 1908 uel
923 1866 1123 1908 maximus
1154 1867 1289 1920 potest
1327 1867 1545 1922 excogitari
1577 1867 1806 1909 diuinitatis

322 1936 535 1978 adficiatur
573 1934 704 1985 cultu,
744 1947 768 1976 a
804 1946 880 1988 quo
918 1935 1157 1978 iamdudum
1200 1936 1316 1977 tanta
1352 1937 1392 1977 et
1430 1936 1658 1989 accepimus
1706 1936 1808 1977 dona

259 2005 311 2044 40
325 2005 509 2047 uiuentes
540 2006 581 2046 et
612 2004 878 2057 expectamus,
911 2004 995 2047 dies
1032 2017 1124 2046 cum
1144 2004 1313 2055 uenerit,
1346 2004 1570 2058 ampliora?
1609 2004 1680 2046 sed
1699 2004 1851 2057 pati-25

322 2074 417 2115 bulo
448 2073 600 2115 adfixus
631 2072 799 2114 interiit.
841 2073 938 2125 quid
969 2073 1078 2115 istud
1108 2073 1158 2114 ad
1189 2075 1379 2114 causam?
1409 2084 1536 2126 neque
1568 2072 1677 2114 enim
1708 2084 1805 2125 qua-

323 2143 419 2184 litas
450 2144 490 2184 et
521 2141 756 2184 deformitas
793 2141 937 2183 mortis
974 2141 1084 2183 dicta
1120 2141 1206 2183 eius
1245 2142 1438 2183 immutat
1468 2146 1538 2183 aut
1568 2141 1696 2191 facta,
1736 2141 1807 2182 aut

230 2221 252 2254 f.
269 2223 309 2254 15
323 2223 367 2253 eo
398 2211 532 2253 minor
569 2210 776 2253 uidebitur
815 2210 1123 2265 disciplinarum
1164 2211 1249 2253 eius
1280 2210 1512 2261 auctoritas,
1551 2210 1554 2261 1
1589 2210 1684 2263 quia
1714 2210 1805 2251 uin-

324 2280 426 2322 culis
463 2279 637 2332 corporis
677 2291 754 2320 non
801 2278 977 2321 naturali
1009 2279 1289 2322 dissolutione.
1318 2278 1522 2333 digressus
1554 2280 1614 2320 est
1657 2279 1726 2320 sed
1764 2279 1804 2319 ui

370 2463 386 2495 1
413 2461 622 2495 constrinxit
649 2461 734 2495 Gez:
770 2461 983 2505 constringit
1008 2462 1043 2495 P
1203 2462 1224 2495 4
1249 2462 1337 2496 si*ta
1362 2462 1396 2495 P
1555 2462 1575 2495 6
1599 2460 1802 2504 religionem

324 2518 413 2553 Sub:
454 2519 623 2563 religione
648 2519 682 2552 P
864 2520 882 2553 7
909 2529 1026 2553 ueram
1059 2519 1151 2554 sab.-
1193 2530 1272 2554 uera
1298 2520 1332 2554 P
1511 2520 1533 2554 8
1561 2518 1714 2561 domino]
1747 2507 1803 2551 <115

323 2575 342 2609 ὁ
367 2575 402 2609 Ρ
540 2577 580 2610 11
606 2576 838 2611 elefantorum
863 2576 899 2610 P
1035 2577 1077 2610 12
1095 2577 1149 2611 *in
1170 2577 1204 2609 P
1340 2577 1381 2610 13
1406 2577 1563 2621 unguine
1587 2574 1803 2609 sordidatum

325 2632 445 2667 Sazm:
470 2633 641 2677 unguines
665 2632 863 2668 ordinatum
880 2634 914 2666 P
936 2634 1089 2678 unguine
1114 2633 1313 2668 ordinatum
1335 2633 1403 2668 Sab
1541 2632 1583 2666 16
1608 2631 1802 2666 afficiebam

324 2689 415 2724 Sab:
455 2688 671 2724 adfaciebam
708 2691 739 2723 P
887 2690 927 2724 17
966 2691 1133 2725 lacunam
1167 2691 1327 2737 siqnaui:
1367 2690 1470 2724 huius
1509 2689 1603 2723 modi
1642 2689 1713 2724 Sab

322 2747 367 2781 23
391 2756 498 2790 neque
523 2747 618 2781 omni
642 2747 704 2781 illo
730 2747 789 2791 qui
815 2747 1015 2792 Riyaltius:
1047 2758 1156 2792 neque
1180 2758 1299 2782 omnes
1323 2746 1477 2791 alioquin
1502 2747 1537 2781 P
1559 2757 1620 2781 nec
1645 2746 1707 2791 qui
1732 2756 1803 2780 om—

321 2804 419 2839 nium
451 2804 606 2848 alioquin
633 2804 703 2840 Sab
880 2805 924 2839 24
960 2805 1150 2840 iandudum
1188 2806 1223 2839 P
1245 2815 1323 2840 corr
1505 2804 1549 2840 27
1577 2806 1656 2838 *aut
1680 2803 1714 2837 P

321 2860 365 2896 29
389 2861 603 2895 disolutione
629 2862 663 2895 P
798 2862 834 2896 ui
862 2862 950 2896 Sab:
988 2865 1027 2896 ut
1052 2862 1086 2896 P
