2032 3248
365 202 449 244 300
990 200 1232 244 Appendix.

614 306 762 344 Institit
783 306 1003 355 inpulsans:
1036 307 1139 355 quid,
1162 307 1228 354 ait,
1251 306 1466 345 discrimine
1487 307 1527 344 in
1548 307 1621 346 isto

620 375 769 414 Somnia
789 386 879 413 nare
902 375 1032 413 canis?
1056 377 1237 423 tantoque
1260 375 1299 413 in
1319 377 1469 415 turbine
1491 379 1640 425 portum

531 446 584 484 60
615 445 723 483 Solus
744 445 890 483 habes?
923 456 969 482 en
990 445 1091 482 unda
1112 444 1247 492 operit,
1280 456 1366 492 spes
1387 445 1497 484 unica
1518 446 1646 485 diuum
1667 450 1740 486 est.

612 514 668 552 Tu
689 525 848 562 quoque,
871 514 1028 562 quisque
1049 513 1122 552 tibi
1143 503 1244 552 Deus
1262 515 1332 561 est,
1351 514 1410 552 dic
1430 516 1519 553 uota
1540 527 1743 565 precesque

613 583 837 631 Indigetans
857 583 1023 631 patrium
1044 583 1201 630 supplex
1221 582 1403 621 inflectite
1426 595 1575 622 numen.

611 653 709 691 Exin
730 653 814 701 quis
837 653 969 700 culpae
989 651 1173 700 proprior,
1197 651 1281 699 quis
1303 663 1416 689 causa
1437 652 1624 699 procellae

611 722 766 760 Discere
787 722 887 760 sorte
908 721 1048 769 placet,
1069 732 1136 759 nec
1157 732 1238 759 sors
1259 721 1442 758 mentitur
1462 721 1592 759 Ionan.

530 791 581 830 65
612 791 715 829 Tunc
731 790 918 838 rogitant:
941 790 1026 838 quis
1042 790 1079 828 et
1095 790 1192 828 unde
1214 789 1418 836 hominum,
1441 790 1525 837 quis
1542 790 1701 838 denique
1717 802 1854 839 rerum,

611 860 689 905 Quo
710 859 861 910 populo,
885 870 960 906 qua
980 859 1068 896 sede
1089 858 1212 896 cluis?
1245 858 1428 896 famulum
1448 859 1513 896 ille
1535 859 1680 897 fatetur

611 928 957 975 Praetimidumque
977 927 1059 975 Dei,
1084 927 1147 975 qui
1171 927 1316 965 caelum
1337 928 1494 965 sustulit
1516 927 1606 975 alte,

613 997 684 1043 Qui
703 998 844 1036 terram
863 997 1002 1045 posuit,
1025 996 1089 1044 qui
1110 997 1232 1034 totum
1252 1007 1404 1044 corpore
1426 997 1548 1035 fudit:

612 1066 738 1114 Ipsius
760 1068 798 1105 et
820 1077 902 1104 sese
923 1066 1125 1114 profugum
1147 1076 1352 1114 causasque
1374 1066 1529 1104 reuelat.

528 1135 582 1173 70
612 1135 819 1183 Deriguere
840 1136 954 1173 metu.
977 1135 1069 1182 quid
1089 1146 1157 1172 nos
1179 1134 1298 1182 igitur
1317 1134 1389 1172 tibi
1410 1135 1570 1182 culpae?

613 1204 711 1250 Quid
731 1204 809 1242 fore
829 1202 957 1242 nunc?
989 1215 1150 1252 quonam
1172 1203 1407 1251 placabimus
1431 1214 1594 1252 aequora
1614 1206 1755 1251 pacto?

612 1273 785 1322 Namque
807 1273 929 1321 magis
951 1272 1142 1321 multoque
1164 1273 1287 1320 magis
1308 1272 1405 1311 freta
1427 1284 1540 1310 saeua
1559 1274 1774 1313 tumebant.

613 1343 707 1380 Tum
728 1342 878 1380 Domini
899 1343 1006 1380 uates
1027 1342 1180 1389 ingestu
1201 1341 1358 1388 spiritus
1380 1341 1482 1379 infit:

613 1411 672 1448 En
692 1422 761 1459 ego
782 1412 1000 1459 tempestas,
1024 1422 1092 1458 ego
1114 1411 1195 1448 tota
1217 1410 1367 1448 insania
1387 1410 1530 1457 mundi,

530 1478 582 1517 75
612 1480 658 1516 In
678 1491 750 1527 me,
772 1480 908 1527 inquit,
931 1479 1039 1518 uobis
1061 1479 1191 1517 aether
1206 1479 1284 1517 ruit
1305 1480 1343 1517 et
1363 1490 1464 1517 mare
1487 1479 1623 1526 surgit,

613 1548 659 1585 In
679 1560 737 1586 me
757 1550 860 1586 terra
880 1548 1023 1596 procul,
1045 1560 1145 1586 mors
1163 1547 1343 1596 proxima,
1365 1547 1470 1585 nulla
1491 1547 1559 1585 Dei
1582 1558 1680 1596 spes·

615 1617 712 1662 Quin
734 1618 819 1655 date
841 1617 1084 1665 praecipitem
1106 1628 1271 1663 causam,
1295 1627 1502 1664 nauemque
1522 1617 1695 1654 leuantes

611 1687 736 1725 Vnum
756 1698 849 1724 onus
871 1687 941 1724 hoc
961 1697 1139 1733 magnum
1160 1686 1295 1734 pelago
1317 1686 1453 1724 iactate
1475 1685 1630 1724 uolenti.

613 1755 686 1793 Ast
706 1754 765 1792 illi
787 1755 931 1793 frustra
952 1754 1126 1792 nituntur
1154 1756 1301 1793 uertere
1324 1766 1473 1792 cursum

527 1824 582 1863 80
611 1824 657 1861 In
677 1824 852 1872 reditum,
874 1835 943 1862 nec
964 1824 1095 1862 clauus
1117 1824 1217 1862 enim
1237 1823 1405 1871 torqueri
1426 1824 1585 1871 sinebat,

612 1892 716 1930 Dura
736 1904 804 1931 nec
828 1894 1025 1930 antemnae
1046 1892 1184 1930 mutari
1206 1892 1303 1930 libra
1323 1893 1485 1930 uolebat.

611 1963 807 2002 Postremo
829 1964 876 2001 ad
895 1962 1115 2002 Dominum:
1138 1974 1184 2001 ne
1206 1974 1273 2000 nos
1295 1962 1334 2000 in
1354 1962 1486 2000 mortis
1508 1962 1652 2000 hiatum

452 2171 497 2206 59
522 2171 660 2206 somnia
684 2182 767 2206 nare
791 2171 888 2206 canis
914 2172 994 2213 AA,
1021 2170 1196 2205 somniare
1221 2171 1316 2215 capit
1341 2171 1419 2205 Iur.
1641 2169 1686 2204 60
1710 2180 1752 2204 en
1776 2171 1857 2212 AA,

360 2240 423 2264 nos
449 2229 530 2264 Iur.
669 2230 750 2263 unic
775 2229 811 2263 A
961 2229 1005 2263 61
1030 2228 1191 2273 quisquis
1218 2229 1295 2263 Iur.
1446 2229 1490 2263 62
1514 2239 1578 2263 om.
1605 2239 1626 2263 v
1764 2227 1857 2262 indi-

359 2289 486 2332 getans
511 2288 648 2329 Oehler,
673 2287 853 2332 indigetas
871 2288 915 2329 A,
942 2287 1185 2339 indegetas'A‚
1209 2286 1385 2331 indigetes
1403 2287 1544 2322 Muller
1636 2297 1760 2321 nomen
1778 2287 1811 2320 A

360 2345 408 2379 63
431 2345 521 2379 exim
546 2346 616 2379 AA
762 2345 897 2390 prorioi·
921 2345 967 2386 A,
992 2344 1150 2388 propriae
1175 2345 1255 2380 Iur.
1399 2345 1443 2378 66
1468 2344 1556 2379 cluis
1582 2347 1625 2386 A,
1650 2344 1752 2378 cliuis
1777 2345 1814 2377 A

361 2401 405 2436 67
429 2402 683 2447 praetimidum
706 2402 884 2446 fidumque
911 2402 966 2436 dei
991 2401 1053 2445 qui
1077 2401 1225 2435 sustulit
1249 2402 1363 2436 altum
1394 2402 1471 2436 Iur.
1658 2401 1751 2435 altae
1776 2401 1811 2434 A

359 2459 404 2494 68
428 2461 546 2494 totum
566 2465 609 2503 A,
635 2461 749 2495 totam
765 2461 812 2502 A,
818 2461 977 2527 ⁰pontum
993 2459 1078 2501 fort.
1196 2459 1239 2494 69
1264 2460 1300 2494 et
1317 2470 1381 2494 om.
1399 2471 1420 2494 v
1536 2458 1581 2493 70
1597 2458 1774 2503 diriguere
1791 2469 1812 2492 v

360 2534 481 2578 colpae
500 2534 534 2568 A
595 2536 637 2570 71
654 2535 728 2570 fore
753 2547 795 2570 nc
818 2507 878 2579 qm
903 2533 1121 2579 placabimus
1148 2539 1180 2569 A
1271 2535 1386 2580 pacto]
1412 2533 1506 2568 facto
1533 2533 1615 2568 Iur.
1710 2533 1753 2567 72
1779 2543 1854 2567 sae·

359 2601 405 2624 ua
430 2591 627 2637 tumebant]
655 2594 819 2628 seuatum
844 2594 965 2637 eptent
989 2593 1025 2627 A
1197 2594 1240 2628 73
1264 2605 1330 2628 om.
1355 2604 1375 2628 v
1543 2592 1687 2636 ingestu
1710 2591 1853 2636 scripsi,

360 2647 503 2693 ingesta
528 2653 570 2690 A,
597 2651 757 2694 ingestus
783 2651 819 2685 A
913 2651 956 2685 75
982 2651 1019 2686 in
1043 2651 1109 2696 me]
1138 2662 1156 2686 e
1179 2655 1212 2686 A
1304 2650 1405 2684 ather
1429 2653 1461 2683 A
1553 2649 1595 2682 77
1620 2640 1752 2694 pcitem
1777 2652 1810 2682 A

361 2705 405 2739 78
429 2706 607 2740 uolentem
632 2719 652 2742 v
820 2709 862 2743 79
887 2709 956 2753 illi]
983 2708 1046 2742 isti
1072 2720 1092 2743 v
1255 2708 1388 2743 80—81
1413 2707 1571 2751 torqueri
1596 2706 1740 2740 ualebat
1764 2706 1850 2740 dura

360 2774 421 2797 nec
453 2765 637 2799 antemnae
671 2766 809 2810 (antene
834 2767 880 2810 A)
913 2767 1042 2801 mutari
1066 2766 1158 2800 libra
1184 2765 1323 2800 sinebat
1346 2765 1434 2806 AA,·
1466 2775 1529 2799 em.
1555 2764 1635 2798 Ιιιν.
1661 2764 1735 2798 nisi
1758 2763 1854 2808 quod

359 2821 520 2865 torquere
546 2823 623 2856 eaelz.
764 2824 881 2859 clauos
906 2835 967 2858 nec
992 2823 1085 2858 enim
1110 2824 1274 2868 torquere
1298 2821 1465 2856 ualebant
1491 2824 1555 2856 etc.
1577 2821 1720 2856 Mz‘iller
