2032 3248
356 204 436 246 172
759 203 957 238 Arnobii
989 204 1203 239 aduersus
1231 204 1439 238 nationes

354 318 595 372 contagione
611 317 871 372 pestilentiae
888 320 1118 372 conrupisse
1135 332 1254 361 auras
1269 319 1534 373 zephyrorum
1549 318 1737 361 luctuosa
1752 331 1846 361 011111

352 387 494 441 populi
525 387 722 429 uastitate
744 412 797 417 -
821 388 1004 441 sequitur
1039 391 1085 430 ut
1119 388 1306 442 intellegi
1337 388 1480 430 debeat
1509 387 1738 430 iracundias
1768 399 1846 430 non

351 467 503 509 paruas
534 468 581 497 ex
611 456 869 509 opinionibus
900 469 966 499 eos
999 458 1203 500 continere
1232 456 1464 512 praedictis.
1508 456 1615 510 quod
1645 457 1681 498 si
1711 456 1845 508 datur,

352 525 475 566 datur
506 525 547 566 et
575 525 682 567 illud
701 526 929 568 necessario
950 538 1212 580 consequens,
1245 526 1432 569 miserias
1453 526 1524 568 has
1546 525 1677 568 omnis
1699 526 1847 579 quibus

354 594 454 636 olim
486 607 613 650 genus
645 597 930 638 accumulatur
958 597 1187 639 humanum
1217 597 1267 639 ab
1298 596 1531 638 huiusmodi
1562 595 1686 638 fluere
1715 595 1846 637 fictio·
1877 611 1891 635 ε

352 663 496 705 nibus:
536 664 681 717 quodsi
719 664 769 706 ab
801 665 865 706 his
903 666 1037 707 causis
1068 665 1296 720 indignatio
1326 664 1597 719 proficiscitur
1617 665 1846 717 numinum,

352 732 615 775 miseriarum
645 733 856 775 tantarum
886 746 958 776 uos
990 735 1086 776 estis
1117 735 1319 788 auctoreS‚
1361 735 1430 788 qui
1467 735 1623 776 animos
1654 734 1847 776 caelitum

354 813 434 843 non
465 802 635 844 cessatis
666 802 867 845 offendere
898 804 939 844 et
969 803 1141 846 ultionis
1171 803 1214 845 in
1244 803 1401 845 rabiem
1431 803 1643 845 concitare.
1690 802 1754 845 sin
1774 815 1847 845 au-

239 879 262 911 f.
279 878 340 911 971>
354 873 440 912 tem
476 868 481 927 Ι
516 871 566 913 ab
598 871 835 914 huiusmodi
872 871 989 914 furiis
1021 873 1191 915 deorum
1229 873 1291 914 est
1329 884 1455 926 genus
1492 872 1676 914 immune
1718 883 1847 924 neque

353 939 452 992 quid
482 940 537 982 sit
566 940 689 982 irasci
720 940 778 982 dii
809 941 970 983 omnino
1001 944 1222 992 nonerunt,
1262 942 1304 983 et
1335 941 1450 983 nobis
1489 953 1582 995 ergo
1611 941 1733 983 irasci
1762 940 1847 982 sine
1861 952 1893 976 10

352 1010 439 1051 ulla
482 1010 639 1052 ratione
677 1009 888 1061 dicuntur,
928 1010 998 1064 qui
1037 1010 1100 1052 ira
1140 1010 1239 1064 quid
1275 1010 1331 1052 sit
1367 1010 1557 1064 ignorant
1603 1011 1644 1052 et
1680 1009 1729 1051 ab
1762 1011 1847 1052 eius

352 1081 380 1132 ἢ·
411 1082 578 1133 comptu
608 1079 650 1120 et
679 1079 948 1133 permixtione
978 1080 1076 1122 sunt
1106 1079 1300 1121 absoluti.
1348 1078 1491 1136 [neque
1522 1079 1628 1120 enim
1659 1078 1747 1121 fieri
1776 1090 1848 1132 per

352 1161 490 1190 rerum
528 1149 718 1190 naturam
753 1150 906 1201 potest,
953 1149 1000 1190 ut
1037 1149 1145 1202 quod
1175 1163 1304 1191 unum
1335 1151 1397 1191 est
1426 1149 1501 1190 fiat
1524 1148 1609 1189 -duo
1641 1150 1680 1189 et
1710 1148 1754 1189 in
1785 1147 1848 1189 di-

351 1229 492 1260 uersas
522 1230 586 1259 res
618 1220 686 1259 eat
716 1218 852 1259 unitas
882 1217 1067 1273 ingenita
1098 1218 1366 1272 simplicitate
1397 1216 1558 1274 diuisa]

399 1412 418 1444 1
443 1410 647 1455 pestilentio
672 1410 708 1445 P
730 1421 811 1445 corr
950 1410 1144 1455 corrupisse
1178 1409 1367 1452 canterus,
1399 1410 1485 1445 Urs.-
1518 1410 1697 1444 conruisse
1722 1410 1758 1444 P

352 1467 582 1512 zephyrorum
605 1468 752 1513 scripsi:
777 1470 977 1512 temporum
995 1468 1031 1502 P
1046 1469 1229 1502 uentorum
1250 1467 1437 1502 Meursius
1453 1469 1614 1512 teporum
1632 1470 1717 1502 avite
1734 1466 1847 1501 conie-

351 1537 472 1562 ceram
670 1526 852 1560 cluotuosa
881 1525 916 1559 P
940 1535 1022 1560 corr
1219 1525 1242 1558 2
1267 1524 1392 1559 debeat
1418 1524 1509 1559 Sab:
1548 1523 1698 1559 debeant
1723 1525 1758 1558 P

351 1585 372 1619 3
397 1584 502 1618 datur
517 1583 647 1618 addidi
783 1583 805 1617 4
829 1583 876 1628 et]
898 1585 951 1617 est
969 1581 1258 1617 Hildebrandius
1395 1592 1512 1616 omnes
1529 1592 1548 1615 c
1683 1580 1704 1615 9
1729 1580 1845 1625 furiis]

350 1640 496 1676 nefariis
521 1641 594 1676 Sab
732 1640 776 1676 10
798 1642 989 1675 *nonerunt
1014 1640 1049 1674 P
1232 1640 1273 1674 11
1297 1639 1411 1674 uerba
1435 1640 1470 1673 et
1493 1638 1537 1673 ab
1562 1639 1635 1673 eius
1650 1664 1658 1672 .
1681 1666 1688 1672 .
1709 1665 1716 1672 .
1732 1638 1848 1673 diuisa

350 1699 496 1735 seclusit
521 1698 620 1734 Salm
758 1698 801 1734 12
832 1700 972 1742 comptu
1002 1708 1022 1731 r
1061 1698 1228 1732 contenta.
1259 1697 1332 1732 Sab
1371 1698 1538 1732 contactu
1574 1697 1642 1731 Urs
1680 1697 1847 1739 conceptu

350 1757 511 1791 Huetius
550 1758 727 1791 commotu
757 1755 924 1790 oehlerus
1083 1755 1197 1790 uerba
1220 1765 1333 1799 neque
1356 1755 1470 1789 enim.
1492 1780 1500 1788 .
1522 1754 1658 1788 .diuisa
1693 1753 1847 1788 Orellius

346 1817 431 1858 post
463 1814 575 1848 uerba
608 1813 806 1858 proprietas
839 1813 954 1857 quiret
975 1823 1012 1856 p.
1039 1814 1120 1855 151,
1147 1815 1189 1848 10
1213 1812 1440 1857 transposuit
1624 1810 1668 1845 14
1691 1819 1847 1845 ARNOUH

351 1892 526 1917 onuoms
550 1873 623 1917 1113.
650 1892 724 1917 1111.
750 1892 832 1917 mr.
858 1872 945 1916 mc}
969 1872 1040 1916 1211}
1066 1891 1099 1916 U.
