2032 3248
781 229 909 262 Liber
943 229 980 262 V.
1544 231 1622 271 179

135 356 298 384 nemora
329 344 369 382 et
401 342 573 383 ferarum
608 343 752 383 multis
784 343 1020 383 muneribus
1053 343 1215 396 donans,
1250 356 1350 396 quae
1382 357 1479 396 puer
1509 343 1622 385 Attis

135 412 265 465 primo
297 410 360 452 sui
393 423 478 452 esse
500 411 661 452 dicebat
684 411 836 452 laboris
858 412 980 463 atque
1002 411 1134 463 operis
1157 412 1354 466 glorians:
1388 426 1457 466 per
1481 412 1622 453 uinum

136 480 279 521 deinde
318 480 532 521 confitetur
563 480 604 520 et
635 480 684 520 ab
716 479 889 534 Agdesti
921 492 961 520 se
1001 479 1119 534 diligi
1159 483 1197 521 et
1237 480 1286 522 ab
1313 492 1363 521 eo
1405 481 1519 521 donis
1552 480 1622 521 sil-

136 548 340 590 uestribus
365 548 571 589 honorari:
606 548 710 589 unde
733 548 839 598 uino,
872 547 978 600 quod
1011 548 1221 589 silentium
1244 548 1435 601 prodidit,
1469 549 1510 589 in
1537 548 1623 589 eius

109 618 248 658 mesas
279 618 341 658 est
371 618 556 658 sanctum
589 628 674 657 sese
704 616 853 657 inferre
884 616 1066 669 pollutis.
1114 622 1210 657 tunc
1240 616 1525 658 Pessinuntius
1556 617 1660 658 rex?

135 685 267 727 Midas
300 685 475 726 alienare
516 686 678 736 cupiens
710 686 794 725 tam
833 683 976 725 infami
1007 697 1177 737 puerum
1218 686 1496 726 coniunctione
1535 698 1622 726 maf-

135 754 327 795 trimonio
360 753 445 794 eius
477 765 590 794 suam
622 753 751 794 filiam
784 753 976 803 destinat,
1008 765 1053 794 ac
1085 766 1133 793 ne
1159 766 1328 795 scaeuus
1350 754 1498 806 aliquis
1521 767 1623 806 nup-

137 822 252 863 tialia
275 823 587 873 interrumperet
616 821 777 875 gaudia,
813 821 911 862 fecit
932 821 1125 874 oppidum
1149 821 1295 863 claudi.
1330 836 1471 863 uerum
1504 823 1624 863 deum

137 892 267 932 muter
317 890 613 931 adulescentuli
660 890 791 930 satum
839 889 969 930 sciens
1028 890 1212 942 interque
1265 889 1448 931 homines
1505 891 1625 931 illum

93 959 294 1000 mtamdiu
334 959 519 1000 futurum
559 959 721 999 saluum
761 958 957 1010 quamdiu
998 959 1101 999 esset
1132 959 1289 999 solutus
1321 971 1344 1000 a
1375 959 1625 1000 matrimonii

137 1030 306 1079 foedere,
340 1041 390 1069 ne
412 1028 509 1080 quid
537 1027 737 1069 accideret
759 1027 915 1080 maesti,
948 1026 1158 1068 ciuitatem
1189 1027 1416 1081 ingreditur
1447 1029 1625 1069 clausam

137 1098 265 1139 muris
304 1097 389 1139 eius
429 1096 562 1150 capite
602 1096 848 1145 sublevatis,
897 1095 1002 1148 quod
1042 1107 1128 1136 esse
1160 1096 1357 1136 turritum
1389 1097 1544 1137 ratione
1575 1096 1624 1137 ab

136 1167 213 1208 hac
259 1165 403 1218 coepit.
451 1189 515 1208 >me
548 1165 742 1218 Agdestis
785 1165 942 1205 scatens
982 1164 1043 1204 ira
1087 1164 1270 1205 conuulsi
1308 1178 1330 1205 a
1362 1178 1403 1206 so
1441 1165 1555 1218 pueri
1587 1166 1626 1205 et

136 1236 271 1276 uxoris
314 1234 363 1275 ad
402 1233 585 1275 studium
626 1232 799 1274 deriuati
839 1232 1151 1274 conuiuantibus
1192 1233 1346 1274 cunctis
1379 1233 1556 1275 furorem
1587 1237 1627 1274 et

83 1319 122 1342 r15
136 1303 341 1345 insaniam
363 1302 567 1356 suggerit:
591 1302 845 1352 conclamant
867 1301 1048 1342 exterriti
1071 1304 1097 1353 η’-
1120 1301 1414 1343 adorandorum
1432 1302 1626 1356 Phryges,

138 1383 338 1413 mammas
370 1370 449 1411 sibi
480 1370 651 1411 demetit
672 1371 697 1421 ἦ·
720 1369 829 1411 Galli
851 1369 936 1410 filia
958 1370 1134 1422 paelicis,
1168 1370 1276 1423 rapit
1297 1371 1410 1412 Attis
1432 1370 1626 1419 fistulam,

138 1454 258 1493 quam
290 1440 512 1493 instigator
542 1440 628 1491 ipse
661 1438 886 1491 gestitabat
918 1438 1111 1488 insaniae,
1142 1438 1341 1480 furiarum
1373 1443 1412 1480 et
1437 1439 1521 1492 ipse
1544 1439 1627 1480 iam

136 1509 297 1563 plenus,
334 1508 624 1561 perbacchatus
672 1508 849 1548 iactatus
887 1507 1033 1560 proicit
1079 1519 1119 1548 se
1152 1507 1317 1548 tandem
1361 1510 1402 1549 et
1434 1508 1508 1549 sub
1540 1509 1626 1562 pini

137 1578 277 1619 arbore
316 1576 513 1630 genitalia
549 1576 627 1617 sibi
667 1576 827 1617 desecat
864 1575 999 1617 dicens
1040 1570 1131 1617 ‘tibi
1164 1576 1335 1630 Agdesti
1376 1577 1473 1618 haec
1512 1576 1626 1626 habe,

92 1647 300 1700 20p1·0pter
339 1658 440 1699 quae
478 1646 614 1686 motus
652 1646 788 1686 tantos
827 1644 1039 1685 furialium
1071 1644 1356 1686 discriminum
1389 1641 1627 1687 concitasti'.

138 1715 274 1756 euolat
306 1727 397 1756 cum
428 1713 626 1766 profluuio
658 1713 871 1766 sanguinis
902 1713 1010 1763 uita,
1043 1713 1112 1755 sed
1143 1714 1303 1755 abscisa
1335 1727 1435 1767 quae
1467 1715 1629 1755 fuerant

137 1783 288 1836 Magna
308 1783 411 1836 legit
432 1784 473 1823 et
486 1803 527 1824 ηε*
545 1782 677 1823 Mater
698 1782 831 1829 deum,
855 1781 975 1823 inicit
997 1781 1059 1823 his
1077 1784 1242 1834 terram,
1265 1784 1378 1823 ueste
1395 1783 1506 1834 prius
1524 1783 1631 1823 tecta

138 1852 252 1892 erant
283 1852 403 1903 atque
436 1850 621 1891 inuoluta
652 1849 847 1890 defuncti.
896 1849 900 1904 Ι
935 1849 1059 1892 fluore
1090 1851 1139 1892 de
1171 1851 1382 1904 sanguinis
1415 1851 1524 1892 uiola
1554 1849 1627 1891 flos
1644 1854 1663 1886 f.
1683 1851 1768 1886 101⁵

139 1919 317 1961 nascitur
349 1921 388 1960 et
419 1918 636 1960 redimitur
667 1931 712 1959 ex
743 1918 818 1959 hac
849 1919 987 1960 arbos:
1036 1919 1128 1961 inde
1159 1921 1302 1961 natum
1335 1921 1374 1960 et
1403 1921 1536 1960 ortum
1570 1919 1630 1960 est

93 2001 243 2029 251111110
275 1988 401 2029 etiam
441 1999 574 2029 sacras
613 1987 784 2028 nelarier
816 1987 856 2027 et
893 1987 1117 2028 coronarier
1154 1988 1281 2040 pinos.
1330 1988 1445 2041 uirgo
1487 1998 1630 2039 sponsa

189 2159 200 2190 l
229 2157 360 2191 danaus
387 2157 422 2190 P
447 2167 527 2190 corr
672 2158 693 2191 3
720 2157 868 2191 hacdesti
897 2159 931 2191 1²
966 2158 988 2191 h
1016 2158 1150 2193 deleuit
1177 2170 1195 2192 ν
1346 2160 1368 2191 ἴ)
1395 2158 1629 2192 sanctuarium

144 2215 206 2248 Gel
344 2224 416 2247 sese
448 2213 534 2247 Urs:
575 2224 609 2247 se
633 2205 668 2247 e}
695 2214 729 2247 P
887 2214 1054 2257 polluctis
1094 2216 1162 2249 Urs
1322 2214 1563 2259 pessinuncius
1598 2215 1633 2248 P

138 2282 218 2305 corr
355 2271 373 2303 7
400 2270 429 2303 ei
456 2270 645 2304 Meursius
784 2271 927 2304 scacbus
947 2272 981 2305 P
1118 2274 1138 2305 8
1155 2272 1238 2306 fecit
1258 2272 1348 2306 Sub:
1374 2271 1493 2305 fecisse
1512 2271 1546 2304 P

138 2329 158 2360 9
183 2327 373 2361 adulestuli
402 2328 436 2361 P
459 2337 537 2360 corr
711 2328 753 2360 10
778 2329 885 2362 ‚esset
911 2330 940 2370 (t
966 2339 1010 2361 em
1036 2327 1072 2371 d)
1099 2329 1133 2362 P
1310 2329 1352 2362 12
1377 2339 1449 2362 esse
1475 2328 1567 2370 Sub,
1594 2339 1632 2361 r:

138 2388 228 2418 essct
254 2385 289 2418 P
422 2383 592 2417 turritum
619 2383 701 2425 Sub,
726 2395 762 2417 r:
788 2385 937 2418 turrium
967 2386 1000 2418 P
1138 2385 1180 2418 13
1205 2386 1370 2419 lacunam
1397 2386 1543 2429 siquam*

139 2441 268 2475 :redetis
287 2441 321 2474 P
453 2441 495 2474 15
512 2439 554 2473 ad
572 2451 631 2474 ora
649 2440 789 2474 deorum
815 2442 882 2475 Urs
900 2442 942 2475 ad
962 2452 1021 2475 ora
1039 2441 1222 2475 amborum
1244 2443 1433 2476 Illeursius
1451 2441 1492 2475 ad
1513 2442 1632 2475 horam

140 2498 239 2532 Sulm
265 2498 307 2532 ad
333 2498 435 2542 orgia
459 2508 577 2531 eorum
611 2497 628 2530 y
780 2498 898 2542 fryges
927 2500 959 2532 P
1114 2500 1156 2533 16
1184 2499 1336 2532 demetid
1364 2500 1397 2532 P
1421 2509 1500 2532 corr
1525 2509 1544 2531 r

140 2555 305 2588 testulain
336 2555 406 2589 Sub
559 2556 599 2588 19
626 2554 769 2599 dcsegat
796 2556 830 2588 P
853 2566 934 2590 corr
1091 2556 1157 2589 tibi
1185 2557 1275 2590 Sub:
1310 2556 1377 2589 sibi
1409 2557 1439 2589 P
1581 2564 1635 2587 ac-

139 2611 227 2645 ‹lesti
255 2613 288 2645 P
449 2612 492 2645 ‘20
517 2622 604 2654 quae
632 2612 714 2648 Sub.
741 2623 777 2645 r:
805 2623 904 2655 quein
931 2613 964 2646 P
1119 2614 1158 2647 21
1189 2614 1358 2656 profluuio
1386 2614 1467 2653 Sub,
1493 2623 1530 2646 r.-
1557 2618 1636 2655 pro·

143 2669 227 2702 linui
247 2669 281 2702 P
373 2669 524 2702 abscissa
545 2669 615 2702 Sub
709 2669 850 2702 fuerant
870 2670 952 2704 Sub.
972 2681 1011 2703 r:
1031 2670 1145 2703 fuerat
1164 2671 1197 2703 P
1288 2670 1331 2703 ‘2‘2
1349 2674 1382 2702 et
1400 2681 1455 2703 om
1476 2670 1546 2703 Sub

140 2726 310 2760 lacunam
335 2727 498 2770 siquam.-
524 2726 750 2759 intercidisse
775 2726 949 2760 uidemur
966 2727 1059 2760 (ulia
1085 2726 1175 2760 lauit
1195 2726 1425 2770 balsamisque
1445 2727 1545 2759 unxit

141 2785 176 2816 et
201 2782 316 2817 iniicit
344 2782 415 2816 Sub
532 2783 634 2815 tectis
653 2782 724 2816 Sab
839 2783 882 2816 23
907 2786 1008 2816 erant
1033 2783 1160 2816 addidi
1276 2783 1447 2817 inuolutis
1475 2784 1546 2818 Sub

142 2839 184 2873 24
211 2839 290 2873 inde
316 2840 407 2874 Sub:
443 2839 522 2872 uide
547 2840 581 2873 P
714 2840 757 2873 25
783 2851 896 2873 sacras
924 2840 1018 2873 Sub:
1053 2851 1150 2873 sacra
1176 2841 1210 2873 P

1431 2910 1501 2942 12*
