2032 3248
474 237 532 270 De
558 236 897 280 singularitate
923 236 1189 269 clericorum
1218 244 1244 267 c.
1271 235 1416 268 32—33.
1610 239 1691 278 209

189 355 271 381 cum
309 343 366 380 illi
403 356 469 381 sua
508 354 651 390 quoque
689 343 949 380 incunctanter
985 341 1210 378 abscidant?
1253 341 1292 377 hi
1324 340 1560 378 confirmatos
1592 341 1629 378 in
1652 354 1690 379 se

188 415 292 450 artus
315 412 495 458 abiciunt,
518 413 556 449 et
588 412 643 448 illi
666 411 896 448 aduersariis
918 411 1074 448 artubus
1096 410 1347 458 glutinantur.
1380 410 1419 446 hi
1441 421 1506 457 pro
1528 410 1689 457 integri-

187 483 267 519 tate
289 481 451 528 spiritali
474 492 556 518 cum
579 482 764 518 tormento
786 491 859 517 non
875 479 1014 527 integri
1031 478 1197 526 corporis
1214 478 1392 516 dimicare
1410 490 1482 515 non
1501 478 1688 522 dubitant,

188 552 226 588 et
248 549 304 587 1111
328 550 407 587 sine
430 551 618 587 tormento
654 549 792 596 integri
825 560 907 586 esse
929 549 1010 586 sine
1028 548 1252 586 feminarum
1284 547 1518 585 dimidietate
1540 548 1687 585 detrac—

157 620 282 656 stant.
324 619 388 656 sed
411 618 592 655 aduersus
614 617 699 655 illos
730 617 960 664 comparatio
982 616 1088 654 nulla
1118 618 1176 654 est
1207 616 1379 654 facienda
1400 617 1444 654 de
1466 617 1618 662 nostris,
1641 628 1687 654 ne

183 687 423 726 consolentur
445 686 586 725 addicti
623 687 921 734 quibuscumque
957 686 1105 724 iudiciis
1137 685 1374 723 Christianis.
1418 685 1562 731 peiores
1598 686 1688 722 sunt

184 758 222 794 et
243 756 361 803 aliqui
383 755 626 802 memorandi,
649 757 690 793 ut
711 755 828 792 maior
852 766 972 802 poena
994 755 1045 792 sit
1066 767 1088 792 a
1109 755 1284 792 damnato
1317 754 1498 792 damnari.
1530 754 1688 791 Iudaeos

180 824 419 864 considerent
440 835 557 872 usque
579 824 690 862 hodie
712 836 778 872 pro
796 823 892 872 legis
913 824 1068 872 imperio
1092 824 1214 862 carnis
1246 835 1336 862 suae
1357 825 1503 872 partem
1525 824 1685 861 circum-

178 894 332 932 cisionis
354 893 604 932 cruciamento
638 895 813 931 truncare
830 895 867 932 et
897 893 1020 931 sciant
1037 893 1126 940 quid
1142 895 1370 939 mereantur,
1403 893 1468 940 qui
1490 891 1686 939 euangelio

134 973 166 998 10
180 963 332 1000 iubente
354 962 594 999 dissimulant
616 962 825 1000 circumcisi
861 961 1062 1000 mulierum
1083 962 1299 1010 praesentia
1334 973 1515 1010 peragere
1537 961 1686 999 Domini

181 1030 429 1076 uoluntatem,
447 1042 520 1068 non
535 1030 805 1078 intellegentes
825 1032 922 1078 quod
943 1030 1023 1078 ipse
1040 1030 1223 1069 Dominus
1233 1031 1390 1068 dixerit:
1418 1030 1515 1068 nisi
1542 1030 1684 1067 abun·

179 1099 598 1160 dauerit‘iustitia
628 1101 800 1137 uestra
829 1100 1110 1148 plusquam
1142 1100 1411 1138 scribarum
1441 1101 1486 1137 et
1518 1100 1683 1137 Phari-

179 1180 420 1215 saeorum,
443 1181 533 1207 non
574 1168 838 1207 intrabitis
860 1170 907 1206 in
939 1180 1139 1216 regnum
1170 1169 1424 1207 caelorum.
1457 1170 1547 1216 puto
1570 1168 1684 1206 etiam

182 1237 227 1275 de
250 1237 368 1275 Gallis
392 1238 470 1274 suis
487 1237 594 1275 nobis
616 1238 838 1276 idololatrae
860 1239 1131 1286 exprobranter
1153 1238 1358 1285 insultent,
1399 1238 1463 1285 qui
1485 1238 1682 1275 absciden-

132 1319 162 1343 15
177 1307 234 1344 tes
256 1308 374 1344 semet
396 1307 496 1353 ipsos
518 1307 681 1344 libenter
717 1307 945 1354 excruciant,
965 1308 1052 1345 dum
1073 1309 1181 1346 modo
1203 1319 1287 1345 cum
1309 1308 1443 1345 damno
1465 1308 1587 1344 status
1624 1306 1683 1343 sui

180 1375 465 1413 simulacrorum
487 1375 852 1414 dissimulationibus
883 1378 1052 1423 pareant.
1085 1376 1212 1415 clerici
1247 1379 1373 1415 autem
1403 1377 1524 1414 nostri
1546 1376 1594 1413 ad
1622 1376 1681 1413 lu-

181 1454 284 1481 crum
307 1443 428 1491 magis
450 1444 615 1491 corporis
647 1445 790 1491 proprii
816 1445 992 1483 damnum
1015 1445 1148 1483 uolunt
1185 1446 1384 1484 mulierum
1422 1457 1546 1484 secum
1583 1457 1681 1484 eom-

180 1511 407 1550 morantium
438 1512 637 1559 sustinere,
681 1525 774 1560 quas
812 1514 926 1551 etiam
964 1515 1008 1552 de
1045 1515 1260 1553 substantia
1294 1515 1447 1563 propria
1482 1515 1680 1563 oportebat

178 1581 340 1620 euellere
361 1611 369 1627 ‚
405 1583 436 1619 si
466 1594 549 1620 cum
573 1582 650 1620 illis
673 1583 776 1621 nasci
799 1583 1056 1632 contingeret,
1093 1595 1139 1622 ne
1176 1585 1382 1632 comparati
1413 1584 1623 1622 idololatris
1646 1586 1684 1622 et

133 1660 166 1686 20
182 1650 379 1698 sacrilegis
404 1651 681 1689 erubescerent.
722 1652 765 1690 de
789 1652 926 1700 quibus
964 1655 1002 1690 et
1022 1653 1204 1691 Dominus
1241 1656 1518 1702 contemptores
1556 1654 1681 1701 arguit

176 1719 329 1756 dicens:
372 1719 729 1767 prudentiores
780 1723 895 1758 sunt
946 1721 1048 1758 filii
1099 1723 1283 1761 saeculi
1345 1723 1489 1761 huius
1546 1723 1680 1760 filiis

174 1787 221 1824 lu
235 1787 317 1825 cis.
363 1799 451 1835 ergo
483 1789 624 1827 nostris
645 1790 791 1828 clericis
814 1791 950 1828 talium
971 1792 1129 1839 profana
1150 1793 1299 1831 deuotio
1322 1794 1380 1831 est
1402 1792 1678 1841 praeponenda,

179 1856 313 1903 quibus
337 1869 419 1894 cuni
443 1858 562 1895 tantis
585 1858 712 1896 exitiis
736 1859 914 1898 amabilia
935 1862 1024 1898 sunt
1045 1862 1172 1909 turpia
1193 1862 1415 1900 sacerdotia.
1440 1861 1567 1900 clerici
1587 1872 1676 1900 uero

176 1935 242 1972 pro
265 1925 451 1972 dignitate
474 1927 675 1965 sacerdotii
698 1929 876 1966 caelestis
893 1941 966 1968 non
985 1931 1206 1978 sanguinem
1226 1931 1402 1978 fundunt,
1424 1943 1498 1969 non
1514 1931 1678 1970 tolerant

121 2002 153 2028 25
173 1992 325 2039 ferrum,
369 2005 442 2031 non
484 1997 543 2033 est
584 1996 734 2043 aliquod
783 1996 934 2043 uulnus,
976 2010 1050 2035 non
1090 2001 1149 2036 est
1189 1999 1326 2048 aliquis
1367 1999 1569 2047 cruciatus,
1611 2000 1676 2037 sed

171 2061 274 2098 solus
288 2073 349 2099 eos
364 2065 494 2100 contra
510 2063 709 2102 Dominum
725 2065 886 2104 feminae
903 2068 1020 2104 torret
1035 2069 1223 2115 aspectus.
1248 2069 1300 2106 sic
1317 2068 1355 2106 in
1372 2069 1532 2107 feminas
1549 2070 1675 2114 ruunt,

171 2129 226 2167 sic
249 2129 407 2168 feminas
445 2133 584 2178 amant,
620 2134 663 2170 ut
683 2144 756 2171 non
780 2137 932 2182 sperent
963 2136 1199 2175 manifestari
1220 2137 1434 2176 dilectionis
1457 2149 1545 2176 suae
1567 2149 1676 2185 posse

169 2199 390 2246 quandoque
408 2212 501 2247 pura
517 2202 712 2253 mysteria,
737 2203 834 2241 sicut
850 2215 917 2251 per
934 2206 1147 2244 consimiles
1165 2218 1291 2245 eorum
1307 2207 1468 2254 turpiter
1479 2206 1673 2254 publicata

261 2321 300 2354 11
328 2321 456 2355 Matth.
484 2324 515 2363 ἵ),
542 2324 593 2357 20.
736 2326 777 2359 21
806 2326 886 2360 Luc.
916 2327 968 2369 16,
994 2328 1024 2361 8.

258 2446 276 2478 1
305 2447 514 2481 abscindant
542 2460 558 2481 v
701 2452 721 2484 2
748 2452 994 2495 gluttinantur
1025 2454 1053 2488 C
1203 2455 1224 2488 3
1249 2466 1316 2488 non
1351 2458 1378 2485 (v
1402 2469 1426 2487 s.
1454 2455 1478 2489 l.
1620 2455 1672 2488 in-

166 2502 277 2546 tegra
310 2504 338 2537 C
475 2505 495 2538 4
523 2505 722 2541 detrectant
747 2519 766 2542 v
907 2511 927 2543 6
953 2510 1183 2545 consulentur
1209 2511 1252 2546 C¹
1396 2513 1414 2546 7
1440 2512 1606 2546 damnato
1634 2512 1671 2552 C,

165 2558 371 2594 detruncato
397 2573 416 2596 v
571 2566 592 2598 8
620 2564 699 2598 circ.
727 2567 963 2602 cruciamento
995 2568 1040 2611 C,
1066 2569 1327 2602 circumcisione
1351 2580 1373 2603 v
1529 2569 1571 2603 14
1596 2569 1668 2602 ido-

166 2615 275 2650 latrae
302 2618 330 2651 C
354 2620 430 2652 trae
455 2630 481 2653 s.
508 2620 528 2653 ἶ.
656 2622 832 2656 insultant
858 2624 902 2658 C¹
1037 2625 1282 2660 abscindentes
1307 2637 1328 2660 v
1452 2627 1495 2660 19
1521 2626 1669 2660 euellere

165 2675 351 2716 oportebat
375 2686 395 2709 v
526 2679 719 2722 comparati
745 2690 810 2713 om.
837 2680 866 2714 0
1004 2682 1167 2716 idolatris
1200 2684 1230 2718 C
1359 2684 1404 2718 22
1429 2694 1511 2728 crgo
1537 2684 1667 2717 nostris

169 2731 199 2766 C
222 2732 262 2765 ‘in
288 2743 360 2766 ras.
386 2745 430 2767 m.
457 2736 480 2769 2
641 2737 684 2770 26
710 2748 768 2771 eos
794 2748 859 2773 om.
885 2751 906 2774 υ
1061 2742 1175 2775 torret
1200 2742 1341 2785 scripsi,
1368 2744 1476 2776 terret
1506 2742 1541 2782 C,
1569 2743 1668 2775 tenet

165 2789 255 2822 coni.
285 2789 471 2824 Pamclius
579 2793 623 2827 27
650 2794 799 2828 feminas
826 2796 855 2830 C
878 2806 899 2830 a
922 2797 964 2832 in
990 2808 1061 2833 ras.
1172 2798 1217 2833 28
1241 2799 1450 2844 quandoque
1474 2809 1576 2843 posse
1601 2810 1622 2833 v

162 2854 248 2886 pura
274 2846 312 2886 C,
339 2846 476 2890 impura
502 2851 594 2884 conl.
624 2851 809 2886 Pamelms

298 2919 324 2946 A
348 2919 400 2948 111
1340 2922 1387 2957 14
