2032 3248
797 258 929 292 Liber
963 258 1002 291 v.
1561 260 1642 301 205

152 374 338 414 sumatur
368 385 442 413 nec
472 372 619 414 habeat
649 372 770 414 finem
803 374 958 414 certum
991 373 1031 414 in
1070 386 1147 426 quo
1178 374 1235 414 rei
1274 386 1376 426 quae
1407 374 1557 415 dicitur
1589 374 1642 415 sit

152 441 230 482 fixa
261 441 382 493 atque
414 441 589 482 immota
620 441 832 490 sententia,
865 442 1081 494 unicuique
1113 442 1287 483 liberum
1319 444 1380 483 est
1411 442 1453 483 in
1490 443 1532 483 id
1564 455 1641 495 quo

152 509 253 551 uelit
283 511 495 551 adtrahere
526 510 741 552 lectionem
773 511 812 551 et
840 510 1051 551 adfirmare
1073 510 1113 551 id
1135 510 1313 562 positum
1345 512 1386 551 in
1416 511 1520 563 quod
1549 524 1641 552 eum

151 591 223 621 sua
255 578 430 632 suspicio
462 580 502 619 et
533 578 762 619 coniectura
793 578 1012 631 opinabilis
1043 578 1218 619 duxerit.
1261 579 1367 630 quod
1398 592 1489 620 cum
1512 580 1570 620 ita
1601 592 1641 619 se

123 648 318 696 shabeat‚
361 647 429 699 qui
470 647 642 699 potestis
673 659 736 688 res
774 647 903 688 certas
936 648 1054 688 rebus
1085 647 1133 688 ab
1166 647 1300 688 dubiis
1331 660 1490 687 sumere
1522 649 1642 699 atque

150 728 272 756 unam
304 715 523 767 adiungere
554 714 892 768 significationem
923 715 1032 755 dicto
1063 715 1168 767 quod
1200 727 1268 767 per
1296 714 1436 756 modos
1468 715 1642 757 uideatis

150 784 381 825 innumeros
414 783 713 835 expositionum
754 783 956 824 uarietate
989 782 1163 823 deduci?
1209 782 1381 835 denique
1412 783 1445 824 si
1478 784 1709 825 adcom-35

150 853 314 894 modum
348 852 511 899 ducitis,
545 851 669 892 etiam
699 852 804 892 illud
836 864 859 892 a
879 852 994 892 uobis
1017 851 1191 903 repetita
1212 851 1529 905 interrogatione
1551 864 1643 893 con-

150 922 362 974 quirimus,
395 931 584 961 omnesne
623 920 695 960 has
731 919 891 960 fabulas
913 919 1157 960 existimetis
1187 919 1228 960 id
1249 920 1310 960 est
1331 919 1513 973 singulas
1537 922 1643 962 totas

106 988 387 1031 mambifarias
429 1001 474 1029 ac
514 988 719 1042 bilingues
761 989 801 1029 et
841 988 1126 1040 uersipellibus
1167 1001 1250 1029 esse
1300 989 1471 1041 scriptas
1512 989 1643 1030 modis

149 1071 198 1099 an
230 1058 330 1099 alias
362 1069 500 1098 earum
532 1059 667 1109 partes
700 1056 803 1096 nihil
825 1056 1064 1110 ambiguum
1086 1056 1228 1106 dicere,
1262 1057 1362 1097 alias
1385 1070 1477 1098 uero
1500 1057 1644 1098 multi-

148 1127 249 1168 fidas
280 1127 402 1178 atque
433 1125 640 1178 allegorici
672 1125 869 1178 tegminis
908 1125 1202 1178 superiectione
1242 1125 1429 1167 uel-atas?
1470 1126 1501 1166 si
1535 1126 1643 1166 enim

148 1196 199 1236 ad
240 1195 363 1236 finem
394 1207 417 1235 a
448 1194 580 1247 capite
622 1195 756 1235 textus
798 1194 932 1234 omnis
974 1194 1235 1246 expositionis
1267 1195 1307 1235 et
1337 1194 1459 1235 series
1501 1194 1643 1234 obten-

148 1263 327 1305 tionibus
349 1263 580 1316 allegoricis
603 1262 739 1303 clausa
762 1263 870 1311 sunt,
903 1261 1154 1312 edissertate,
1187 1264 1422 1311 monstrate,
1455 1263 1551 1314 quid
1573 1274 1643 1315 pro

106 1334 267 1374 151'ObUS
308 1331 500 1385 singulis,
543 1343 642 1383 quas
684 1343 947 1383 unaquaeque
980 1331 1183 1383 eloquitur
1224 1331 1375 1380 fabula,
1419 1343 1643 1384 supponere

148 1401 366 1442 debeamus
398 1401 438 1441 et
468 1412 651 1452 promere
683 1412 862 1452 quasque
893 1400 934 1439 in
966 1412 1028 1440 res
1060 1399 1162 1441 alias
1195 1401 1316 1452 atque
1338 1400 1643 1454 intellegentias

149 1482 304 1510 uocare.
351 1470 396 1509 ut
428 1468 538 1509 enim
571 1469 709 1509 Iouem
740 1480 810 1521 pro
844 1469 1005 1521 pluuia,
1049 1467 1234 1509 Cererem
1276 1468 1389 1509 uerbi
1420 1481 1540 1509 causa
1571 1480 1642 1520 pro

147 1537 255 1578 terra
287 1537 414 1577 uultis
448 1536 588 1577 audire
620 1538 660 1577 et
689 1549 761 1588 pro
793 1536 938 1577 Libera
968 1548 1013 1577 ac
1044 1539 1157 1588 patre
1189 1537 1283 1577 Dite
1322 1537 1642 1577 submersionem

149 1606 316 1647 seminis
348 1606 468 1657 atque
500 1607 526 1656 †
558 1605 679 1655 iactu,
713 1606 771 1645 ita
802 1605 933 1645 dicere
965 1616 1036 1645 uos
1068 1605 1268 1657 conuenit,
1302 1605 1398 1657 quid
1430 1618 1499 1657 pro
1528 1606 1642 1645 tauro

103 1672 159 1729 20!
195 1674 411 1715 debeamus
443 1674 644 1727 accipere,
684 1673 781 1726 quid
813 1685 883 1727 pro
916 1673 1196 1726 indignatione
1229 1673 1386 1714 Cereris
1418 1676 1539 1726 atque
1570 1674 1641 1723 ira,
1657 1676 1774 1711 [neb

149 1742 247 1795 quid
279 1742 356 1782 sibi
390 1742 490 1782 uelit
520 1742 661 1782 Brimo
694 1743 887 1791 uerbum,
919 1742 1017 1794 quid
1048 1742 1158 1783 Iouis
1190 1743 1357 1783 solliciti
1388 1742 1642 1794 supplicatio,

149 1810 245 1863 quid
287 1810 456 1864 allegati
499 1810 664 1851 caelites
706 1824 778 1851 nec
818 1811 968 1859 auditi,
1014 1811 1110 1863 quid
1152 1811 1334 1851 exsectus
1377 1811 1501 1858 aries,
1546 1810 1642 1862 quid

149 1878 298 1919 exsecti
339 1878 477 1918 arietis
519 1879 673 1930 proles,
720 1878 818 1930 quid
860 1878 1087 1919 satisfactio
1128 1878 1192 1919 his
1235 1879 1360 1921 facta.
1408 1878 1505 1930 quid
1541 1891 1642 1930 quae

149 1959 288 1987 rursus
320 1948 434 2000 gesta
473 1947 567 1987 sunt
599 1946 770 1987 libidine
811 1947 1042 1987 obsceniore
1081 1960 1175 1987 cum
1214 1947 1329 1987 tilia?
1376 1946 1643 1986 consimiliter

103 2032 133 2056 25
149 2015 189 2056 et
230 2014 272 2054 in
315 2016 447 2055 altera
488 2014 628 2055 fabula
659 2014 826 2055 Hennae
867 2026 1009 2054 nemus
1051 2015 1091 2055 et
1130 2013 1247 2055 flores
1280 2015 1375 2066 quid
1407 2015 1509 2065 sint,
1543 2014 1640 2066 quid

149 2086 337 2135 sumptus
370 2082 476 2136 ignis
508 2095 553 2123 ex
584 2083 718 2125 Aetna
750 2082 1123 2134 conprehensaeque
1154 2083 1233 2123 isto
1256 2082 1375 2133 faces,
1407 2082 1503 2134 quid
1526 2094 1641 2134 pera-

195 2297 211 2329 1
239 2307 326 2339 quae
354 2296 437 2337 Sub,
464 2307 502 2328 r:
541 2297 600 2339 qui
627 2296 662 2329 P
846 2298 900 2329 set
934 2296 968 2329 P
992 2306 1072 2329 corr
1097 2299 1124 2328 (ι’
1309 2299 1329 2329 2
1361 2296 1451 2339 quod
1479 2296 1550 2329 Sub

146 2354 167 2387 3
193 2354 296 2387 uellit
321 2355 354 2386 P
528 2353 548 2386 5
574 2364 594 2386 a
620 2353 690 2387 Sub
866 2354 887 2386 8
913 2353 1029 2386 ductis
1064 2354 1097 2386 1¹
1121 2364 1203 2387 corr
1229 2357 1257 2387 c‘
1434 2354 1454 2386 9
1479 2363 1641 2386 omnesne

146 2410 353 2444 Heruldus:
379 2421 496 2443 omnes
515 2409 555 2442 do
574 2410 608 2443 P
732 2409 784 2442 liis
805 2412 845 2445 ε’,
865 2410 937 2443 Sub
962 2410 1016 2443 (lis
1034 2410 1221 2443 Meum-ms
1344 2409 1377 2442 id
1404 2412 1457 2442 ost
1482 2409 1640 2453 singulas

146 2467 202 2501 ἀεὶ
220 2467 407 2501 Mem-sius
510 2467 552 2500 10
568 2466 770 2499 ambifarias
791 2467 881 2500 Sub:
901 2467 1092 2500 ambifarias
1112 2468 1146 2500 P
1247 2468 1284 2500 11
1305 2467 1497 2509 ambiguum
1519 2467 1552 2499 1¹

147 2524 189 2557 16
215 2523 469 2567 intelligentias
497 2524 583 2557 Sub:
611 2523 857 2565 intellegvntia
877 2524 911 2557 P
1048 2524 1088 2556 17
1114 2534 1235 2557 uocare
1254 2524 1345 2557 Sub:
1371 2535 1492 2557 uacare=
1518 2524 1551 2556 P

146 2580 223 2613 uebi
241 2581 275 2613 P
288 2591 367 2614 corr
461 2581 503 2614 18
520 2580 647 2614 Libera
664 2591 692 2619 r,
713 2581 760 2613 II.
781 2581 950 2613 Gratim:
967 2581 1076 2614 libero
1096 2582 1130 2614 P
1223 2581 1264 2614 19
1284 2580 1414 2613 iactum
1430 2580 1510 2618 Sub,
1532 2591 1550 2613 r

145 2637 188 2670 21
216 2638 325 2671 uaelit
351 2638 384 2670 P
409 2648 490 2672 corr
650 2637 769 2670 Brimo
802 2637 899 2671 (lue'l.
932 2639 1128 2672 eumerus.-
1162 2638 1273 2680 primo
1300 2639 1332 2669 P
1490 2638 1533 2670 ‘22
1559 2636 1637 2669 alli-

147 2694 221 2738 gati
248 2695 281 2727 P
302 2706 382 2728 corr
406 2706 423 2729 c
576 2695 619 2728 253
645 2705 709 2737 que
735 2696 768 2726 P
790 2705 871 2727 corr
897 2697 924 2728 ε’
1074 2696 1117 2728 25
1142 2695 1283 2727 Hennae
1309 2694 1427 2728 Sulm:
1464 2694 1579 2726 henna
1606 2694 1640 2726 P

147 2751 287 2784 Ennaca
313 2753 384 2785 Sub
530 2762 649 2785 nemus
677 2751 766 2785 Sub:
791 2751 910 2785 demus
936 2752 971 2785 P
1119 2751 1162 2785 26
1187 2753 1269 2785 etna
1296 2751 1330 2784 P
1477 2761 1638 2794 conprae-

146 2807 364 2852 hensaequae
391 2810 426 2842 P
564 2809 650 2842 istae
677 2808 749 2842 δαὶ)
