2032 3248
383 229 512 258 LXXX

381 323 472 361 erat
506 320 621 373 apud
656 334 718 361 rne
752 320 877 362 huius
912 334 1066 374 quoque
1100 322 1294 374 epistolae
1332 322 1402 380 (21
1440 322 1562 379 (licit)
1598 324 1646 365 in
1682 325 1891 368 codicibus

381 395 537 436 duobus
576 394 821 447 eoeernplurn,
860 396 931 438 sed
965 396 1070 437 nn're
1104 400 1356 449 corruptum.
1397 398 1593 451 epistulas
1629 412 1724 442 uero
1760 412 1888 443 nouas

381 469 593 511 Latinium
627 483 674 511 ex
705 470 911 512 codicibus
946 471 1204 525 interpolatis
1241 472 1302 514 ita
1338 472 1575 516 emendasse
1609 474 1657 515 ut
1687 474 1807 516 modo
1840 488 1887 517 ex

381 544 456 586 hoc
484 544 604 586 modo
627 557 673 585 ex
693 544 768 587 illo
789 557 892 598 quae
913 546 1010 599 apta
1031 546 1272 588 uiderentur
1292 547 1477 601 eligeret,
1510 548 1677 602 grauius
1699 550 1889 602 corrupta

381 619 508 661 etiam
540 620 753 673 resecaret,
789 620 987 661 nonnulla
1015 620 1248 663 coniectura
1277 622 1469 672 tentaret,
1501 635 1595 664 mea
1625 623 1888 666 adnotatione

381 706 475 735 cum
508 694 625 736 illius
661 694 840 736 editione
876 696 1112 748 comparata
1146 696 1261 737 nullo
1292 696 1458 750 negotio
1489 697 1660 751 quisque
1689 698 1888 748 inueniet,

380 768 521 810 nullus
557 769 768 823 probabit:
804 783 901 811 nam
936 770 1181 811 recentiores
1217 770 1374 812 codices
1409 782 1549 812 omnes
1584 771 1655 825 qui
1690 771 1888 825 epistulas

380 842 475 885 illas
506 844 714 886 continent
734 857 781 886 ex
802 856 881 885 uno
909 844 1015 886 libro
1042 843 1209 886 fluxisse
1240 857 1363 898 supra
1384 844 1440 899 (p.
1463 845 1599 886 XLVI
1620 846 1697 899 sq.)
1719 846 1889 888 demon-

380 918 560 960 stratum
598 919 672 960 est.
711 931 834 972 quare
870 919 1095 972 scripturas
1129 919 1398 961 Manutianae
1431 920 1636 974 plerisque
1675 920 1776 962 locis
1816 934 1890 974 per

380 993 560 1046 reliquas
600 993 800 1036 editiones
838 994 1086 1048 propagatas
1125 1005 1205 1035 non
1244 995 1452 1036 annotaui.
1505 995 1687 1037 ceterum
1729 995 1888 1037 codices

381 1080 404 1110 a
424 1068 586 1110 Latinio
618 1068 825 1111 adhibitos
857 1069 958 1111 duos
989 1082 1055 1110 me
1085 1070 1255 1111 nactum
1285 1081 1371 1110 esse
1399 1070 1512 1123 puto.
1547 1069 1595 1111 de
1626 1081 1705 1111 uno
1733 1082 1797 1111 res
1825 1071 1890 1112 est

381 1143 623 1194 certissima,
646 1143 893 1186 Vaticanum
916 1141 984 1201 (cp)
1007 1143 1097 1186 dico
1117 1157 1155 1186 n.
1182 1144 1276 1197 199,
1307 1144 1423 1186 cuius
1444 1144 1639 1186 lectiones
1660 1143 1703 1184 in
1725 1143 1888 1185 Biblio-

379 1216 495 1259 theca
529 1231 654 1259 saera
684 1217 840 1272 passim
871 1218 1094 1271 exscriptae
1126 1218 1360 1268 occurrunt;
1397 1218 1503 1260 alter
1532 1218 1636 1260 mihi
1667 1218 1887 1260 Monacen-

380 1292 436 1333 sis
474 1290 541 1347 (μ)
578 1292 756 1342 uidetur,
798 1292 869 1345 qui
906 1287 945 1334 ‘a
979 1292 1128 1334 Ioanne
1169 1293 1335 1335 Troster
1375 1293 1559 1336 Venetiis
1599 1306 1624 1336 3
1658 1292 1889 1335 Cartalario

381 1366 556 1420 Caspare
589 1379 692 1408 311110
727 1367 836 1409 1462
869 1367 1021 1410 ultima
1052 1367 1162 1409 Iunii
1192 1379 1264 1420 pro
1294 1367 1378 1408 XII
1412 1367 1571 1409 ducatis
1602 1360 1778 1421 emptus'
1812 1368 1888 1410 est.

381 1442 487 1483 certe
509 1454 555 1483 ex
572 1454 616 1484 eo
633 1443 700 1484 uel
720 1443 807 1484 eius
828 1442 1060 1497 apographo
1081 1442 1235 1483 librum
1258 1440 1323 1483 De
1344 1442 1590 1494 spectaculis
1609 1443 1651 1484 et
1672 1441 1885 1495 Cypriani

380 1516 516 1557 uitam
548 1530 628 1569 per
667 1516 868 1558 Pontium
907 1517 996 1558 eius
1034 1516 1258 1558 diaconum
1303 1517 1461 1570 primus
1509 1516 1641 1558 edidit
1680 1517 1885 1558 Latinius.

380 1591 549 1633 maioris
569 1591 769 1633 momenti
790 1591 915 1633 editio
933 1592 996 1633 est
1012 1591 1055 1632 in
1071 1591 1241 1644 reliquis
1263 1591 1451 1644 operibus
1469 1589 1661 1644 Cypriani
1682 1591 1888 1645 genuinis,

381 1677 555 1719 quorum
583 1666 634 1708 ad
656 1665 982 1707 emendationem
1011 1664 1297 1707 uetustissima
1325 1664 1573 1718 exemplaria
1602 1666 1891 1720 congesserant

382 1742 423 1782 et
444 1740 635 1782 Latinius
657 1742 697 1782 et
719 1739 886 1782 Carolus
907 1740 1190 1790 Borromaeus‚
1227 1740 1343 1782 cuius
1366 1739 1415 1781 de
1436 1752 1556 1794 opera
1576 1740 1619 1781 in
1639 1739 1891 1792 praefatione

382 1815 432 1857 ad
457 1815 596 1868 ipsum
614 1815 771 1868 scripta
791 1815 890 1856 haec
910 1814 1133 1857 habentur:
1155 1816 1443 1866 praestantem
1458 1813 1515 1855 acl
1531 1814 1628 1856 bene
1648 1813 1891 1855 merendum

381 1892 562 1931 naturae
594 1889 917 1942 propensionem
956 1888 1238 1943 aynoscebam,
1278 1889 1352 1941 qui
1391 1891 1498 1930 totus
1533 1889 1582 1929 in
1617 1902 1708 1929 eam
1743 1901 1891 1930 euram

381 1964 632 2014 incubueris,
653 1966 699 2004 ut
720 1964 863 2005 onznia
888 1962 1097 2017 Cypriani
1118 1963 1289 2015 scripta,
1309 1963 1474 2004 mendis
1494 1966 1621 2005 antea
1640 1963 1888 2016 deformata,

381 2052 496 2081 nunc
523 2039 573 2080 in
599 2041 773 2081 ueterem
800 2037 924 2079 illam
952 2038 1233 2092 inteyritatern
1254 2051 1303 2079 ac
1323 2038 1509 2090 speciem,
1537 2038 1732 2080 accersito
1760 2037 1887 2078 etiam

394 2113 555 2155 Verona
583 2114 717 2154 mirae
737 2113 956 2154 uetustatis
976 2112 1220 2165 exemplari,
1247 2115 1447 2154 accurata
1467 2112 1676 2154 doctorum
1695 2112 1888 2153 uirorum

381 2188 600 2230 industria
627 2188 952 2230 restituerentur.
991 2187 1043 2229 ad
1064 2187 1338 2229 Veronensem
1360 2187 1694 2229 uetustissimum
1715 2185 1888 2228 accessit

383 2265 696 2306 Beneuentanus
730 2263 798 2304 uel
825 2262 1121 2315 Neapolitanus
1153 2262 1402 2316 optimorum
1434 2275 1552 2304 unus.
1589 2262 1705 2303 textu
1734 2260 1785 2302 ad
1813 2259 1889 2301 hos

384 2340 572 2380 accurate
619 2338 821 2392 castigato
862 2349 955 2379 cum
993 2336 1183 2378 Latinius
1224 2337 1364 2377 contra
1404 2335 1650 2389 scriptorum
1690 2334 1890 2375 librorum

383 2412 508 2455 fidem
536 2413 734 2455 nonnulla
764 2412 936 2462 retenta,
964 2411 1103 2465 aliqua
1131 2410 1285 2461 addita,
1320 2423 1444 2463 quam
1463 2409 1644 2463 plurima
1663 2408 1890 2450 immutata

384 2487 557 2541 uideret,
597 2499 745 2529 nomen
780 2500 901 2529 suum
936 2486 979 2527 in
1015 2485 1193 2527 editione
1214 2498 1237 2527 a
1258 2484 1447 2526 Manutio
1482 2494 1562 2524 non
1595 2494 1762 2535 passum
1799 2493 1888 2523 esse

385 2561 563 2603 adscribi
602 2562 691 2615 ipse
730 2561 772 2603 in
813 2559 990 2613 epistula
1030 2559 1081 2601 ad
1115 2559 1308 2609 Masium,
1350 2558 1464 2599 cuius
1504 2556 1630 2598 uerba
1669 2569 1708 2609 p.
1740 2556 1778 2597 X
1813 2568 1883 2598 ex-

385 2635 542 2689 scripsi,
564 2636 703 2678 narrat
723 2636 764 2678 et
785 2634 921 2677 Caroli
942 2634 1207 2676 Vicecomitis
1227 2633 1392 2675 litterae
1415 2631 1569 2686 (lettere
1590 2632 1645 2672 45
1667 2630 1712 2671 cla·
1736 2630 1890 2671 Trento

390 2707 550 2750 XXII.
573 2708 743 2762 Giuyno
772 2709 815 2750 in
842 2708 1005 2750 Baluzii
1028 2707 1209 2748 Miscell.
1242 2707 1303 2749 ed.
1331 2705 1466 2747 Mansi
1494 2705 1560 2746 III
1591 2718 1629 2758 p.
1659 2704 1763 2759 472)
1795 2716 1890 2746 con-

385 2782 563 2824 firmant.
601 2783 699 2825 inde
731 2783 815 2825 iam
845 2783 963 2837 patet
992 2782 1035 2823 in
1064 2781 1307 2823 Manutiana
1336 2780 1515 2821 editione
1540 2778 1786 2821 Veronensis
1818 2779 1889 2820 de-

384 2857 537 2910 perditi
566 2857 791 2911 scripturas
821 2857 1034 2909 conplures
1063 2856 1192 2898 latere
1220 2866 1322 2908 quas
1343 2866 1483 2896 eruere
1503 2853 1617 2895 nullo
1639 2853 1759 2894 modo
1780 2852 1888 2893 licet.
