2032 3248
352 209 438 251 290

355 321 530 356 historiae
547 322 578 365 6,
593 323 647 357 25.
667 322 744 364 173,
758 323 790 358 3.
818 321 894 364 187,
909 322 943 357 5.
961 321 1036 364 202,
1051 321 1106 355 26.

402 379 481 422 271,
495 380 526 414 6.
551 379 678 420 277,3.
703 379 848 421 280,18.
875 378 954 422 283,
970 379 1013 413 12
1044 389 1108 412 an=

403 437 588 482 tiquitatis
613 437 790 472 historiae
816 437 892 478 189,
911 435 954 470 21

354 496 529 530 Homerus
556 495 633 537 161,
651 495 706 531 16.
723 495 769 529 26

355 564 459 598 quem
479 552 624 598 quidem
648 552 782 587 locum.
797 577 805 585 .
820 551 1002 586 .h0mines
1027 560 1106 595 pec-

403 611 493 646 toris
530 610 608 645 uiui
649 611 724 645 tam
762 608 935 644 Romanis
974 607 1108 642 litteris

402 668 620 713 explicauere
648 678 755 712 quam
780 665 926 701 Graecis
952 665 1028 708 115,
1042 665 1086 699 29

354 727 635 771 indigitamenta
661 724 889 769 Pompiliana
915 723 992 766 107,
1007 723 1052 757 25

356 785 569 830 interpretes
594 783 695 826 sacri,
728 782 846 817 diuini
877 781 965 815 iuris
991 781 1046 823 18,
1066 780 1109 815 12

401 842 612 878 Graecorum
637 841 851 885 interpretes
879 839 955 881 131,
972 838 1017 872 22

352 900 563 935 Iudaeorum
580 900 724 934 litterae
744 898 823 940 119,
839 898 882 932 27

354 958 553 993 Leandrius
578 957 656 1000 219,
675 957 696 990 1

352 1016 449 1053 Leon
474 1016 637 1051 Pellaeus
663 1014 741 1058 165,
759 1014 804 1048 15

354 1075 443 1111 libri
467 1072 695 1110 Acherontici
719 1072 775 1115 98,
793 1071 815 1105 1
851 1069 1026 1105 reconditi
1043 1079 1105 1103 an—

401 1132 618 1178 tiquitatum
644 1130 731 1165 libri
755 1129 832 1172 177,
851 1127 896 1162 10
919 1126 1007 1162 libri
1023 1135 1109 1171 quos

401 1191 444 1226 de
468 1190 538 1225 diis
562 1189 704 1224 habetis
730 1186 944 1231 compositos
971 1184 1109 1219 theolo-

402 1259 541 1294 gorum,
584 1245 814 1292 pontificum,
856 1241 1109 1277 nonnullorum

399 1306 509 1341 etiam
533 1302 781 1350 philosophiae
805 1301 1007 1336 deditorum
1032 1298 1108 1339 156,

402 1364 446 1398 10

356 1422 524 1466 antiquae
540 1420 684 1455 litterae
704 1420 781 1462 198,
798 1420 821 1454 5
861 1417 1047 1453 doctorum
1071 1417 1109 1450 in

399 1478 535 1513 litteris
561 1478 765 1513 continetur
783 1476 860 1517 107,
877 1476 923 1510 25
962 1475 1108 1509 Iudaeo-

398 1547 479 1572 rum
506 1536 649 1570 litterae
680 1535 757 1576 119,
774 1534 816 1568 27
854 1533 999 1568 litterae
1019 1531 1107 1576 pris-

400 1605 458 1629 cae
484 1594 516 1635 6,
542 1593 586 1627 16
610 1593 752 1627 litterae
775 1592 917 1626 uestrae
943 1590 1108 1634 (ethnico-

400 1653 494 1695 rum)
511 1651 590 1695 109,
606 1650 660 1685 14.
686 1649 832 1691 148,18.
859 1648 935 1691 163,
948 1647 1005 1682 23.
1030 1647 1108 1689 211,

401 1709 455 1743 13.
480 1709 559 1751 278,
576 1708 623 1743 24

355 1766 516 1801 Lucilius
556 1765 633 1807 190,
653 1765 696 1799 15
732 1763 941 1798 Lucilianus
976 1761 1108 1796 Fornix

400 1825 455 1866 51,
471 1824 517 1858 24

356 1881 461 1916 Musa
485 1882 526 1916 ut
551 1879 735 1925 praedicat
759 1878 928 1914 Lucretia
952 1878 1029 1922 118,
1043 1878 1087 1912 18

355 1938 530 1974 Manilius
558 1939 636 1980 136,
653 1938 708 1973 24.
736 1937 813 1980 137,
833 1937 887 1971 16.
906 1936 949 1971 19

355 1995 581 2032 memorialia
598 1995 733 2040 scripta
748 1995 828 2037 222,
847 1995 891 2029 12

355 2054 519 2089 Mnaseas
539 2054 615 2097 135,
631 2053 687 2090 27.
712 2053 791 2095 136,
807 2052 830 2086 4

354 2111 526 2156 Myrtilus
551 2111 631 2153 136,
647 2111 680 2147 4.
707 2110 784 2154 161,
803 2110 824 2144 9

354 2169 550 2214 Nicagoras
576 2167 729 2213 Cyprius
755 2168 832 2210 165,
851 2167 894 2202 14

355 2226 527 2271 Nigidius
546 2226 625 2269 133,
645 2227 699 2260 18.
724 2225 801 2267 138,
817 2226 838 2259 3
854 2224 949 2259 idem
965 2224 1003 2258 in
1017 2224 1109 2258 libro

402 2285 500 2318 serto
527 2285 564 2318 et
589 2283 724 2318 decimo
750 2283 829 2324 138,
847 2282 870 2316 5
905 2281 944 2316 in
960 2281 1109 2316 diuersis

401 2340 573 2385 Nigidius
599 2339 742 2385 scriptis
767 2339 844 2383 139,
870 2339 892 2373 2

357 2398 486 2442 Orphei
523 2408 646 2432 uersus
683 2397 827 2439 197,16
851 2407 927 2441 sqq.
970 2396 1044 2430 suis
1070 2396 1108 2430 in

402 2455 621 2489 carminibus
646 2454 817 2489 Thracius
844 2454 920 2494 191,
948 2454 992 2488 12
1023 2452 1108 2488 libri

403 2511 557 2547 Threicii
581 2512 679 2547 uatis
705 2512 781 2553 197,
802 2512 843 2546 11

356 2570 546 2615 Panyassis
573 2571 653 2614 161,
669 2570 713 2604 27

356 2627 543 2662 Patroclus
568 2627 724 2661 Thurius
750 2627 827 2669 162,
852 2626 873 2659 9

357 2684 521 2718 nonnulli
546 2683 792 2728 philosophiae
822 2683 936 2718 dediti
969 2684 1045 2727 156,
1067 2685 1109 2719 12

403 2741 548 2785 quidam
567 2741 844 2786 philosophandi
857 2741 977 2776 studio
996 2741 1110 2776 dediti

403 2799 459 2841 21,
478 2799 521 2832 13
545 2800 583 2832 in
601 2798 846 2843 philosophiae
863 2799 1109 2834 memorabiles

404 2855 524 2890 studio
542 2856 649 2899 atque
674 2855 719 2890 ad
743 2856 847 2890 istius
874 2856 1028 2891 nominis
1054 2866 1111 2891 co-

1077 207 1212 242 Index

1226 322 1345 357 lumen
1379 323 1479 358 uobis
1516 324 1762 358 laudatoribus
1795 326 1927 359 eleuati

1226 380 1301 423 134,
1320 381 1363 415 18

1179 436 1483 483 Philostephanus
1507 439 1546 473 in
1570 437 1752 484 Cypriacis
1780 440 1856 481 233,
1875 441 1896 474 8

1177 493 1348 529 Boeotius
1373 495 1551 530 Pindarus
1578 495 1655 538 161,
1672 496 1695 531 4

1177 550 1261 586 Piso
1288 553 1366 595 136,
1385 554 1438 588 19.
1465 553 1541 597 137,
1559 554 1581 587 8

1177 608 1280 644 Plato
1292 610 1387 652 7,13.
1406 610 1461 653 77,
1478 611 1534 647 12.
1558 611 1614 654 89,
1632 612 1675 647 18
1700 613 1773 647 suis
1784 613 1821 647 in
1834 623 1926 648 com-

1223 668 1407 702 mentariis
1445 668 1477 712 9,
1496 670 1539 704 16
1576 670 1614 704 in
1642 670 1789 704 Menone
1813 670 1867 714 67,
1885 672 1928 705 14

1223 725 1262 759 in
1279 735 1318 759 eo
1335 725 1516 761 uolumine
1532 727 1626 771 quod
1651 727 1694 762 de
1719 728 1858 762 animae
1873 728 1928 762 in-

1223 783 1447 817 mortalitate
1479 784 1677 828 composuit
1710 785 1765 826 58,
1782 785 1827 820 26
1867 785 1927 820 So-

1223 842 1335 875 crates
1360 840 1399 875 in
1424 841 1580 876 Phaedro
1605 842 1723 885 52,16
1760 842 1864 877 Plato
1889 844 1927 877 in

1224 897 1385 933 Phaedro
1413 898 1464 942 75,
1489 900 1533 933 21
1570 900 1607 933 in
1633 900 1784 935 Politico
1810 900 1867 943 58,
1886 901 1927 935 10

1224 955 1264 989 in
1279 955 1474 990 Theaeteto
1487 957 1542 999 52,
1551 957 1606 992 26.
1633 958 1690 1001 58,
1707 958 1730 992 5
1753 958 1790 992 in
1807 969 1846 993 eo
1859 969 1928 993 ser-

1223 1023 1326 1048 mone
1351 1024 1390 1048 ac
1418 1013 1512 1049 libro
1536 1014 1595 1049 cui
1622 1026 1748 1050 nomen
1766 1016 1928 1050 Timaeus

1226 1070 1398 1105 scribitur
1415 1071 1435 1105 7
1439 1071 1470 1114 7,
1487 1072 1511 1106 4
1545 1072 1754 1108 Platonicus
1771 1074 1833 1108 ille
1850 1085 1928 1109 cra-

1221 1129 1288 1171 ter,
1325 1139 1431 1173 quem
1467 1130 1610 1165 conficit
1646 1132 1839 1175 miscetque
1868 1130 1927 1164 Ti-

1223 1196 1345 1220 maeus
1380 1187 1436 1230 89,
1454 1187 1476 1221 3
1515 1187 1677 1223 Platonis
1713 1188 1927 1223 testificante

1222 1243 1367 1279 Timaeo
1394 1244 1471 1288 154,
1489 1246 1511 1279 8

1177 1301 1394 1337 Plutarchus
1421 1303 1496 1345 162,
1515 1304 1557 1337 11

1178 1361 1304 1404 poetae
1332 1361 1409 1405 119,
1436 1361 1489 1397 15.
1532 1361 1608 1403 153,
1634 1362 1687 1396 22.
1732 1361 1808 1406 167,
1825 1363 1857 1396 5.
1875 1362 1927 1396 15.

1222 1418 1299 1461 169,
1315 1418 1373 1455 21.
1400 1419 1477 1462 173,
1495 1419 1526 1453 2.
1543 1419 1565 1452 5

1179 1473 1323 1510 Polemo
1349 1476 1426 1518 162,
1440 1477 1462 1511 3

1179 1531 1355 1578 Pomponi
1379 1533 1541 1579 Marsyas
1566 1536 1622 1577 51,
1646 1535 1691 1569 24

1175 1590 1359 1634 pontifices
1387 1591 1462 1634 156,
1483 1592 1522 1625 ll

1178 1647 1394 1692 Posidippus
1417 1648 1496 1691 224,
1514 1649 1559 1683 23
1583 1649 1620 1683 in
1645 1660 1683 1684 eo
1709 1648 1801 1683 libro
1825 1659 1928 1693 quem

1221 1705 1396 1750 scriptum
1410 1717 1515 1751 super
1524 1705 1639 1741 Gnido
1654 1706 1789 1741 indicat
1797 1707 1875 1748 233,
1886 1706 1929 1740 14

1175 1763 1401 1798 Ptolomaeus
1415 1763 1611 1808 Agesarchi
1636 1763 1679 1798 de
1697 1763 1928 1808 Philopatore

1222 1831 1328 1865 quem
1354 1820 1469 1856 edidit
1492 1822 1605 1866 primo
1630 1822 1708 1863 219,
1733 1822 1754 1854 5

1177 1878 1339 1913 Rhintho
1365 1878 1413 1923 (P)
1438 1879 1515 1922 193,
1533 1880 1555 1913 2

1175 1936 1420 1971 Sammonicus
1444 1937 1522 1980 219,
1545 1937 1590 1972 20

1177 1995 1357 2040 sapientes
1385 1994 1438 2036 14,
1457 1995 1489 2030 1.
1514 1994 1570 2036 89,
1589 1995 1621 2028 9.
1648 1995 1703 2037 91,
1723 1994 1775 2028 14.
1802 1994 1856 2036 92,
1876 1994 1926 2028 15.

1221 2052 1300 2096 132,
1315 2052 1348 2086 4.
1374 2052 1452 2095 215,
1471 2052 1525 2087 14.
1550 2052 1628 2095 262,
1647 2052 1690 2086 18

1176 2109 1397 2145 memorialia
1437 2110 1570 2154 scripta
1609 2109 1686 2152 222,
1717 2110 1760 2143 12
1807 2112 1929 2144 nostra

1223 2168 1355 2213 scripta
1392 2168 1469 2210 171,
1495 2167 1539 2202 10
1573 2169 1693 2201 uestra
1731 2166 1864 2210 scripta
1893 2167 1928 2200 et

1221 2224 1468 2260 commentarii
1494 2225 1570 2266 189,
1590 2225 1633 2258 12

1176 2283 1387 2327 scriptorum
1408 2282 1653 2317 commentarii
1680 2282 1756 2323 156,
1773 2282 1795 2315 9
1820 2281 1926 2324 scrip-

1221 2342 1316 2375 tores
1341 2340 1450 2385 prisci
1477 2338 1556 2381 260,
1573 2340 1595 2373 2

1177 2397 1336 2433 senarius
1361 2409 1398 2432 u.
1416 2396 1630 2431 Tarentinus

1175 2455 1362 2499 Sophocles
1386 2454 1530 2489 Atticus
1555 2454 1635 2496 161,
1655 2454 1697 2489 15
1723 2454 1759 2487 in
1783 2453 1926 2487 Trachi-

1219 2513 1289 2547 niis
1315 2512 1449 2554 170,12

1176 2570 1335 2605 Sosibius
1367 2570 1443 2611 162,
1461 2570 1484 2603 4

1177 2627 1390 2662 Tarentinus
1416 2628 1463 2671 (ἲ)
1489 2626 1648 2661 senarius
1674 2626 1750 2668 193,
1768 2626 1790 2660 2

1177 2685 1364 2719 Terentius
1383 2684 1496 2718 Varro
1543 2717 1558 2738 ·
1573 2683 1760 2717 Terentius
1785 2682 1863 2723 238,
1883 2681 1926 2717 18

1224 2741 1334 2776 Varro
1360 2742 1437 2783 136,
1465 2742 1521 2777 22.
1565 2741 1643 2784 137,
1668 2741 1723 2775 10.
1765 2740 1842 2781 138,
1869 2740 1925 2774 12.

1225 2798 1301 2841 139,
1326 2799 1357 2833 6.
1399 2798 1476 2841 143,
1501 2798 1555 2832 14.
1595 2798 1673 2840 219,
1704 2798 1756 2832 12.
1798 2798 1877 2838 238,
1903 2796 1926 2831 3

1224 2855 1399 2891 Varronis
1432 2857 1472 2890 ut
1504 2855 1666 2890 indicant
1690 2855 1813 2891 Musae
1847 2854 1925 2896 222,
