2032 3248
364 230 446 274 172
992 227 1239 273 Appendix.

361 336 493 374 sicut
529 346 641 374 oues
681 334 976 382 errauimus,
1022 335 1360 383 unusquisque
1391 335 1440 373 in
1471 336 1600 374 uiam
1631 348 1761 375 suam
1793 336 1868 375 110·

361 404 587 443 0111131111.
638 404 683 442 110
724 404 860 452 quibus
907 404 1023 442 etiam
1077 404 1207 443 eadem
1255 403 1442 452 sapientia
1469 404 1638 453 loquitur
1667 416 1735 453 per
1763 406 1870 444 Salo-

360 484 529 512 monem:
579 472 760 510 multae
810 473 918 511 uiae
967 473 1207 512 uidentur
1255 473 1536 512 hominibus
1586 476 1773 522 rectae,
1825 476 1871 513 et

361 542 668 580 nouissimae
700 553 859 580 earum
890 543 1073 581 ducunt
1103 542 1159 580 ad
1188 544 1399 580 mortem.
1433 553 1529 591 quae
1564 543 1695 592 utique
1729 544 1871 581 multae

359 611 585 658 perditionis
606 611 691 650 uiae
711 612 802 649 tunc
823 611 1062 658 inceduntur,
1095 623 1180 650 cum
1210 623 1288 649 una
1309 611 1449 660 regalis
1470 612 1534 650 uia
1555 611 1617 650 lex
1638 612 1709 651 Dei
1728 612 1868 651 uideli-
1884 625 1898 648 5

359 681 431 727 cet,
464 692 559 728 quae
580 692 700 728 neque
726 681 774 717 ad
794 681 988 718 dexteram
1008 691 1130 729 neque
1151 681 1199 718 ad
1219 680 1416 718 sinistram
1438 680 1618 728 declinat,
1646 692 1714 729 per
1734 682 1869 729 negle-

357 750 529 798 gentiam
563 750 762 788 deseritur.
803 749 848 787 de
883 762 957 798 qua
993 750 1142 789 scilicet
1177 750 1242 788 uia
1277 749 1460 789 Dominus
1496 750 1672 788 Christus
1708 751 1774 799 qui
1809 754 1870 790 est

358 818 445 856 finis
481 819 579 867 legis
608 819 656 857 ad
682 818 872 857 iustitiam
899 819 1002 857 omni
1024 819 1194 857 credenti
1215 819 1437 857 denuntiat:
1469 830 1554 868 ego
1586 831 1684 858 sum
1714 820 1793 858 uia
1823 823 1870 858 et

357 888 551 926 ueritas
583 889 629 926 et
658 888 782 926 uita:
815 899 946 927 nemo
978 887 1116 926 uenit
1146 889 1202 926 ad
1231 890 1417 936 patrem
1454 887 1553 926 nisi
1583 900 1667 937 per
1696 899 1775 926 me.
1823 889 1871 927 ad

358 968 472 1005 quam
506 957 607 995 uiam
642 967 771 995 omnes
808 957 980 995 homines
1001 957 1249 996 communiter
1269 957 1412 995 inuitat
1433 957 1583 996 dicens:
1615 957 1781 996 uenite
1813 958 1869 995 ad
1884 967 1916 992 10

358 1037 424 1064 me
469 1038 628 1066 omnes
668 1026 749 1075 qui
793 1027 1039 1066 laboratis
1077 1029 1124 1066 et
1163 1027 1353 1066 onerati
1399 1028 1538 1075 estis,
1586 1029 1632 1066 et
1671 1040 1756 1076 ego
1787 1039 1870 1066 uos

358 1096 594 1135 reficiam.
627 1096 742 1145 quia
771 1108 862 1136 non
891 1098 966 1135 est
986 1108 1303 1145 personarum
1323 1098 1546 1146 acceptio
1568 1098 1692 1146 apud
1713 1098 1869 1136 Deum.

359 1166 425 1204 ubi
446 1178 521 1204 non
544 1167 603 1204 est
622 1166 785 1204 Iudaeus
807 1167 844 1205 et
866 1165 1044 1213 Graecus,
1073 1166 1265 1205 masculus
1288 1167 1327 1204 et
1357 1166 1514 1214 femina,
1544 1178 1677 1207 seruus
1698 1168 1737 1205 et
1757 1166 1869 1214 liber,

359 1235 547 1273 barbarus
584 1236 623 1273 et
659 1234 811 1283 Scytha,
849 1235 916 1273 sed
951 1235 1077 1273 omnia
1109 1233 1150 1272 in
1185 1235 1359 1273 omnibus
1389 1235 1586 1273 Christus:
1617 1246 1748 1274 omnes
1769 1235 1872 1273 enim

360 1315 478 1342 unum
513 1305 603 1342 sunt
631 1303 670 1341 in
693 1303 845 1342 Christo
872 1304 972 1342 Iesu.
1004 1304 1094 1342 dum
1114 1315 1202 1352 ergo
1225 1303 1401 1342 Christus
1435 1303 1524 1342 finis
1560 1305 1620 1342 est
1654 1303 1765 1352 legis,
1803 1304 1869 1352 qui
1884 1317 1915 1342 15

361 1372 442 1411 sine
477 1371 561 1421 lege
598 1374 687 1410 sunt
709 1372 790 1410 sine
812 1372 962 1411 Christo
997 1372 1106 1411 fiunt.
1138 1372 1258 1421 igitur
1293 1373 1455 1421 populus
1485 1372 1567 1411 sine
1600 1373 1686 1421 lege
1707 1373 1869 1421 populus

361 1441 442 1480 sine
479 1441 628 1480 Christo
665 1443 736 1481 est.
769 1441 971 1479 abusiuum
1006 1453 1096 1489 ergo
1118 1442 1157 1479 in
1193 1442 1428 1490 temporibus
1464 1442 1655 1490 euangelii
1689 1442 1871 1490 populum

360 1510 443 1548 fieri
467 1511 549 1549 sine
572 1510 736 1558 Christo,
760 1511 910 1558 quando
932 1511 1115 1559 apostolis
1136 1511 1177 1548 in
1198 1513 1355 1549 cunctas
1383 1512 1519 1560 gentes
1540 1510 1696 1549 licentia
1716 1510 1868 1558 praedi-

359 1579 521 1618 cationis
556 1579 645 1617 data
681 1580 751 1627 est,
790 1580 939 1627 quando
975 1579 1185 1618 tonitruum
1221 1579 1414 1628 euangelii
1443 1590 1511 1628 per
1540 1580 1696 1618 cunctas
1726 1578 1869 1617 saeculi

359 1649 490 1696 partes
527 1648 705 1695 intonuit,
743 1649 891 1696 quando
921 1649 1055 1696 gentes
1084 1659 1180 1696 quae
1201 1660 1276 1687 non
1297 1648 1541 1687 sectabantur
1576 1647 1766 1686 iustitiam
1800 1647 1870 1685 ad-
1884 1659 1917 1684 20

361 1717 647 1766 prehenderunt
667 1716 870 1763 iustitiam,
902 1717 1052 1765 quando
1074 1716 1140 1765 qui
1161 1717 1274 1765 longe
1294 1717 1448 1755 fuerunt
1468 1716 1563 1756 facti
1584 1718 1674 1755 sunt
1694 1728 1811 1765 prope
1831 1717 1870 1754 in

359 1786 545 1835 sanguine
581 1785 746 1833 Christi,
777 1786 843 1834 qui
878 1783 1083 1834 aliquando
1119 1798 1195 1825 non
1211 1775 1401 1834 populus,
1437 1797 1538 1824 nunc
1559 1787 1685 1824 autem
1706 1786 1869 1835 populus

359 1856 516 1894 sanctus
546 1855 587 1893 in
608 1854 773 1900 Christo,
810 1856 960 1903 quando
990 1856 1049 1893 031
1069 1857 1221 1903 tempus
1257 1855 1491 1903 acceptabile
1513 1856 1551 1893 et
1572 1855 1654 1893 dies
1676 1855 1811 1893 salutis
1832 1858 1869 1894 01

357 1925 532 1972 tempora
565 1924 755 1972 refrigerii
788 1924 829 1962 in
864 1925 1067 1972 conspectu
1096 1924 1286 1973 altissimi,
1323 1925 1471 1973 quando
1499 1935 1747 1973 unaquaeque
1776 1935 1869 1973 gens

356 1993 474 2032 habet
501 1994 639 2032 testem
659 1993 962 2042 resurrectionis,
984 1994 1134 2042 quando
1155 1995 1389 2042 protestatur
1410 1993 1612 2032 Dominus:
1645 2004 1752 2032 ecce
1783 2004 1868 2041 ego
1882 2005 1915 2031 25

449 2139 471 2174 3
495 2139 601 2174 Prou.
628 2138 682 2180 14,
710 2139 763 2174 12.
1009 2139 1032 2173 8
1056 2138 1107 2174 Io.
1136 2138 1191 2183 14,
1216 2139 1248 2174 6.
1504 2139 1549 2174 10
1572 2138 1705 2174 Μ31111.
1733 2139 1787 2180 11,
1811 2139 1867 2173 28.

356 2196 404 2232 ’25
429 2196 510 2233 Gal.
533 2196 566 2238 3,
591 2196 646 2231 28.

451 2342 471 2376 1
489 2351 590 2375 suam
605 2340 703 2375 uiam
721 2339 763 2375 X
866 2340 889 2374 2
904 2340 975 2374 11113
993 2339 1102 2375 0113111
1117 2351 1150 2382 v,
1169 2339 1280 2375 etiam
1296 2339 1367 2374 uiis
1388 2339 1479 2374 G'X
1576 2338 1698 2374 eadem
1716 2349 1782 2374 om.
1800 2351 1822 2375 v

356 2400 381 2434 4
405 2409 527 2434 eorum
558 2399 588 2433 G
758 2397 937 2432 deducunt
959 2409 981 2434 v
1151 2398 1174 2432 5
1197 2397 1328 2442 legalis
1358 2397 1392 2432 V
1553 2397 1575 2431 6
1600 2396 1759 2431 dextram
1783 2396 1824 2431 X

358 2458 379 2491 7
404 2457 499 2493 iesus
524 2457 678 2491 christus
703 2466 734 2498 v,
759 2456 854 2491 iesus
879 2456 921 2490 X
1102 2456 1125 2491 8
1149 2456 1209 2490 1113
1233 2455 1282 2501 01]
1308 2456 1368 2490 uia
1392 2455 1452 2490 Xv
1637 2454 1682 2489 10
1705 2454 1865 2489 homines

358 2525 427 2550 om.
458 2514 493 2549 V
627 2514 671 2548 11
696 2515 747 2548 01.
762 2540 769 2547 .
786 2513 958 2548 ,1011013111
982 2523 1047 2548 om.
1074 2513 1115 2548 X
1259 2513 1303 2547 12
1327 2512 1483 2548 reficiam
1508 2522 1571 2546 uos
1595 2523 1618 2547 v
1763 2511 1808 2546 13
1832 2513 1868 2546 ct

358 2572 407 2617 g.]
434 2582 496 2607 nec
520 2582 667 2616 graecus
691 2582 713 2608 v
852 2570 897 2606 14
922 2571 1066 2605 shcitha
1093 2571 1126 2605 G
1263 2570 1339 2605 sed.
1355 2597 1362 2604 .
1378 2570 1470 2605 ‚iesu
1494 2580 1560 2604 om.
1579 2569 1620 2603 X
1754 2569 1805 2614 in]
1831 2571 1867 2604 01

357 2630 397 2664 111
425 2631 455 2665 G
479 2630 542 2665 sed
565 2631 602 2664 et
625 2640 653 2664 s.
679 2629 703 2664 Ζ.
728 2640 775 2665 m.
799 2630 826 2664 2
976 2628 1154 2674 omnibus]
1181 2628 1300 2663 omnia
1333 2628 1368 2663 V
1508 2627 1614 2672 enim]
1640 2637 1724 2671 ergo
1753 2627 1825 2661 GV

359 2688 403 2723 15
427 2688 519 2732 legis
544 2688 599 2722 031
624 2686 686 2723 Χυ
847 2686 891 2721 16
914 2686 1019 2730 fiunt]
1047 2687 1131 2720 sunt
1155 2686 1195 2719 X
1359 2685 1436 2719 sine
1460 2684 1539 2729 lege
1564 2684 1604 2718 X
1626 2694 1653 2719 s.
1680 2685 1703 2719 l.
1727 2695 1773 2718 m.
1797 2686 1821 2719 2

359 2744 403 2778 17
429 2743 531 2778 abusi
558 2744 649 2778 G¹V
808 2744 852 2779 18
876 2743 953 2778 sine
977 2743 1055 2788 lege
1079 2742 1158 2777 fieri
1182 2753 1204 2778 v
1364 2742 1407 2777 21
1434 2741 1476 2776 de
1500 2742 1606 2786 longe
1630 2741 1774 2776 fuerant
1799 2753 1821 2777 v

358 2802 404 2837 23
429 2803 584 2848 sanctus]
610 2802 666 2837 dei
690 2813 711 2837 v
848 2802 895 2836 24
918 2812 1130 2846 unaquaque
1159 2803 1200 2843 G,
1231 2811 1389 2846 quaeque
1414 2801 1455 2835 X
1590 2800 1636 2834 25
1659 2800 1695 2834 h.
1720 2801 1863 2845 testem]

357 2859 605 2894 testimonium
629 2858 739 2894 habet
769 2859 805 2894 V
937 2859 1013 2903 ipse
1037 2858 1203 2894 dominus
1227 2859 1449 2903 protestatur
1471 2857 1591 2892 dicens
1616 2868 1639 2893 υ
