2032 3248
382 250 451 280 XII

380 342 423 383 in
443 342 518 382 hoc
540 338 698 381 Latinii
727 337 929 391 apparatu
957 335 1120 388 praeter
1141 334 1418 374 Veronensem
1438 330 1662 372 laudantur
1682 330 1767 371 cod.
1793 329 1888 370 Vat.

379 416 509 468 Neap.
533 413 812 467 discrepantes
834 410 1073 464 scripturae,
1097 408 1165 449 hic
1185 407 1274 449 illic
1291 406 1453 448 numeri
1472 406 1507 446 1.
1528 406 1569 446 2.
1588 405 1627 446 3.
1645 405 1685 445 4.
1704 404 1891 446 adiciun-

382 492 465 541 tur,
487 489 605 531 uelut
624 483 636 499 ‘
653 487 740 529 Ver.
765 486 902 538 Neap.
925 477 993 535 1.³,
1020 479 1031 494 ‘
1048 483 1138 525 Vat.
1173 485 1210 524 3.
1243 475 1362 531 Ver.³7
1390 477 1580 532 ‘Neapol
1613 471 1669 529 4³,
1698 475 1813 540 fan
1838 472 1892 520 2.’

382 561 500 606 ‘Vol
534 557 575 604 4'
617 563 691 604 010.
735 561 883 615 quibus
923 558 1105 601 numeris
1138 557 1237 611 quid
1267 555 1491 611 significari
1523 554 1701 595 uoluerit
1722 553 1894 594 dubium

384 651 470 681 esse
500 650 580 680 1100
608 637 757 691 potest,
790 635 948 677 scilicet
969 634 1041 676 ubi
1063 629 1075 644 ‘
1091 631 1181 674 Vat.
1208 623 1248 672 3³
1271 631 1337 672 uel
1358 626 1370 642 ‘
1384 629 1474 672 Vat.
1500 621 1540 669 4³
1562 628 1690 682 ponit,
1723 629 1805 669 tres
1827 627 1895 668 uel

384 714 579 767 quattuor
615 711 834 753 Vaticanos
870 709 978 751 inter
1014 708 1173 762 septem
1209 719 1308 759 quos
1343 704 1524 746 habebat
1552 703 1656 745 hanc
1676 702 1895 744 lectionem

386 788 587 839 exhibere,
625 786 697 828 ubi
718 782 833 827 ‘Veiz
867 776 909 826 2'
940 784 1008 825 uel
1037 777 1190 834 ‘Neaff
1214 773 1256 823 2³
1290 781 1436 830 exstat,
1468 779 1512 820 in
1543 778 1702 819 duobus
1734 777 1894 831 praeter

386 863 662 904 Veronensem
683 860 751 901 uel
771 858 1091 912 Neapolitanum
1112 857 1170 898 310
1190 856 1288 910 legi,
1321 854 1394 896 ubi
1413 848 1424 864 ‘
1442 852 1530 895 Ver.
1554 846 1603 903 0'‚
1626 854 1666 894 et
1694 852 1894 893 Veronen-

387 949 474 978 sem
497 937 537 977 01
557 935 736 988 reliquos
758 945 898 974 omnes
919 932 1045 974 testes
1067 931 1218 972 adesse.
1242 929 1431 983 inprimis
1453 928 1584 982 igitur
1607 926 1788 968 numeris
1811 926 1898 967 illis

392 1012 613 1053 Vaticanos
631 1008 887 1063 designabat,
910 1019 990 1048 non
1005 1006 1282 1047 Veronensem
1297 1005 1339 1045 01
1356 1002 1694 1057 Neapolitanum,
1713 1001 1898 1042 nomina-

388 1087 467 1128 tim
496 1086 647 1139 ubique
676 1096 742 1126 eos
772 1083 970 1133 adferenS‚
1002 1081 1151 1135 quippe
1181 1079 1251 1134 qui
1281 1078 1511 1133 plurimum
1540 1077 1649 1129 apud
1672 1089 1765 1117 eum
1787 1075 1901 1116 uale-

389 1161 501 1203 bant.
535 1159 732 1202 similiter
762 1158 828 1200 his
859 1157 1040 1199 numeris
1072 1156 1116 1197 in
1146 1155 1275 1197 altera
1307 1154 1381 1195 illa
1411 1152 1675 1194 adnotatione
1708 1162 1731 1191 a
1762 1150 1900 1191 Macro

391 1234 566 1290 uulgata
586 1247 684 1276 usus
706 1235 794 1274 erat
816 1231 923 1286 quod
945 1230 1160 1273 confirmat
1176 1229 1341 1270 Macrus
1358 1227 1447 1282 ipse
1464 1225 1579 1267 Bibl.
1598 1238 1722 1267 sacra
1738 1238 1776 1279 p.
1799 1224 1900 1265 174:

390 1310 462 1352 ubi
491 1310 662 1363 siyuum
690 1307 999 1349 arithmeticum
1019 1308 1056 1347 1.
1087 1304 1321 1353 inuenitur,
1350 1302 1527 1351 iudicat,
1556 1300 1665 1353 quod
1693 1312 1741 1340 ex
1771 1299 1904 1339 tribus

391 1385 598 1427 codicibus
628 1383 815 1432 uetustis,
849 1381 1000 1435 quibus
1030 1378 1267 1421 Marcellus
1297 1377 1425 1430 Papa
1448 1376 1511 1417 ΙΙ.
1543 1374 1904 1419 σοῐῑαύἱοηααωαέ,

392 1472 505 1501 uuus
526 1458 677 1500 scilicet
693 1458 854 1499 uarict:
875 1455 946 1497 ubi
961 1467 1058 1497 uero
1074 1455 1245 1507 siyriuui
1262 1455 1301 1495 2.
1322 1454 1506 1501 violatur,
1527 1450 1706 1491 (luorum
1722 1448 1906 1490 codicum

392 1533 677 1575 uariationem
712 1531 940 1585 florificat,
980 1529 1087 1582 quocl
1123 1527 1215 1582 Eyo
1253 1526 1431 1569 Carolus
1465 1525 1645 1566 Blacrus
1680 1524 1727 1564 iii
1759 1523 1906 1575 prima

394 1607 564 1650 Latiuii
605 1606 851 1648 correctione
894 1605 939 1645 in
980 1601 1241 1644 Bibliotheca
1278 1599 1523 1642 Braizcaiia
1563 1601 1727 1640 extante
1773 1610 1907 1638 mauu

395 1683 577 1725 ciusdem
612 1680 861 1723 Corrccloris
896 1681 1086 1720 notatum
1122 1677 1214 1730 leyi.
1256 1688 1360 1729 quae
1397 1687 1491 1717 0001
1528 1687 1608 1715 0011
1644 1672 1906 1726 intellegeret

395 1758 643 1812 Krabinger‚
680 1756 723 1797 in
758 1754 883 1809 praef.
923 1753 1035 1794 XIV.
1079 1752 1197 1807 (edit.
1234 1764 1268 1792 a.
1305 1750 1431 1802 1853)
1473 1749 1579 1790 mira
1616 1748 1665 1789 de
1701 1746 1907 1788 codicibus

397 1832 702 1875 Veronensibus
743 1830 784 1871 et
821 1827 1120 1883 Neapolitanis,
1169 1826 1240 1879 qui
1280 1825 1445 1878 quidem
1494 1823 1601 1865 nulli
1646 1821 1907 1870 exstiterunt,

396 1907 628 1949 hariolatus
658 1906 731 1947 est.
763 1916 869 1946 unus
898 1902 1009 1944 enim
1037 1903 1100 1943 est
1121 1899 1365 1943 Veronensis
1394 1899 1465 1940 ille
1494 1897 1805 1939 uetustissimus
1835 1908 1908 1936 nec

398 1982 527 2024 ullius
563 1981 725 2034 praeter
760 1979 884 2020 illurn
920 1977 1172 2019 mentionem
1204 1975 1305 2017 facit
1337 1973 1528 2016 Latinius
1560 1972 1627 2014 uel
1661 1971 1766 2013 alius
1799 1971 1911 2023 quis-

400 2069 536 2110 quam.
578 2054 877 2109 Neapolitanus
926 2063 1022 2094 uero
1071 2051 1142 2105 qui
1190 2050 1234 2092 in
1277 2049 1384 2091 libro
1426 2046 1692 2101 Gottingensi
1741 2046 1912 2086 uocatur

401 2144 425 2173 a
448 2130 633 2185 Rigaltio
656 2130 696 2170 et
718 2126 1015 2170 Oxoniensibus
1036 2125 1353 2167 Beneuentanus
1376 2122 1505 2172 audit,
1537 2121 1580 2162 id
1602 2119 1710 2174 quod
1731 2118 1912 2161 Krabin-

401 2218 548 2260 gerum
583 2204 883 2257 scripturarum
918 2201 1105 2243 omnium
1141 2211 1244 2252 quae
1272 2196 1537 2251 Neapolitani
1567 2196 1607 2237 et
1635 2192 1915 2236 Beneuentani

402 2280 591 2322 feruntur
621 2290 838 2320 consensus
870 2277 1035 2318 edocere
1063 2274 1237 2328 poterat.
1268 2273 1355 2325 ipse
1383 2271 1517 2321 initio,
1550 2283 1644 2312 cum
1665 2267 1915 2321 Krabingeri

403 2356 568 2396 tantum
597 2353 705 2395 notis
728 2365 774 2394 ex
795 2351 901 2393 libro
925 2349 1189 2404 Gottingensi
1220 2346 1451 2400 descriptis,
1483 2357 1583 2398 quas
1605 2343 1763 2385 Halmii
1792 2342 1916 2383 bene-

404 2428 611 2470 uolentiae
639 2427 825 2481 acceptas
856 2424 1000 2474 refero,
1032 2423 1096 2464 uti
1118 2422 1276 2472 liceret,
1308 2434 1355 2463 ea
1376 2419 1566 2473 opinione
1589 2418 1716 2459 falsus
1738 2416 1805 2458 1110
1826 2416 1915 2457 11110

405 2501 652 2544 Veronensis
684 2500 908 2553 scripturas
942 2497 1127 2540 consulto
1160 2496 1295 2546 omisi,
1329 2495 1426 2548 quia
1458 2494 1566 2535 inter
1601 2493 1702 2533 duos
1735 2491 1802 2531 uel
1833 2491 1915 2530 tres

402 2667 586 2711 primatus
605 2667 716 2700 Petro
742 2665 856 2699 datur
873 2667 915 2698 ut
931 2673 1009 2697 uua
1030 2661 1166 2697 Christi
1191 2659 1337 2694 ecclesia
1355 2662 1388 2692 et
1406 2655 1580 2691 cathedra
1598 2665 1675 2689 uria
1692 2656 1918 2688 monstratur

408 2726 497 2769 (sic).
530 2729 562 2759 et
583 2729 748 2769 pastores
778 2726 865 2757 suut
893 2731 1014 2756 omnes
1042 2720 1104 2754 scil
1133 2729 1224 2764 yresc
1249 2727 1348 2752 uuus
1373 2714 1576 2750 ostenditur
1600 2713 1663 2756 qui
1687 2712 1730 2745 ab
1748 2711 1919 2755 apostolis

402 2782 572 2818 'omuibus
600 2781 770 2816 unanimi
797 2780 1028 2815 consensione
1051 2780 1242 2822 pascatur.
1275 2775 1369 2809 hauc
1399 2771 1505 2806 Petri·
1533 2770 1723 2812 imitatem,
1757 2780 1791 2813 p.
1818 2771 1918 2808 213,9

408 2841 490 2884 post
515 2839 647 2873 credit:
675 2838 738 2882 qui
763 2836 971 2872 cathedram
990 2835 1096 2869 Petri
1120 2843 1229 2877 super
1252 2841 1356 2876 quem
1372 2828 1533 2872 fundata
1550 2827 1698 2862 ccclesia
1716 2830 1766 2859 cst
1784 2824 1918 2859 deserit

408 2898 448 2931 in
472 2896 619 2931 ccclesia
643 2906 679 2928 sc
705 2905 778 2929 esse
803 2892 965 2935 considit,
997 2893 1050 2925 est
1075 2890 1267 2924 Vossianus
1292 2887 1356 2921 lat.
1384 2889 1402 2919 7
1428 2896 1514 2920 saec.
1542 2895 1570 2918 x,
1599 2884 1662 2927 (h),
1688 2881 1799 2926 quode
1825 2880 1918 2914 infra

411 2955 547 2998 agetur.
