2032 3248
357 227 445 268 240
986 224 1228 269 Appendix.

357 332 456 370 tales
486 332 674 370 interdum
704 331 843 370 tolerat
864 331 1033 380 ecclesia,
1072 343 1117 369 ne
1140 332 1333 379 prouocati
1355 333 1477 380 magis
1498 333 1614 370 etiam
1635 334 1861 381 perturbent

356 402 538 450 populum
574 401 664 439 Dei:
699 402 765 439 sed
802 401 892 449 quid
928 402 1083 449 prodest
1103 413 1178 439 non
1198 401 1283 439 eiici
1304 403 1412 440 coetu
1435 402 1594 451 piorum,
1627 402 1659 440 si
1680 402 1861 440 merueris

357 470 469 508 eiici?
502 482 589 508 nam
618 470 704 508 eiici
726 470 932 508 remedium
955 472 1014 508 est
1034 472 1072 507 et
1093 470 1232 518 gradus
1254 471 1301 508 ad
1323 471 1617 518 recuperandam
1637 471 1862 509 sanitatem:

355 540 576 578 eiectionem
613 539 796 578 meruisse
834 552 981 578 summa
1002 539 1187 577 malorum
1208 541 1278 576 est.
1313 551 1357 578 ac
1378 539 1521 578 frustra
1541 539 1720 578 miscetur
1741 540 1865 578 coetui

355 611 571 647 sanctorum
593 609 632 646 in
661 608 802 657 templo
831 609 1060 654 manufacto,
1098 609 1129 645 si
1167 609 1363 646 submotus
1402 610 1460 646 est
1481 620 1504 646 a
1524 609 1712 646 consortio
1734 609 1804 647 Dei
1825 610 1863 647 et
1880 623 1893 646 5

357 678 404 715 ab
425 678 602 716 uniuerso
624 688 778 724 corpore
799 678 957 726 mystico
981 677 1135 715 Christi.

293 745 345 781 29
413 746 571 795 Oportet
591 748 718 784 autem
740 748 779 785 et
801 746 896 784 illud
918 746 1154 785 considerare
1175 748 1406 794 quantopere
1425 746 1634 785 Christiani
1655 747 1859 785 abhorrent

353 818 400 855 ab
421 815 644 864 idolothytis
667 818 705 853 et
727 817 775 854 ab
796 816 973 864 ingressu
994 815 1168 854 fanorum
1189 818 1302 863 atque
1323 817 1371 854 ab
1391 815 1485 863 ipsis
1502 816 1617 854 etiam
1633 815 1859 855 simulacris,

353 897 437 924 cum
472 886 605 923 beatus
627 884 771 923 Paulus
795 885 931 922 clamet
951 897 1070 932 neque
1091 884 1234 923 idolum
1255 895 1337 923 esse
1359 884 1504 933 aliquid
1523 896 1643 933 neque
1664 885 1853 933 idolothy-

351 957 445 1001 tum,
482 954 601 992 multo
637 954 762 992 minus
801 954 930 991 fanum
968 965 1012 991 ex
1048 953 1239 1001 lapidibus
1261 955 1521 992 constructum
1542 955 1600 992 est
1620 954 1787 1002 aliquid:
1820 955 1858 992 et
1880 965 1912 989 10

350 1025 478 1062 tamen
512 1023 763 1071 plurimorum
793 1023 941 1060 animus
963 1034 1007 1060 ea
1026 1022 1212 1070 religione
1233 1024 1396 1069 tenetur,
1435 1024 1478 1060 ut
1497 1024 1657 1061 mortem
1677 1024 1859 1070 oppetant

352 1092 465 1131 citius
501 1104 613 1140 quam
644 1094 802 1140 gustent
830 1091 942 1129 idolis
963 1091 1219 1129 immolatum:
1251 1093 1290 1129 et
1312 1091 1541 1139 inexpiabile
1563 1092 1756 1139 piaculum
1778 1103 1859 1130 esse

353 1163 506 1209 ducant,
539 1162 572 1200 si
610 1162 877 1209 ingrediantur
912 1161 1044 1199 fanum
1063 1161 1167 1199 Iouis
1197 1163 1263 1199 aut
1284 1161 1475 1210 Apollinis
1496 1163 1562 1199 aut
1585 1162 1727 1200 Dianae
1748 1173 1863 1211 seque

354 1233 490 1279 putent
526 1233 703 1270 contactu
741 1231 935 1269 simulacri
970 1231 1214 1269 uehementer
1249 1230 1514 1269 contaminari.
1548 1231 1720 1279 equidem
1748 1231 1862 1278 probo

356 1301 490 1341 talium
512 1300 749 1348 religionem,
787 1300 821 1338 si
843 1300 918 1338 sibi
939 1301 1088 1338 constet
1109 1299 1148 1337 in
1176 1300 1361 1339 omnibus,
1395 1312 1495 1338 nunc
1516 1311 1583 1348 pro
1606 1299 1712 1338 dolor
1734 1300 1862 1338 uidere
1881 1314 1911 1337 15

358 1373 417 1410 est
452 1371 635 1419 quosdam
658 1369 698 1407 in
718 1369 780 1407 his
802 1380 920 1417 paene
943 1369 1208 1417 superstitiose
1230 1369 1411 1417 trepidos,
1449 1370 1490 1407 in
1519 1370 1606 1408 aliis
1627 1369 1692 1407 ubi
1712 1370 1865 1418 grauior

358 1442 441 1479 erat
481 1439 674 1478 metuendi
711 1449 825 1476 causa
855 1437 1013 1476 nimium
1035 1449 1118 1476 esse
1141 1449 1306 1477 securos.
1338 1450 1406 1486 per
1427 1449 1468 1476 se
1490 1450 1564 1476 non
1584 1438 1759 1487 inquinat
1779 1438 1861 1476 ani-

356 1522 457 1548 mam
493 1510 689 1547 contactus
725 1507 817 1545 idoli
848 1519 918 1546 nec
940 1507 1135 1556 ingressus
1155 1507 1235 1545 fani
1257 1519 1326 1545 nec
1346 1519 1432 1545 esus
1453 1507 1676 1556 idolothyti:
1709 1508 1775 1546 sed
1794 1518 1861 1555 per

354 1591 395 1618 se
433 1578 572 1626 polluit
608 1577 879 1615 conscientiam
908 1588 1012 1614 amor
1041 1577 1223 1623 pecuniae
1245 1576 1412 1615 incestus
1434 1577 1568 1625 rapina
1586 1576 1798 1625 hypocrisis
1820 1578 1859 1613 et

347 1649 409 1687 his
431 1646 572 1686 similia
593 1649 776 1685 monstra.
810 1658 922 1694 quam
942 1657 1030 1684 uero
1052 1646 1226 1693 congruit
1246 1647 1401 1684 horrere
1423 1646 1504 1684 fani
1525 1646 1751 1694 ingressum,
1781 1656 1851 1683 nec
1867 1656 1900 1681 20

348 1718 501 1755 horrere
523 1716 563 1753 in
585 1716 727 1762 templo
751 1716 880 1753 sancto
912 1714 1063 1762 spiritui
1092 1717 1309 1753 consecrato
1346 1715 1522 1753 uictimas
1552 1715 1744 1753 immolare
1766 1715 1854 1752 dae-

348 1785 516 1824 moniis?
550 1785 688 1823 clamat
711 1785 866 1822 sanctus
889 1784 1031 1822 Paulus
1053 1783 1221 1822 scribens
1243 1784 1471 1822 Corinthiis:
1505 1784 1714 1822 nescitis
1747 1783 1863 1834 quia

348 1853 578 1902 templum
608 1853 693 1890 Dei
741 1853 878 1899 estis,
926 1855 973 1891 et
1013 1853 1226 1901 spiritus
1258 1853 1341 1890 Dei
1387 1853 1583 1891 habitat
1614 1853 1660 1890 in
1692 1853 1858 1891 uobis?

348 1923 389 1961 si
420 1922 525 1971 quis
556 1924 712 1960 autem
743 1922 973 1969 templum
1004 1922 1088 1959 Dei
1119 1922 1403 1969 uiolauerit,
1436 1922 1692 1969 disperdet
1722 1922 1860 1959 illum

347 1991 483 2029 Deus.
518 2003 648 2029 rursus
687 1991 726 2028 in
763 1991 892 2029 eadem
922 1991 1102 2039 epistola:
1135 2003 1191 2028 an
1221 1991 1437 2029 nescitis
1467 1991 1693 2040 quoniam
1724 2002 1854 2028 mem·
1873 2003 1905 2028 25

346 2062 430 2098 bra
460 2061 627 2098 uestra
659 2059 895 2108 templum
926 2062 1042 2097 sunt
1074 2060 1231 2098 sancti
1273 2061 1489 2108 spiritus
1529 2061 1609 2108 qui
1640 2061 1686 2098 in
1718 2060 1857 2099 uobis

347 2132 444 2176 est,
491 2141 626 2177 quem
669 2129 867 2167 habetis
899 2140 921 2166 a
950 2129 1042 2167 Deo
1082 2131 1127 2166 et
1157 2140 1244 2166 non
1286 2130 1409 2167 estis
1448 2130 1631 2167 uestri?
1683 2130 1782 2178 quod
1823 2130 1856 2167 si

348 2198 648 2236 Christianorum
680 2199 834 2246 pectora
865 2198 937 2235 sibi
967 2198 1201 2236 consecrauit
1222 2198 1322 2235 Deus
1353 2200 1395 2236 ut
1418 2198 1456 2235 in
1478 2198 1556 2236 illis
1579 2198 1766 2236 inhabitet
1787 2210 1854 2245 per

345 2267 522 2315 spiritum
555 2279 679 2313 suum,
717 2267 797 2304 illic
833 2266 1034 2304 deliciatur
1062 2268 1100 2304 et
1129 2267 1352 2314 inambulat,
1385 2267 1465 2305 illic
1502 2268 1603 2305 amat
1634 2267 1706 2305 sibi
1728 2267 1852 2305 offerri

346 2336 538 2374 uictimam
573 2347 709 2382 puram
730 2336 769 2372 in
809 2336 909 2373 omni
930 2336 1023 2374 loco.
1056 2337 1094 2373 et
1116 2336 1241 2383 quiin
1270 2337 1341 2374 hoc
1377 2337 1560 2383 templum
1590 2336 1666 2373 Deo
1704 2347 1851 2374 sacrum
1865 2351 1897 2375 30

346 2405 462 2443 eiecto
499 2406 629 2443 sancto
659 2405 796 2451 spiritu
833 2405 981 2443 inducit
1014 2405 1311 2444 abominationes
1352 2417 1444 2453 quas
1466 2406 1506 2443 in
1526 2406 1686 2453 mystica
1709 2406 1851 2444 uisione

346 2474 541 2522 conspexit
563 2474 752 2521 Ezechiel,
790 2475 853 2522 qui
889 2474 970 2512 illic
1007 2475 1133 2513 sedem
1168 2475 1260 2512 facit
1297 2476 1529 2512 Mammonae
1566 2474 1705 2512 Veneri
1742 2475 1851 2513 Como

345 2543 494 2580 Baccho
531 2543 693 2591 aliisque
722 2544 923 2590 portentis,
960 2547 1024 2591 qui
1053 2543 1107 2581 ibi
1128 2544 1371 2582 daemonibus
1393 2543 1565 2582 immolat
1586 2544 1850 2591 spurcissimas

346 2611 503 2657 hostias,
541 2613 694 2649 ueretur
731 2612 881 2659 ingredi
917 2612 1046 2651 fanum
1082 2613 1252 2660 gentium
1280 2624 1326 2650 ne
1357 2612 1659 2651 contaminetur?
1691 2612 1846 2660 proinde

345 2691 453 2718 nemo
489 2680 561 2717 sibi
590 2679 733 2718 frustra
753 2680 984 2727 blandiatur,
1007 2681 1109 2736 Deus
1138 2693 1210 2719 non
1233 2680 1433 2719 irridetur:
1457 2682 1604 2718 constet
1625 2680 1699 2718 sibi
1719 2682 1849 2718 nostra
1866 2695 1896 2718 35

435 2847 480 2881 22
505 2847 521 2880 I
548 2847 624 2882 Cor.
651 2849 681 2888 3,
711 2849 762 2882 16.
904 2849 948 2883 25
973 2849 989 2882 I
1016 2849 1093 2883 Cor.
1120 2850 1153 2884 6.
1180 2850 1232 2883 19.
