2032 3248
268 200 348 241 1353
892 193 1137 237 Appendix.

266 304 423 343 anima
453 314 563 341 mea.
597 313 664 339 nec
697 300 872 338 inmerito
903 300 1085 337 Dominus
1119 298 1240 337 odiuit
1261 300 1517 338 caeremonias
1538 302 1700 347 uestras,
1737 300 1775 338 in

267 374 403 422 quibus
441 372 593 410 unicum
615 373 652 407 et
683 369 905 417 primarium
940 368 1062 407 filium
1099 369 1180 406 eius
1212 369 1443 416 peremistis.
1477 381 1497 408 o
1519 369 1618 408 diem
1640 370 1775 408 durum

266 444 304 480 et
325 443 456 479 horam
477 440 639 479 flebilem
661 441 699 477 et
721 437 1020 477 sollemnitatem
1051 438 1252 485 lugubrem
1274 438 1312 475 et
1344 439 1485 475 terram
1504 438 1717 477 infaustam
1738 441 1776 476 et

266 512 462 549 ciuitatem
483 509 679 557 profanam
701 509 739 545 et
760 507 941 555 populum
963 506 1114 544 Domini
1135 518 1225 544 nece
1250 508 1469 545 cruentum:
1501 507 1776 546 interfecerunt

267 579 366 617 enim
401 579 602 616 Dominum
649 579 687 614 et
730 576 917 613 latronem
954 575 1226 613 liberauerunt.
1277 576 1323 613 ob
1365 577 1463 613 hanc
1498 587 1586 624 ergo
1624 588 1805 615 causam5

268 651 418 687 coactus
459 649 518 685 est
558 645 741 684 Dominus
792 645 916 683 facere
967 655 1105 682 nouum
1146 646 1419 682 testamentum
1459 646 1774 694 consignantibus

268 719 413 765 septem
450 715 648 764 spiritibus
684 715 784 752 teste
818 714 947 762 Moyse
985 715 1023 751 et
1055 713 1169 751 Helia
1202 713 1242 750 in
1262 716 1403 760 monte,
1427 714 1492 752 ubi
1513 715 1707 762 praecepit
1729 727 1776 753 ne

267 786 464 833 patefieret
501 784 711 831 scripturae
749 784 1039 829 sacramentum,
1076 782 1152 819 nisi
1188 782 1289 820 filius
1321 782 1485 820 hominis
1507 783 1776 821 resurrexisset

269 855 313 892 de
349 854 521 892 mortuis.
565 853 631 891 sed
666 864 752 890 mox
789 851 954 890 surrexit
990 852 1175 890 Dominus
1211 852 1327 890 tertio
1364 853 1437 899 die,
1475 852 1624 900 aperuit
1654 854 1777 891 testa-

268 924 435 960 mentum
472 934 621 967 nouum,
659 921 930 959 testamentum
952 921 1072 959 uitale
1101 923 1214 969 atque
1236 921 1290 959 ita
1313 921 1431 959 dixit:
1463 914 1605 960 ‘uenite
1627 925 1776 961 exterae
1792 938 1826 962 10

268 992 415 1039 gentes,
454 991 612 1028 heredes
649 990 744 1027 mei:
778 990 900 1028 Israel
936 990 1036 1028 enim
1071 1002 1146 1028 non
1183 990 1403 1029 obaudiuit:
1454 994 1684 1039 quapropter
1725 991 1777 1030 ite

269 1059 445 1107 discipuli
467 1060 505 1097 in
528 1059 701 1097 ultimam
722 1070 841 1107 usque
858 1061 1000 1097 terram
1022 1061 1060 1097 et
1081 1059 1298 1107 praedicate
1320 1072 1388 1108 per
1409 1061 1536 1098 orbem
1554 1061 1614 1099 his
1632 1062 1772 1100 uerbis.

271 1129 396 1167 uenite
432 1129 595 1176 undique
618 1129 763 1176 patriae
793 1128 978 1176 gentium,
1009 1128 1164 1167 introite
1200 1129 1240 1166 in
1275 1131 1470 1167 aeternam
1511 1130 1776 1178 hereditatem,

268 1198 389 1236 Israel
411 1198 511 1235 enim
533 1197 671 1236 noluit.
705 1209 751 1235 ne
773 1198 957 1236 dubitetis
975 1212 983 1236 ε
1015 1199 1122 1236 nulla
1150 1198 1213 1237 hio
1235 1199 1405 1247 exceptio
1429 1201 1488 1237 est
1508 1211 1578 1238 nec
1598 1200 1775 1248 ingenui-

268 1268 360 1305 tatis
397 1279 465 1305 neo
499 1266 700 1315 dignitatis
736 1278 805 1305 nec
842 1267 1072 1305 condicionis
1107 1279 1177 1306 nec
1212 1268 1413 1316 positionis
1445 1280 1514 1306 neo
1546 1269 1687 1308 formae
1708 1281 1825 1312 ne015

268 1337 419 1376 aetatis.
458 1336 550 1374 licet
588 1336 775 1384 dignitate
811 1336 1017 1385 magnifici,
1059 1336 1151 1375 licet
1186 1337 1347 1384 nobiles,
1389 1338 1479 1376 licet
1520 1349 1642 1386 senes,
1687 1339 1778 1377 licet

269 1406 425 1444 iuuenes
446 1417 630 1453 pauperes
653 1406 791 1444 diuites
809 1406 899 1444 boni
916 1406 1092 1454 malique,
1112 1406 1254 1444 domini
1270 1408 1383 1454 atque
1401 1407 1503 1445 serui
1520 1406 1780 1446 indifferenter

269 1475 479 1523 aequaliter
515 1475 670 1512 introite
704 1475 743 1512 in
778 1475 1053 1513 hereditatem:
1093 1475 1166 1514 etsi
1186 1476 1345 1524 pedibus
1378 1478 1511 1523 captus
1544 1478 1658 1523 esset,
1695 1488 1779 1515 cor·-

269 1557 358 1592 pore
392 1545 585 1591 deformis,
623 1545 696 1582 etsi
729 1544 891 1582 maculis
931 1544 1055 1592 turpis
1086 1546 1127 1583 et
1161 1545 1284 1593 capite
1318 1545 1502 1591 defectus,
1548 1546 1621 1583 etsi
1662 1546 1779 1584 oculis

270 1615 461 1658 uiduatus,
497 1614 685 1652 uniuersis
715 1614 832 1652 libere
869 1614 958 1652 licet
991 1614 1226 1653 discumbere
1266 1614 1305 1651 in
1345 1614 1519 1653 conuiuio
1557 1616 1596 1653 et
1636 1614 1782 1663 epulari
1796 1631 1831 1656 ρο

269 1683 423 1730 nuptias
444 1676 607 1730 sponsi⁷.

337 1753 393 1790 Ne
416 1753 603 1791 hominem
625 1753 766 1800 pudeat
786 1764 854 1791 nec
878 1753 1016 1791 aetatis
1037 1765 1105 1791 neo
1125 1753 1354 1792 humilitatis
1374 1766 1443 1792 nec
1464 1753 1693 1791 ualetudinis
1714 1765 1783 1792 nec

273 1821 523 1859 condicionis:
556 1822 752 1860 consueuit
781 1822 880 1860 enim
912 1822 1095 1861 Dominus
1126 1823 1341 1861 huiusmodi
1371 1822 1545 1862 homines
1581 1823 1780 1862 sustinere.

364 2014 382 2046 1
408 2013 491 2047 deus
516 2024 536 2047 v
707 2014 941 2049 caerimonias
967 2015 1036 2060 BQ
1215 2016 1237 2049 2
1261 2026 1407 2050 un*÷÷u1n
1440 2015 1469 2060 Q
1494 2015 1651 2057 (unicum
1676 2015 1737 2056 M)

270 2070 492 2116 primarium]
519 2071 746 2116 unigenitum
774 2073 803 2118 Q
941 2073 998 2107 die
1024 2073 1057 2108 T
1194 2073 1216 2107 3
1241 2073 1434 2118 lugubrum
1459 2073 1533 2108 BT
1673 2073 1697 2107 4
1722 2073 1783 2107 do·

270 2128 359 2162 mini
385 2139 449 2162 om.
479 2129 508 2174 Q
701 2141 784 2164 nece
809 2130 850 2175 e.]
878 2132 1128 2165 concruentum
1157 2133 1190 2166 T
1374 2131 1396 2165 6
1421 2142 1552 2165 nouum
1578 2130 1690 2165 facere
1714 2142 1736 2166 υ

271 2186 517 2230 consignantis
546 2189 585 2231 T,
612 2189 830 2232 consignatis
856 2189 912 2223 Bv
1053 2189 1071 2222 7
1100 2189 1300 2234 spiritibus]
1329 2188 1525 2233 signaculis
1550 2188 1738 2222 Pamelius

270 2245 398 2278 testem
423 2255 565 2289 moysen
590 2247 625 2279 et
650 2246 770 2280 helian
796 2247 918 2292 BQR·
945 2248 991 2290 cs.
1018 2250 1095 2289 136,
1114 2250 1138 2281 8
1254 2249 1414 2281 montem
1438 2247 1512 2281 BT
1633 2246 1655 2280 8
1679 2246 1783 2289 plane

270 2302 370 2336 fieret
395 2303 430 2337 Β
568 2303 652 2348 nisi]
678 2304 717 2338 ni
741 2305 791 2340 M
813 2305 898 2346 (nisi
927 2305 970 2351 Q)
1105 2305 1126 2339 9
1151 2305 1208 2350 de]
1234 2316 1255 2339 a
1279 2316 1300 2340 v
1432 2304 1522 2348 mox]
1548 2314 1627 2337 mox
1651 2305 1692 2336 ut
1718 2315 1738 2338 v

270 2359 327 2393 die
350 2360 459 2394 tertia
484 2361 541 2395 Bv
756 2363 895 2406 aperuit
920 2374 987 2397 om.
1014 2363 1049 2397 Β
1266 2363 1310 2397 10
1333 2362 1588 2397 testamentum
1615 2372 1680 2394 om.
1712 2361 1744 2393 T

271 2417 368 2451 uitae
398 2417 427 2462 Q
452 2429 470 2452 e
494 2430 519 2453 s.
546 2420 568 2453 l.
594 2419 720 2464 (uitale
746 2420 822 2463 M),
854 2420 965 2454 uitale
1000 2421 1131 2454 statuit
1164 2420 1199 2454 B
1416 2419 1460 2453 14
1485 2418 1579 2452 enim
1613 2429 1678 2452 om.
1709 2419 1742 2452 T

271 2474 414 2509 dubites
439 2478 474 2509 et
501 2476 541 2522 Q,
567 2476 706 2511 dubitet
730 2477 804 2511 BT
895 2477 1101 2521 ingenuitas
1125 2489 1187 2512 nec
1212 2477 1372 2522 dignitas
1399 2476 1507 2521 BQT
1598 2476 1640 2510 16
1665 2475 1786 2520 digni-

272 2534 385 2566 tatem
412 2533 481 2567 BT
587 2545 688 2568 senex
715 2534 748 2568 T
854 2535 895 2568 17
922 2535 1007 2569 licet
1032 2546 1199 2579 pauperes
1225 2547 1245 2570 υ
1366 2533 1532 2577 malique]
1560 2533 1679 2576 alique
1704 2532 1740 2566 Β

271 2589 514 2624 indifferenter
539 2601 604 2625 om.
629 2602 650 2625 rv
825 2593 868 2626 ’18
893 2592 929 2626 in
954 2591 1002 2636 h.]
1029 2592 1227 2626 hereditate
1258 2593 1290 2627 T
1449 2590 1613 2635 pedibus]
1639 2589 1784 2623 aedibus

273 2647 382 2692 BQT
518 2650 621 2694 esset]
649 2659 684 2683 es
709 2650 746 2683 et
772 2649 817 2690 B,
843 2660 878 2683 es
905 2649 965 2683 sed
991 2650 1024 2683 T
1174 2651 1217 2684 19
1241 2649 1408 2683 masculis
1434 2648 1470 2681 B
1614 2646 1784 2690 defectus]

272 2703 437 2738 uideatur
461 2705 546 2740 aad.
573 2717 593 2740 v
866 2706 1034 2741 uiduatus
1061 2708 1193 2752 scripsi
1219 2708 1281 2751 (cf.
1307 2709 1386 2747 141,
1411 2707 1459 2751 4),
1491 2705 1645 2739 uideatis
1671 2704 1785 2750 BQT,

272 2761 429 2796 defectus
457 2773 475 2796 v
671 2764 717 2798 20
742 2765 779 2798 in
803 2764 948 2809 nuptias
974 2776 994 2799 v
1198 2765 1242 2799 21
1269 2764 1387 2809 sponsi
1412 2763 1466 2807 ne]
1495 2763 1680 2806 sponsione
1709 2762 1742 2796 T

271 2817 316 2852 23
342 2819 524 2854 eonsuebit
554 2822 587 2854 T
722 2822 829 2866 modi]
856 2822 978 2856 mundi
1003 2822 1084 2856 MT
1107 2822 1216 2866 (modi
1245 2821 1289 2867 Q)
1430 2820 1612 2854 hominem
1638 2831 1658 2854 v
