2032 3248
317 186 401 228 252
722 183 913 218 Arnobii
943 184 1160 219 aduersus
1196 184 1403 218 nationes

317 299 434 342 nobis
463 299 507 341 in
537 299 727 341 manibus
757 298 984 340 hostiarum
1015 310 1147 340 sermo
1178 299 1376 352 uersatur,
1409 310 1512 352 quae
1543 310 1677 351 causa,
1709 312 1811 353 quae

315 369 420 411 ratio
450 369 525 419 est,
558 367 605 409 ut
635 379 728 408 cum
759 367 818 409 dii
848 366 1088 409 inmortales
1108 392 1166 398 —
1185 367 1271 409 sint
1301 367 1410 410 enim
1442 368 1482 409 et
1512 380 1583 422 per
1612 380 1684 410 nos
1714 369 1814 412 licet

316 437 560 491 quicumque
591 447 677 478 esse
707 435 929 478 creduntur
968 462 1018 468 —
1056 436 1141 478 sint
1181 437 1302 478 unius
1344 437 1543 479 essentiae
1583 437 1651 480 uel
1690 438 1812 481 unius

316 506 493 549 debeant
524 517 610 548 esse
640 505 823 556 naturae,
854 504 1014 559 generis
1045 505 1087 547 et
1107 504 1322 559 qualitatis
1346 505 1482 558 unius,
1513 517 1592 548 non
1622 506 1812 549 omnibus

314 587 455 617 omnes
490 573 637 616 hostiis
673 572 743 615 sed
778 573 1024 627 quibusdam
1061 573 1227 628 quidam
1262 586 1470 617 sacrorum
1500 574 1759 617 mulceantur
1790 588 1811 617 6
1842 591 1857 617 ⁵

313 643 504 698 legibus?
545 655 648 697 quae
679 643 741 684 est
778 643 890 684 enim
920 654 1054 695 causa,
1086 643 1295 697 requiram
1325 643 1372 684 ut
1402 643 1543 685 eadem
1573 656 1734 697 rursus,
1765 644 1812 695 ut

313 713 385 755 ille
415 712 547 754 tauris
588 711 708 766 deus,
751 710 893 754 haedis
929 711 1036 754 alius
1066 711 1288 754 honoretur
1318 713 1391 754 aut
1421 713 1589 765 ouibus,
1630 714 1696 755 hic
1726 714 1812 756 lac-

313 781 496 824 tentibus
527 780 729 835 porcuHs,
762 780 867 822 alter
896 780 1069 823 intonsis
1101 781 1240 836 agnis,
1271 781 1338 823 hic
1368 781 1600 837 uirginibus
1630 782 1809 835 bubulis,

314 850 446 905 capris
477 849 550 892 ille
581 848 775 901 cornutiS‚
808 849 875 891 hic
905 849 1118 892 sterilibus
1148 850 1341 901 uaccuHs,
1384 851 1430 893 at
1459 851 1532 893 ille
1561 851 1811 894 incientibus

313 919 463 974 scrofis,
495 918 563 961 hic
594 918 841 970 albentibuS‚
874 918 948 960 ille
979 918 1138 974 taetris,
1169 918 1274 961 alter
1302 919 1470 962 feminei
1502 921 1672 975 generis,
1705 921 1811 964 alter
1823 937 1856 963 ιο

312 1000 406 1031 uero
446 988 728 1031 animantibus
766 987 1037 1030 masculinis?
1081 988 1117 1030 si
1148 987 1260 1030 enim
1289 987 1454 1031 honoris
1487 990 1528 1032 et
1557 990 1810 1033 reuerentiae

313 1070 437 1100 causa
475 1057 711 1100 mactantur
741 1057 804 1099 dis
836 1056 1011 1109 hostiae,
1054 1057 1155 1110 quid
1194 1056 1320 1099 refert
1359 1058 1430 1100 aut
1460 1057 1652 1110 interest,
1694 1059 1810 1101 cuius

313 1126 503 1169 animalis
534 1139 555 1168 e
587 1126 718 1180 capite
759 1126 900 1168 luatur
937 1126 1014 1168 hoc
1054 1125 1261 1181 debitum,
1305 1127 1423 1169 cuius
1462 1127 1525 1170 ira
1564 1127 1810 1182 offensioque

310 1197 515 1249 ponatur?
565 1209 618 1238 an
662 1196 863 1249 numquid
914 1196 1086 1238 alterius
1132 1195 1254 1238 alteri
1301 1196 1523 1239 animantis
1568 1197 1723 1252 gratior
1768 1198 1809 1239 et

310 1265 524 1308 iucundior
555 1264 724 1320 sanguis
755 1266 837 1316 est,
870 1264 989 1308 alteri
1020 1278 1115 1308 uero
1146 1265 1318 1308 alterius
1349 1266 1607 1320 uoluptatem
1627 1265 1810 1308 infundit
1822 1280 1854 1306 15

311 1336 352 1377 et
381 1334 608 1389 gaudium?
653 1334 745 1385 aut,
793 1334 840 1376 ut
869 1334 958 1377 fieri
996 1334 1122 1377 moris
1161 1335 1245 1386 est,
1292 1334 1592 1377 obseruationis
1632 1334 1808 1377 alicuius

177 1403 321 1458 f.143bl
358 1404 399 1446 et
428 1403 640 1459 religionis
670 1404 784 1446 metu
822 1403 896 1446 ille
927 1403 1094 1458 caprina
1132 1403 1313 1446 abstinet
1343 1416 1386 1446 se
1416 1416 1555 1455 carne,
1594 1404 1808 1457 porcinum

311 1472 417 1515 alius
458 1474 669 1515 execratur
708 1472 938 1527 attactum,
980 1472 1077 1514 huic
1118 1472 1247 1514 ouilla
1276 1472 1479 1515 fetulenta
1510 1473 1607 1514 sunt
1637 1473 1807 1524 uiscera,

311 1554 357 1584 ac
397 1555 447 1584 ne
487 1541 747 1585 stomachum
788 1541 936 1596 fatiget
975 1541 1223 1594 inualidum,
1266 1541 1332 1583 hic
1372 1541 1572 1584 bubulam
1612 1540 1809 1583 duritiem

309 1611 418 1653 uitat
448 1610 489 1652 et
518 1610 763 1652 lactentium
794 1610 1028 1662 lenitatem,
1069 1623 1147 1664 quo
1178 1610 1338 1665 digerat
1368 1609 1617 1665 expeditius,
1649 1610 1853 1652 sumitP20

245 1679 295 1720 19
310 1679 382 1722 sed
411 1691 539 1730 611613,
571 1679 726 1733 inquit,
760 1680 801 1721 et
831 1679 1000 1721 laberis:
1031 1692 1129 1721 nam
1160 1679 1221 1721 dis
1250 1678 1415 1722 feminis
1446 1678 1642 1730 feminas,
1675 1691 1806 1720 mares

305 1748 488 1792 maribus
518 1747 674 1790 hostias
704 1748 919 1790 immolare
955 1748 1146 1790 abstrusa
1176 1748 1217 1790 et
1238 1748 1407 1790 interior
1436 1747 1543 1790 ratio
1574 1748 1636 1790 est
1664 1746 1806 1802 uulgi-

308 1829 385 1871 que
406 1830 430 1859 a
451 1817 683 1872 cognitione
704 1817 873 1859 dimota.
914 1828 996 1859 non
1016 1817 1189 1871 inquiro,
1222 1830 1302 1859 non
1324 1817 1455 1872 exigo,
1478 1817 1577 1871 quid
1598 1827 1806 1859 sacrorum

306 1886 556 1940 praecipiant
587 1885 655 1928 uel
686 1886 786 1939 quid
816 1885 1049 1928 contineant
1078 1886 1208 1941 leges3
1241 1886 1312 1928 sed
1332 1886 1368 1928 si
1388 1886 1537 1928 uicerit
1557 1885 1661 1928 ratio
1684 1886 1807 1938 atque

307 1954 530 1997 obtinuerit
570 1955 748 2006 ueritas,
790 1954 1067 1997 differentiam
1107 1967 1303 2010 generum
1339 1955 1499 1997 nullam
1530 1954 1575 1996 in
1607 1954 1686 1997 diis
1718 1966 1805 1996 6336
1818 1967 1850 1993 25

307 2036 436 2078 neque
466 2023 564 2066 ullis
595 2024 758 2066 sexibus
789 2036 857 2066 eos
888 2036 973 2066 esse
1004 2024 1214 2075 discretos,
1245 2036 1375 2066 nonne
1406 2024 1512 2066 solui
1542 2036 1705 2066 necesse
1728 2026 1803 2075 est,

306 2105 437 2136 nonne
467 2093 645 2135 rationes
676 2093 749 2135 has
781 2104 918 2134 omnes
949 2105 996 2135 ex
1019 2092 1282 2135 stultissimis
1303 2093 1479 2135 creditas
1500 2092 1805 2146 opinationibus

307 2162 582 2216 comprobari,
615 2161 819 2204 inueniri?
859 2161 1109 2214 sapientium
1144 2161 1330 2204 uirorum
1360 2174 1440 2203 non
1470 2161 1679 2204 aduocabo
1711 2173 1805 2203 sen-

306 2231 471 2282 tentias,
504 2231 575 2284 qui
606 2231 737 2273 risum
767 2231 977 2283 nequeunt
1007 2230 1226 2282 continere,
1259 2242 1351 2271 cum
1373 2230 1612 2272 discrimina
1634 2242 1803 2272 sexuum

306 2300 386 2342 diis
416 2300 590 2342 audiunt
619 2298 924 2341 immortalibus
965 2299 1192 2341 attributa:
1234 2310 1475 2352 unoquoque
1505 2298 1558 2341 ab
1589 2298 1803 2340 hominum
1815 2313 1849 2340 30

350 2471 372 2505 2
395 2470 602 2505 inmortales
626 2470 662 2504 P
820 2470 842 2505 3
866 2470 1036 2505 essentiae
1059 2470 1191 2514 scripsi
1200 2483 1210 2502 .-
1249 2469 1446 2505 sententiae
1471 2470 1507 2504 P
1658 2470 1679 2504 5
1704 2480 1721 2503 6
1747 2480 1802 2504 om

306 2528 379 2563 Sab
523 2531 525 2534 '
562 2528 584 2563 8
620 2526 757 2562 buculis
798 2527 865 2562 Gel
899 2527 1058 2562 ‘ouiculis
1094 2528 1154 2562 uel
1188 2526 1325 2561 buculis
1359 2527 1420 2562 uel
1465 2527 1601 2562 uitulis'
1642 2526 1713 2561 Urs

305 2585 326 2619 9
358 2585 572 2620 incientibus
604 2585 691 2620 Urs.-
721 2584 929 2630 ingentibus
953 2584 990 2619 P
1126 2584 1169 2619 10
1193 2584 1282 2618 atris
1307 2583 1381 2618 Sab
1519 2584 1562 2618 12
1585 2583 1655 2618 diis
1680 2595 1724 2618 ex
1749 2583 1802 2618 dis

305 2655 386 2680 corr
401 2645 438 2678 P
570 2644 614 2679 14
636 2644 828 2679 animantis
844 2644 993 2688 scripsi.-
1017 2643 1137 2677 minus
1162 2643 1197 2677 P
1219 2643 1382 2677 animalis
1407 2643 1475 2677 Urs
1499 2642 1655 2677 muneris
1672 2642 1802 2677 Kzuss-

304 2711 462 2736 mannus
485 2712 612 2736 munus
629 2701 820 2746 Hauptius
935 2697 1071 2745 gratius
1097 2703 1132 2735 et
1148 2699 1335 2735 iucundius
1353 2700 1543 2744 Hauptius
1637 2700 1678 2734 19
1704 2698 1801 2733 stho—

305 2768 442 2792 macum
468 2758 504 2792 P
639 2759 683 2793 21
709 2758 777 2793 diis
802 2769 846 2793 ex
877 2757 931 2792 dis
956 2768 1038 2793 corr
1064 2758 1099 2792 P
1234 2757 1279 2791 24
1302 2757 1441 2801 uicerit]
1467 2757 1610 2791 iusserit
1637 2756 1709 2792 Sab

305 2815 348 2849 27
372 2825 486 2849 nonne
510 2815 566 2849 del
592 2815 692 2850 Salm
829 2825 868 2849 ex
891 2815 1038 2859 scripsi.-
1064 2816 1099 2849 et
1122 2815 1156 2848 P
1177 2825 1194 2849 c
1220 2814 1292 2849 Sab
