<?xml version="1.0" encoding="UTF-8"?>
<!DOCTYPE html PUBLIC "-//W3C//DTD XHTML 1.0 Transitional//EN"
    "http://www.w3.org/TR/xhtml1/DTD/xhtml1-transitional.dtd">
<html xmlns="http://www.w3.org/1999/xhtml" xml:lang="en" lang="en">
 <head>
  <title>
</title>
<meta http-equiv="Content-Type" content="text/html;charset=utf-8" />
  <meta name='ocr-system' content='tesseract 3.04.00' />
  <meta name='ocr-capabilities' content='ocr_page ocr_carea ocr_par ocr_line ocrx_word'/>
</head>
<body>
  <div class='ocr_page' id='page_1' title='image "./corpusscriptorum03cypruoft/corpusscriptorum03cypruoft_0702.png"; bbox 0 0 2032 3248; ppageno 0'>
   <div class='ocr_carea' id='block_1_1' title="bbox 343 267 1428 312">
    <p class='ocr_par' dir='ltr' id='par_1_1' title="bbox 343 267 1428 312">
     <span class='ocr_line' id='line_1_1' title="bbox 343 267 1428 312; baseline -0.005 -5"><span class='ocrx_word' id='word_1_1' title='bbox 343 271 424 312; x_wconf 84' lang='lat'>122</span> <span class='ocrx_word' id='word_1_2' title='bbox 752 267 943 303; x_wconf 89' lang='lat' dir='ltr'>Arnobii</span> <span class='ocrx_word' id='word_1_3' title='bbox 975 267 1190 302; x_wconf 84' lang='lat' dir='ltr'>aduersus</span> <span class='ocrx_word' id='word_1_4' title='bbox 1219 267 1428 302; x_wconf 86' lang='lat' dir='ltr'>nationes</span> 
     </span>
    </p>
   </div>
   <div class='ocr_carea' id='block_1_2' title="bbox 238 382 1884 2367">
    <p class='ocr_par' dir='ltr' id='par_1_2' title="bbox 238 382 1884 2367">
     <span class='ocr_line' id='line_1_2' title="bbox 339 382 1840 438; baseline -0.001 -12"><span class='ocrx_word' id='word_1_5' title='bbox 339 386 489 436; x_wconf 86' lang='lat' dir='ltr'>tactus,</span> <span class='ocrx_word' id='word_1_6' title='bbox 535 382 606 437; x_wconf 89' lang='lat' dir='ltr'>qui</span> <span class='ocrx_word' id='word_1_7' title='bbox 643 383 749 437; x_wconf 91' lang='lat' dir='ltr'>pilos</span> <span class='ocrx_word' id='word_1_8' title='bbox 787 385 827 425; x_wconf 90' lang='lat' dir='ltr'>et</span> <span class='ocrx_word' id='word_1_9' title='bbox 866 383 1081 438; x_wconf 83' lang='lat' dir='ltr'>lanugines</span> <span class='ocrx_word' id='word_1_10' title='bbox 1128 383 1268 425; x_wconf 88' lang='lat' dir='ltr'>credat</span> <span class='ocrx_word' id='word_1_11' title='bbox 1305 383 1346 425; x_wconf 92' lang='lat' dir='ltr'>in</span> <span class='ocrx_word' id='word_1_12' title='bbox 1392 383 1560 425; x_wconf 90' lang='lat' dir='ltr'>deorum</span> <span class='ocrx_word' id='word_1_13' title='bbox 1605 383 1840 437; x_wconf 85' lang='lat' dir='ltr'>corporibus</span> 
     </span>
     <span class='ocr_line' id='line_1_3' title="bbox 340 452 1839 507; baseline -0.001 -12"><span class='ocrx_word' id='word_1_14' title='bbox 340 453 467 505; x_wconf 89' lang='lat' dir='ltr'>nasci,</span> <span class='ocrx_word' id='word_1_15' title='bbox 500 453 570 507; x_wconf 93' lang='lat' dir='ltr'>qui</span> <span class='ocrx_word' id='word_1_16' title='bbox 603 465 800 494; x_wconf 91' lang='lat' dir='ltr'>annorum</span> <span class='ocrx_word' id='word_1_17' title='bbox 831 452 873 494; x_wconf 92' lang='lat' dir='ltr'>in</span> <span class='ocrx_word' id='word_1_18' title='bbox 903 452 990 493; x_wconf 92' lang='lat' dir='ltr'>illis</span> <span class='ocrx_word' id='word_1_19' title='bbox 1012 452 1144 493; x_wconf 87' lang='lat' dir='ltr'>inesse</span> <span class='ocrx_word' id='word_1_20' title='bbox 1167 452 1417 503; x_wconf 90' lang='lat' dir='ltr'>discrimina,</span> <span class='ocrx_word' id='word_1_21' title='bbox 1453 452 1523 505; x_wconf 92' lang='lat' dir='ltr'>qui</span> <span class='ocrx_word' id='word_1_22' title='bbox 1553 453 1593 494; x_wconf 92' lang='lat' dir='ltr'>et</span> <span class='ocrx_word' id='word_1_23' title='bbox 1613 464 1684 505; x_wconf 90' lang='lat' dir='ltr'>per</span> <span class='ocrx_word' id='word_1_24' title='bbox 1704 452 1839 494; x_wconf 90' lang='lat' dir='ltr'>uarias</span> 
     </span>
     <span class='ocr_line' id='line_1_4' title="bbox 338 521 1838 577; baseline -0.001 -13"><span class='ocrx_word' id='word_1_25' title='bbox 338 522 569 577; x_wconf 82' lang='lat' dir='ltr'><strong>tegminum</strong></span> <span class='ocrx_word' id='word_1_26' title='bbox 607 522 730 575; x_wconf 90' lang='lat' dir='ltr'>atque</span> <span class='ocrx_word' id='word_1_27' title='bbox 768 521 995 563; x_wconf 75' lang='lat' dir='ltr'>amictuum</span> <span class='ocrx_word' id='word_1_28' title='bbox 1034 521 1186 562; x_wconf 89' lang='lat' dir='ltr'>formas</span> <span class='ocrx_word' id='word_1_29' title='bbox 1226 522 1397 563; x_wconf 92' lang='lat' dir='ltr'>uestitos</span> <span class='ocrx_word' id='word_1_30' title='bbox 1435 521 1508 563; x_wconf 90' lang='lat' dir='ltr'>hos</span> <span class='ocrx_word' id='word_1_31' title='bbox 1538 521 1597 563; x_wconf 91' lang='lat' dir='ltr'>ire</span> <span class='ocrx_word' id='word_1_32' title='bbox 1636 522 1758 574; x_wconf 90' lang='lat' dir='ltr'>atque</span> <span class='ocrx_word' id='word_1_33' title='bbox 1788 521 1838 563; x_wconf 90' lang='lat' dir='ltr'>ab</span> 
     </span>
     <span class='ocr_line' id='line_1_5' title="bbox 340 589 1838 644; baseline -0.001 -12"><span class='ocrx_word' id='word_1_34' title='bbox 340 591 522 633; x_wconf 89' lang='lat' dir='ltr'>aestibus</span> <span class='ocrx_word' id='word_1_35' title='bbox 553 602 639 632; x_wconf 88' lang='lat' dir='ltr'>sese</span> <span class='ocrx_word' id='word_1_36' title='bbox 670 589 972 644; x_wconf 82' lang='lat' dir='ltr'>frigoribusque</span> <span class='ocrx_word' id='word_1_37' title='bbox 1002 590 1160 632; x_wconf 77' lang='lat' dir='ltr'>tutari?</span> <span class='ocrx_word' id='word_1_38' title='bbox 1200 590 1306 643; x_wconf 92' lang='lat' dir='ltr'>quod</span> <span class='ocrx_word' id='word_1_39' title='bbox 1337 591 1406 643; x_wconf 93' lang='lat' dir='ltr'>qui</span> <span class='ocrx_word' id='word_1_40' title='bbox 1436 590 1562 632; x_wconf 90' lang='lat' dir='ltr'>habet</span> <span class='ocrx_word' id='word_1_41' title='bbox 1592 603 1757 640; x_wconf 90' lang='lat' dir='ltr'>uerum,</span> <span class='ocrx_word' id='word_1_42' title='bbox 1798 591 1838 631; x_wconf 90' lang='lat' dir='ltr'>et</span> 
     </span>
     <span class='ocr_line' id='line_1_6' title="bbox 340 659 1883 711; baseline -0.001 -10"><span class='ocrx_word' id='word_1_43' title='bbox 340 659 415 701; x_wconf 90' lang='lat' dir='ltr'>hoc</span> <span class='ocrx_word' id='word_1_44' title='bbox 445 671 607 701; x_wconf 89' lang='lat' dir='ltr'>necesse</span> <span class='ocrx_word' id='word_1_45' title='bbox 638 659 700 700; x_wconf 92' lang='lat' dir='ltr'>est</span> <span class='ocrx_word' id='word_1_46' title='bbox 739 659 950 711; x_wconf 90' lang='lat' dir='ltr'>tamquam</span> <span class='ocrx_word' id='word_1_47' title='bbox 987 671 1132 700; x_wconf 88' lang='lat' dir='ltr'>uerum</span> <span class='ocrx_word' id='word_1_48' title='bbox 1172 659 1364 711; x_wconf 88' lang='lat' dir='ltr'>accipiat:</span> <span class='ocrx_word' id='word_1_49' title='bbox 1406 671 1492 700; x_wconf 89' lang='lat' dir='ltr'>esse</span> <span class='ocrx_word' id='word_1_50' title='bbox 1523 659 1619 700; x_wconf 90' lang='lat' dir='ltr'>deos</span> <span class='ocrx_word' id='word_1_51' title='bbox 1649 659 1836 708; x_wconf 86' lang='lat' dir='ltr'>fullones,</span> <span class='ocrx_word' id='word_1_52' title='bbox 1868 675 1883 699; x_wconf 78' lang='lat'><strong>⁵</strong></span> 
     </span>
     <span class='ocr_line' id='line_1_7' title="bbox 339 727 1838 781; baseline -0.001 -12"><span class='ocrx_word' id='word_1_53' title='bbox 339 740 425 770; x_wconf 89' lang='lat' dir='ltr'>esse</span> <span class='ocrx_word' id='word_1_54' title='bbox 456 730 660 780; x_wconf 80' lang='lat' dir='ltr'>tonsores,</span> <span class='ocrx_word' id='word_1_55' title='bbox 693 727 763 780; x_wconf 92' lang='lat' dir='ltr'>qui</span> <span class='ocrx_word' id='word_1_56' title='bbox 794 727 861 769; x_wconf 93' lang='lat' dir='ltr'>uel</span> <span class='ocrx_word' id='word_1_57' title='bbox 892 739 1027 768; x_wconf 89' lang='lat' dir='ltr'>sacras</span> <span class='ocrx_word' id='word_1_58' title='bbox 1058 727 1199 769; x_wconf 90' lang='lat' dir='ltr'>eluant</span> <span class='ocrx_word' id='word_1_59' title='bbox 1230 730 1364 769; x_wconf 87' lang='lat' dir='ltr'>uestes</span> <span class='ocrx_word' id='word_1_60' title='bbox 1395 728 1463 768; x_wconf 92' lang='lat' dir='ltr'>uel</span> <span class='ocrx_word' id='word_1_61' title='bbox 1495 727 1666 781; x_wconf 85' lang='lat' dir='ltr'>capillos</span> <span class='ocrx_word' id='word_1_62' title='bbox 1698 727 1838 768; x_wconf 91' lang='lat' dir='ltr'>immi-</span> 
     </span>
     <span class='ocr_line' id='line_1_8' title="bbox 338 795 1839 838; baseline -0.001 0"><span class='ocrx_word' id='word_1_63' title='bbox 338 798 467 838; x_wconf 87' lang='lat' dir='ltr'>nuant</span> <span class='ocrx_word' id='word_1_64' title='bbox 506 796 814 838; x_wconf 90' lang='lat' dir='ltr'>siluescentium</span> <span class='ocrx_word' id='word_1_65' title='bbox 853 795 1028 837; x_wconf 90' lang='lat' dir='ltr'>crinium</span> <span class='ocrx_word' id='word_1_66' title='bbox 1069 795 1292 838; x_wconf 89' lang='lat' dir='ltr'>uelleribus</span> <span class='ocrx_word' id='word_1_67' title='bbox 1322 795 1538 838; x_wconf 83' lang='lat' dir='ltr'>inuolutis.</span> <span class='ocrx_word' id='word_1_68' title='bbox 1585 796 1697 838; x_wconf 89' lang='lat' dir='ltr'>itane</span> <span class='ocrx_word' id='word_1_69' title='bbox 1727 796 1839 838; x_wconf 88' lang='lat' dir='ltr'>istud</span> 
     </span>
     <span class='ocr_line' id='line_1_9' title="bbox 338 865 1838 919; baseline -0.001 -12"><span class='ocrx_word' id='word_1_70' title='bbox 338 877 416 908; x_wconf 92' lang='lat' dir='ltr'>non</span> <span class='ocrx_word' id='word_1_71' title='bbox 457 867 596 919; x_wconf 89' lang='lat' dir='ltr'>turpe,</span> <span class='ocrx_word' id='word_1_72' title='bbox 634 877 715 906; x_wconf 91' lang='lat' dir='ltr'>non</span> <span class='ocrx_word' id='word_1_73' title='bbox 752 865 978 917; x_wconf 91' lang='lat' dir='ltr'>impietatis</span> <span class='ocrx_word' id='word_1_74' title='bbox 1011 866 1052 906; x_wconf 90' lang='lat' dir='ltr'>et</span> <span class='ocrx_word' id='word_1_75' title='bbox 1082 865 1355 907; x_wconf 88' lang='lat' dir='ltr'>contumeliae</span> <span class='ocrx_word' id='word_1_76' title='bbox 1393 865 1560 918; x_wconf 90' lang='lat' dir='ltr'>plenum</span> <span class='ocrx_word' id='word_1_77' title='bbox 1592 865 1674 915; x_wconf 89' lang='lat' dir='ltr'>est,</span> <span class='ocrx_word' id='word_1_78' title='bbox 1714 865 1838 906; x_wconf 92' lang='lat' dir='ltr'>mori-</span> 
     </span>
     <span class='ocr_line' id='line_1_10' title="bbox 337 933 1837 988; baseline -0.001 -12"><span class='ocrx_word' id='word_1_79' title='bbox 337 934 464 976; x_wconf 91' lang='lat' dir='ltr'>bundi</span> <span class='ocrx_word' id='word_1_80' title='bbox 495 935 535 976; x_wconf 89' lang='lat' dir='ltr'>et</span> <span class='ocrx_word' id='word_1_81' title='bbox 566 934 707 976; x_wconf 86' lang='lat' dir='ltr'>caduci</span> <span class='ocrx_word' id='word_1_82' title='bbox 738 933 960 975; x_wconf 88' lang='lat' dir='ltr'>animantis</span> <span class='ocrx_word' id='word_1_83' title='bbox 992 933 1237 975; x_wconf 89' lang='lat' dir='ltr'>liniamenta</span> <span class='ocrx_word' id='word_1_84' title='bbox 1269 934 1347 975; x_wconf 91' lang='lat' dir='ltr'>diis</span> <span class='ocrx_word' id='word_1_85' title='bbox 1380 934 1495 985; x_wconf 91' lang='lat' dir='ltr'>dare,</span> <span class='ocrx_word' id='word_1_86' title='bbox 1541 933 1741 988; x_wconf 89' lang='lat' dir='ltr'>insignire</span> <span class='ocrx_word' id='word_1_87' title='bbox 1773 933 1837 975; x_wconf 88' lang='lat' dir='ltr'>his</span> 
     </span>
     <span class='ocr_line' id='line_1_11' title="bbox 337 1002 1884 1058; baseline 0 -14"><span class='ocrx_word' id='word_1_88' title='bbox 337 1003 544 1058; x_wconf 89' lang='lat' dir='ltr'>partibus,</span> <span class='ocrx_word' id='word_1_89' title='bbox 577 1015 675 1056; x_wconf 89' lang='lat' dir='ltr'>quas</span> <span class='ocrx_word' id='word_1_90' title='bbox 707 1014 965 1053; x_wconf 89' lang='lat' dir='ltr'>enumerare,</span> <span class='ocrx_word' id='word_1_91' title='bbox 1006 1014 1107 1056; x_wconf 86' lang='lat' dir='ltr'>quas</span> <span class='ocrx_word' id='word_1_92' title='bbox 1137 1003 1323 1057; x_wconf 86' lang='lat' dir='ltr'>persequi</span> <span class='ocrx_word' id='word_1_93' title='bbox 1355 1002 1504 1056; x_wconf 89' lang='lat' dir='ltr'>probus</span> <span class='ocrx_word' id='word_1_94' title='bbox 1535 1003 1686 1044; x_wconf 84' lang='lat' dir='ltr'>audeat</span> <span class='ocrx_word' id='word_1_95' title='bbox 1719 1014 1884 1044; x_wconf 88' lang='lat' dir='ltr'>nem01⁰</span> 
     </span>
     <span class='ocr_line' id='line_1_12' title="bbox 337 1070 1837 1126; baseline 0 -13"><span class='ocrx_word' id='word_1_96' title='bbox 337 1084 409 1113; x_wconf 91' lang='lat' dir='ltr'>nec</span> <span class='ocrx_word' id='word_1_97' title='bbox 439 1072 524 1114; x_wconf 90' lang='lat' dir='ltr'>sine</span> <span class='ocrx_word' id='word_1_98' title='bbox 562 1083 746 1113; x_wconf 89' lang='lat' dir='ltr'>summae</span> <span class='ocrx_word' id='word_1_99' title='bbox 784 1070 995 1112; x_wconf 87' lang='lat' dir='ltr'>foeditatis</span> <span class='ocrx_word' id='word_1_100' title='bbox 1026 1071 1190 1113; x_wconf 93' lang='lat' dir='ltr'>horrore</span> <span class='ocrx_word' id='word_1_101' title='bbox 1231 1071 1382 1113; x_wconf 89' lang='lat' dir='ltr'>mentis</span> <span class='ocrx_word' id='word_1_102' title='bbox 1414 1071 1711 1126; x_wconf 84' lang='lat' dir='ltr'>imaginatione</span> <span class='ocrx_word' id='word_1_103' title='bbox 1742 1083 1837 1113; x_wconf 88' lang='lat' dir='ltr'>con-</span> 
     </span>
     <span class='ocr_line' id='line_1_13' title="bbox 338 1138 1837 1195; baseline -0.001 -13"><span class='ocrx_word' id='word_1_104' title='bbox 338 1141 499 1195; x_wconf 78' lang='lat' dir='ltr'>cipere?</span> <span class='ocrx_word' id='word_1_105' title='bbox 548 1140 692 1181; x_wconf 90' lang='lat' dir='ltr'>hocine</span> <span class='ocrx_word' id='word_1_106' title='bbox 732 1140 795 1181; x_wconf 90' lang='lat' dir='ltr'>est</span> <span class='ocrx_word' id='word_1_107' title='bbox 834 1139 941 1181; x_wconf 91' lang='lat' dir='ltr'>illud</span> <span class='ocrx_word' id='word_1_108' title='bbox 981 1138 1197 1182; x_wconf 87' lang='lat' dir='ltr'>fastidium</span> <span class='ocrx_word' id='word_1_109' title='bbox 1238 1142 1446 1192; x_wconf 89' lang='lat' dir='ltr'>uestrum,</span> <span class='ocrx_word' id='word_1_110' title='bbox 1499 1141 1698 1193; x_wconf 85' lang='lat' dir='ltr'>sapientia</span> <span class='ocrx_word' id='word_1_111' title='bbox 1736 1141 1837 1182; x_wconf 91' lang='lat' dir='ltr'>haec</span> 
     </span>
     <span class='ocr_line' id='line_1_14' title="bbox 337 1208 1835 1264; baseline -0.001 -12"><span class='ocrx_word' id='word_1_112' title='bbox 337 1212 560 1264; x_wconf 87' lang='lat' dir='ltr'>adrogans,</span> <span class='ocrx_word' id='word_1_113' title='bbox 592 1221 672 1262; x_wconf 93' lang='lat' dir='ltr'>qua</span> <span class='ocrx_word' id='word_1_114' title='bbox 702 1208 903 1262; x_wconf 87' lang='lat' dir='ltr'>despuitis</span> <span class='ocrx_word' id='word_1_115' title='bbox 934 1220 1006 1250; x_wconf 90' lang='lat' dir='ltr'>nos</span> <span class='ocrx_word' id='word_1_116' title='bbox 1038 1210 1085 1250; x_wconf 93' lang='lat' dir='ltr'>ut</span> <span class='ocrx_word' id='word_1_117' title='bbox 1114 1208 1234 1250; x_wconf 89' lang='lat' dir='ltr'>rudes</span> <span class='ocrx_word' id='word_1_118' title='bbox 1271 1209 1392 1263; x_wconf 89' lang='lat' dir='ltr'>atque</span> <span class='ocrx_word' id='word_1_119' title='bbox 1425 1222 1589 1251; x_wconf 91' lang='lat' dir='ltr'>omnem</span> <span class='ocrx_word' id='word_1_120' title='bbox 1620 1209 1835 1251; x_wconf 88' lang='lat' dir='ltr'>scientiam</span> 
     </span>
     <span class='ocr_line' id='line_1_15' title="bbox 336 1277 1836 1332; baseline -0.001 -12"><span class='ocrx_word' id='word_1_121' title='bbox 336 1278 482 1320; x_wconf 90' lang='lat' dir='ltr'>remini</span> <span class='ocrx_word' id='word_1_122' title='bbox 530 1291 667 1320; x_wconf 89' lang='lat' dir='ltr'>rerum</span> <span class='ocrx_word' id='word_1_123' title='bbox 706 1278 824 1319; x_wconf 89' lang='lat' dir='ltr'>uobis</span> <span class='ocrx_word' id='word_1_124' title='bbox 864 1278 1099 1319; x_wconf 87' lang='lat' dir='ltr'>diuinarum</span> <span class='ocrx_word' id='word_1_125' title='bbox 1147 1280 1315 1331; x_wconf 77' lang='lat' dir='ltr'>patere?</span> <span class='ocrx_word' id='word_1_126' title='bbox 1350 1278 1652 1332; x_wconf 88' lang='lat' dir='ltr'>Aegyptiorum</span> <span class='ocrx_word' id='word_1_127' title='bbox 1692 1277 1836 1319; x_wconf 89' lang='lat' dir='ltr'>ridetis</span> 
     </span>
     <span class='ocr_line' id='line_1_16' title="bbox 336 1347 1880 1401; baseline 0.001 -12"><span class='ocrx_word' id='word_1_128' title='bbox 336 1347 588 1401; x_wconf 88' lang='lat' dir='ltr'>aenigmata,</span> <span class='ocrx_word' id='word_1_129' title='bbox 630 1348 736 1399; x_wconf 91' lang='lat' dir='ltr'>quod</span> <span class='ocrx_word' id='word_1_130' title='bbox 777 1348 987 1388; x_wconf 90' lang='lat' dir='ltr'>mutorum</span> <span class='ocrx_word' id='word_1_131' title='bbox 1027 1347 1305 1389; x_wconf 90' lang='lat' dir='ltr'>animantium</span> <span class='ocrx_word' id='word_1_132' title='bbox 1343 1348 1495 1389; x_wconf 88' lang='lat' dir='ltr'>formas</span> <span class='ocrx_word' id='word_1_133' title='bbox 1535 1347 1687 1388; x_wconf 92' lang='lat' dir='ltr'>diuinis</span> <span class='ocrx_word' id='word_1_134' title='bbox 1726 1347 1880 1390; x_wconf 73' lang='lat' dir='ltr'>inse-1⁵</span> 
     </span>
     <span class='ocr_line' id='line_1_17' title="bbox 337 1415 1836 1470; baseline -0.001 -12"><span class='ocrx_word' id='word_1_135' title='bbox 337 1416 496 1458; x_wconf 90' lang='lat' dir='ltr'>ruerint</span> <span class='ocrx_word' id='word_1_136' title='bbox 516 1415 648 1457; x_wconf 87' lang='lat' dir='ltr'>causis</span> <span class='ocrx_word' id='word_1_137' title='bbox 680 1415 924 1469; x_wconf 89' lang='lat' dir='ltr'>easdemque</span> <span class='ocrx_word' id='word_1_138' title='bbox 955 1416 1061 1469; x_wconf 91' lang='lat' dir='ltr'>quod</span> <span class='ocrx_word' id='word_1_139' title='bbox 1093 1416 1247 1470; x_wconf 91' lang='lat' dir='ltr'>species</span> <span class='ocrx_word' id='word_1_140' title='bbox 1279 1417 1412 1458; x_wconf 89' lang='lat' dir='ltr'>multo</span> <span class='ocrx_word' id='word_1_141' title='bbox 1444 1417 1537 1458; x_wconf 90' lang='lat' dir='ltr'>ture</span> <span class='ocrx_word' id='word_1_142' title='bbox 1570 1416 1774 1469; x_wconf 89' lang='lat' dir='ltr'>accipiant</span> <span class='ocrx_word' id='word_1_143' title='bbox 1796 1417 1836 1458; x_wconf 92' lang='lat' dir='ltr'>et</span> 
     </span>
     <span class='ocr_line' id='line_1_18' title="bbox 336 1484 1835 1540; baseline 0 -14"><span class='ocrx_word' id='word_1_144' title='bbox 336 1485 492 1538; x_wconf 89' lang='lat' dir='ltr'>reliquo</span> <span class='ocrx_word' id='word_1_145' title='bbox 524 1484 866 1526; x_wconf 87' lang='lat' dir='ltr'>caerimoniarum</span> <span class='ocrx_word' id='word_1_146' title='bbox 896 1485 1064 1540; x_wconf 88' lang='lat' dir='ltr'>paratu:</span> <span class='ocrx_word' id='word_1_147' title='bbox 1097 1497 1170 1527; x_wconf 92' lang='lat' dir='ltr'>uos</span> <span class='ocrx_word' id='word_1_148' title='bbox 1201 1485 1356 1540; x_wconf 87' lang='lat' dir='ltr'>effigies</span> <span class='ocrx_word' id='word_1_149' title='bbox 1387 1486 1602 1528; x_wconf 90' lang='lat' dir='ltr'>hominum</span> <span class='ocrx_word' id='word_1_150' title='bbox 1623 1487 1835 1538; x_wconf 89' lang='lat' dir='ltr'>tamquam</span> 
     </span>
     <span class='ocr_line' id='line_1_19' title="bbox 339 1553 1834 1607; baseline -0.001 -11"><span class='ocrx_word' id='word_1_151' title='bbox 339 1555 508 1596; x_wconf 90' lang='lat' dir='ltr'>deorum</span> <span class='ocrx_word' id='word_1_152' title='bbox 540 1553 790 1595; x_wconf 89' lang='lat' dir='ltr'>ueneramini</span> <span class='ocrx_word' id='word_1_153' title='bbox 830 1554 1056 1606; x_wconf 89' lang='lat' dir='ltr'>potestates</span> <span class='ocrx_word' id='word_1_154' title='bbox 1096 1566 1171 1596; x_wconf 90' lang='lat' dir='ltr'>nec</span> <span class='ocrx_word' id='word_1_155' title='bbox 1206 1555 1334 1607; x_wconf 88' lang='lat' dir='ltr'>pudet</span> <span class='ocrx_word' id='word_1_156' title='bbox 1370 1554 1433 1596; x_wconf 93' lang='lat' dir='ltr'>his</span> <span class='ocrx_word' id='word_1_157' title='bbox 1466 1567 1535 1596; x_wconf 92' lang='lat' dir='ltr'>ora</span> <span class='ocrx_word' id='word_1_158' title='bbox 1565 1554 1716 1596; x_wconf 87' lang='lat' dir='ltr'>terreni</span> <span class='ocrx_word' id='word_1_159' title='bbox 1747 1554 1834 1595; x_wconf 91' lang='lat' dir='ltr'>ani-</span> 
     </span>
     <span class='ocr_line' id='line_1_20' title="bbox 335 1622 1831 1676; baseline -0.001 -11"><span class='ocrx_word' id='word_1_160' title='bbox 335 1623 459 1665; x_wconf 88' lang='lat' dir='ltr'>malis</span> <span class='ocrx_word' id='word_1_161' title='bbox 490 1623 716 1676; x_wconf 85' lang='lat' dir='ltr'>imponere,</span> <span class='ocrx_word' id='word_1_162' title='bbox 757 1622 903 1664; x_wconf 88' lang='lat' dir='ltr'>erroris</span> <span class='ocrx_word' id='word_1_163' title='bbox 941 1622 1043 1665; x_wconf 89' lang='lat' dir='ltr'>alios</span> <span class='ocrx_word' id='word_1_164' title='bbox 1082 1624 1123 1665; x_wconf 88' lang='lat' dir='ltr'>et</span> <span class='ocrx_word' id='word_1_165' title='bbox 1162 1623 1366 1665; x_wconf 89' lang='lat' dir='ltr'>stultitiae</span> <span class='ocrx_word' id='word_1_166' title='bbox 1403 1623 1670 1665; x_wconf 88' lang='lat' dir='ltr'>condemnare</span> <span class='ocrx_word' id='word_1_167' title='bbox 1712 1624 1751 1665; x_wconf 90' lang='lat' dir='ltr'>et</span> <span class='ocrx_word' id='word_1_168' title='bbox 1789 1623 1831 1664; x_wconf 91' lang='lat' dir='ltr'>in</span> 
     </span>
     <span class='ocr_line' id='line_1_21' title="bbox 238 1691 1880 1748; baseline 0.001 -15"><span class='ocrx_word' id='word_1_169' title='bbox 238 1699 321 1734; x_wconf 77' lang='lat' dir='ltr'><strong>f.70</strong></span> <span class='ocrx_word' id='word_1_170' title='bbox 336 1692 482 1735; x_wconf 87' lang='lat' dir='ltr'>erroris</span> <span class='ocrx_word' id='word_1_171' title='bbox 523 1692 704 1734; x_wconf 89' lang='lat' dir='ltr'>eiusdem</span> <span class='ocrx_word' id='word_1_172' title='bbox 743 1692 1015 1733; x_wconf 88' lang='lat' dir='ltr'>similitudine</span> <span class='ocrx_word' id='word_1_173' title='bbox 1046 1705 1092 1734; x_wconf 89' lang='lat' dir='ltr'>ac</span> <span class='ocrx_word' id='word_1_174' title='bbox 1131 1692 1226 1734; x_wconf 88' lang='lat' dir='ltr'>uitii</span> <span class='ocrx_word' id='word_1_175' title='bbox 1263 1691 1267 1748; x_wconf 88' lang='grc' dir='ltr'>Ι</span> <span class='ocrx_word' id='word_1_176' title='bbox 1304 1692 1563 1746; x_wconf 88' lang='lat' dir='ltr'>deprehendi.</span> <span class='ocrx_word' id='word_1_177' title='bbox 1610 1692 1691 1734; x_wconf 90' lang='lat' dir='ltr'>nisi</span> <span class='ocrx_word' id='word_1_178' title='bbox 1730 1691 1833 1734; x_wconf 83' lang='lat' dir='ltr'>forte</span> <span class='ocrx_word' id='word_1_179' title='bbox 1847 1708 1880 1734; x_wconf 81' lang='lat'>20</span> 
     </span>
     <span class='ocr_line' id='line_1_22' title="bbox 274 1748 1831 1814; baseline -0.001 -11"><span class='ocrx_word' id='word_1_180' title='bbox 274 1748 322 1788; x_wconf 79' lang='lat'>¹⁶</span> <span class='ocrx_word' id='word_1_181' title='bbox 337 1761 479 1803; x_wconf 74' lang='lat' dir='ltr'>dicetis</span> <span class='ocrx_word' id='word_1_182' title='bbox 521 1761 622 1802; x_wconf 82' lang='lat' dir='ltr'>alias</span> <span class='ocrx_word' id='word_1_183' title='bbox 665 1761 831 1814; x_wconf 79' lang='lat' dir='ltr'>quidem</span> <span class='ocrx_word' id='word_1_184' title='bbox 870 1761 1004 1802; x_wconf 70' lang='lat' dir='ltr'>inesse</span> <span class='ocrx_word' id='word_1_185' title='bbox 1035 1761 1114 1803; x_wconf 75' lang='lat' dir='ltr'>diis</span> <span class='ocrx_word' id='word_1_186' title='bbox 1152 1760 1317 1813; x_wconf 80' lang='lat' dir='ltr'>formas,</span> <span class='ocrx_word' id='word_1_187' title='bbox 1361 1762 1430 1803; x_wconf 78' lang='lat' dir='ltr'>sed</span> <span class='ocrx_word' id='word_1_188' title='bbox 1466 1760 1628 1802; x_wconf 73' lang='lat' dir='ltr'>honoris</span> <span class='ocrx_word' id='word_1_189' title='bbox 1659 1763 1699 1802; x_wconf 73' lang='lat' dir='ltr'>et</span> <span class='ocrx_word' id='word_1_190' title='bbox 1730 1761 1831 1802; x_wconf 70' lang='lat' dir='ltr'>dicis</span> 
     </span>
     <span class='ocr_line' id='line_1_23' title="bbox 337 1829 1834 1884; baseline -0.001 -13"><span class='ocrx_word' id='word_1_191' title='bbox 337 1842 460 1871; x_wconf 88' lang='lat' dir='ltr'>causa</span> <span class='ocrx_word' id='word_1_192' title='bbox 491 1829 643 1883; x_wconf 88' lang='lat' dir='ltr'>species</span> <span class='ocrx_word' id='word_1_193' title='bbox 673 1841 745 1870; x_wconf 91' lang='lat' dir='ltr'>uos</span> <span class='ocrx_word' id='word_1_194' title='bbox 768 1831 825 1871; x_wconf 90' lang='lat' dir='ltr'>eis</span> <span class='ocrx_word' id='word_1_195' title='bbox 849 1830 1223 1872; x_wconf 86' lang='lat' dir='ltr'>accommodauisse</span> <span class='ocrx_word' id='word_1_196' title='bbox 1243 1830 1505 1872; x_wconf 88' lang='lat' dir='ltr'>mortalium:</span> <span class='ocrx_word' id='word_1_197' title='bbox 1540 1829 1647 1884; x_wconf 89' lang='lat' dir='ltr'>quod</span> <span class='ocrx_word' id='word_1_198' title='bbox 1669 1830 1834 1871; x_wconf 91' lang='lat' dir='ltr'>maioris</span> 
     </span>
     <span class='ocr_line' id='line_1_24' title="bbox 335 1898 1831 1953; baseline 0 -13"><span class='ocrx_word' id='word_1_199' title='bbox 335 1898 467 1940; x_wconf 90' lang='lat' dir='ltr'>multo</span> <span class='ocrx_word' id='word_1_200' title='bbox 498 1898 560 1940; x_wconf 89' lang='lat' dir='ltr'>est</span> <span class='ocrx_word' id='word_1_201' title='bbox 590 1898 875 1950; x_wconf 80' lang='lat' dir='ltr'>contumeliae,</span> <span class='ocrx_word' id='word_1_202' title='bbox 908 1911 1031 1951; x_wconf 92' lang='lat' dir='ltr'>quam</span> <span class='ocrx_word' id='word_1_203' title='bbox 1053 1900 1199 1940; x_wconf 90' lang='lat' dir='ltr'>erroris</span> <span class='ocrx_word' id='word_1_204' title='bbox 1221 1899 1379 1953; x_wconf 90' lang='lat' dir='ltr'>aliquid</span> <span class='ocrx_word' id='word_1_205' title='bbox 1400 1899 1655 1953; x_wconf 88' lang='lat' dir='ltr'>ignoratione</span> <span class='ocrx_word' id='word_1_206' title='bbox 1676 1898 1831 1940; x_wconf 89' lang='lat' dir='ltr'>fecisse.</span> 
     </span>
     <span class='ocr_line' id='line_1_25' title="bbox 334 1966 1832 2021; baseline 0 -13"><span class='ocrx_word' id='word_1_207' title='bbox 334 1980 429 2009; x_wconf 87' lang='lat' dir='ltr'>nam</span> <span class='ocrx_word' id='word_1_208' title='bbox 460 1967 495 2008; x_wconf 91' lang='lat' dir='ltr'>si</span> <span class='ocrx_word' id='word_1_209' title='bbox 525 1978 598 2008; x_wconf 90' lang='lat' dir='ltr'>uos</span> <span class='ocrx_word' id='word_1_210' title='bbox 629 1967 860 2008; x_wconf 89' lang='lat' dir='ltr'>fateremini</span> <span class='ocrx_word' id='word_1_211' title='bbox 890 1966 933 2008; x_wconf 89' lang='lat' dir='ltr'>id</span> <span class='ocrx_word' id='word_1_212' title='bbox 964 1968 1071 2020; x_wconf 89' lang='lat' dir='ltr'>quod</span> <span class='ocrx_word' id='word_1_213' title='bbox 1102 1969 1242 2010; x_wconf 90' lang='lat' dir='ltr'>uestra</span> <span class='ocrx_word' id='word_1_214' title='bbox 1273 1967 1449 2021; x_wconf 90' lang='lat' dir='ltr'>suspicio</span> <span class='ocrx_word' id='word_1_215' title='bbox 1481 1968 1721 2009; x_wconf 88' lang='lat' dir='ltr'>credidisset</span> <span class='ocrx_word' id='word_1_216' title='bbox 1751 1967 1832 2008; x_wconf 89' lang='lat' dir='ltr'>for-</span> 
     </span>
     <span class='ocr_line' id='line_1_26' title="bbox 334 2035 1878 2090; baseline 0.002 -13"><span class='ocrx_word' id='word_1_217' title='bbox 334 2036 555 2078; x_wconf 89' lang='lat' dir='ltr'>mamentis</span> <span class='ocrx_word' id='word_1_218' title='bbox 587 2035 834 2078; x_wconf 86' lang='lat' dir='ltr'>adtribuisse</span> <span class='ocrx_word' id='word_1_219' title='bbox 866 2036 1041 2087; x_wconf 92' lang='lat' dir='ltr'>diuinis,</span> <span class='ocrx_word' id='word_1_220' title='bbox 1084 2037 1220 2079; x_wconf 90' lang='lat' dir='ltr'>minus</span> <span class='ocrx_word' id='word_1_221' title='bbox 1251 2040 1339 2079; x_wconf 89' lang='lat' dir='ltr'>erat</span> <span class='ocrx_word' id='word_1_222' title='bbox 1368 2037 1540 2079; x_wconf 90' lang='lat' dir='ltr'>iniuriae</span> <span class='ocrx_word' id='word_1_223' title='bbox 1571 2037 1833 2090; x_wconf 86' lang='lat' dir='ltr'>praesumpta</span> <span class='ocrx_word' id='word_1_224' title='bbox 1845 2053 1878 2080; x_wconf 84' lang='lat'>25</span> 
     </span>
     <span class='ocr_line' id='line_1_27' title="bbox 335 2105 1832 2157; baseline 0 -11"><span class='ocrx_word' id='word_1_225' title='bbox 335 2105 376 2146; x_wconf 92' lang='lat' dir='ltr'>in</span> <span class='ocrx_word' id='word_1_226' title='bbox 407 2105 638 2157; x_wconf 88' lang='lat' dir='ltr'>opinatione</span> <span class='ocrx_word' id='word_1_227' title='bbox 667 2117 874 2157; x_wconf 89' lang='lat' dir='ltr'>peccasse:</span> <span class='ocrx_word' id='word_1_228' title='bbox 914 2118 1021 2147; x_wconf 92' lang='lat' dir='ltr'>nunc</span> <span class='ocrx_word' id='word_1_229' title='bbox 1051 2118 1146 2148; x_wconf 88' lang='lat' dir='ltr'>uero</span> <span class='ocrx_word' id='word_1_230' title='bbox 1178 2118 1271 2147; x_wconf 91' lang='lat' dir='ltr'>cum</span> <span class='ocrx_word' id='word_1_231' title='bbox 1303 2106 1416 2147; x_wconf 93' lang='lat' dir='ltr'>aliud</span> <span class='ocrx_word' id='word_1_232' title='bbox 1448 2106 1614 2148; x_wconf 89' lang='lat' dir='ltr'>creditis</span> <span class='ocrx_word' id='word_1_233' title='bbox 1646 2106 1687 2147; x_wconf 90' lang='lat' dir='ltr'>et</span> <span class='ocrx_word' id='word_1_234' title='bbox 1719 2105 1832 2146; x_wconf 87' lang='lat' dir='ltr'>aliud</span> 
     </span>
     <span class='ocr_line' id='line_1_28' title="bbox 335 2172 1831 2228; baseline 0.002 -15"><span class='ocrx_word' id='word_1_235' title='bbox 335 2172 512 2227; x_wconf 89' lang='lat' dir='ltr'>fingitis,</span> <span class='ocrx_word' id='word_1_236' title='bbox 559 2174 600 2214; x_wconf 93' lang='lat' dir='ltr'>et</span> <span class='ocrx_word' id='word_1_237' title='bbox 646 2174 690 2214; x_wconf 91' lang='lat' dir='ltr'>in</span> <span class='ocrx_word' id='word_1_238' title='bbox 733 2186 799 2215; x_wconf 91' lang='lat' dir='ltr'>eos</span> <span class='ocrx_word' id='word_1_239' title='bbox 845 2174 944 2215; x_wconf 89' lang='lat' dir='ltr'>estis</span> <span class='ocrx_word' id='word_1_240' title='bbox 993 2175 1277 2217; x_wconf 88' lang='lat' dir='ltr'>contumeliosi</span> <span class='ocrx_word' id='word_1_241' title='bbox 1322 2175 1471 2228; x_wconf 91' lang='lat' dir='ltr'>quibus</span> <span class='ocrx_word' id='word_1_242' title='bbox 1512 2174 1554 2216; x_wconf 93' lang='lat' dir='ltr'>id</span> <span class='ocrx_word' id='word_1_243' title='bbox 1596 2175 1831 2216; x_wconf 89' lang='lat' dir='ltr'>adtribuitis</span> 
     </span>
     <span class='ocr_line' id='line_1_29' title="bbox 335 2241 1829 2298; baseline 0.001 -15"><span class='ocrx_word' id='word_1_244' title='bbox 335 2242 440 2295; x_wconf 89' lang='lat' dir='ltr'>quod</span> <span class='ocrx_word' id='word_1_245' title='bbox 472 2242 529 2283; x_wconf 90' lang='lat' dir='ltr'>eis</span> <span class='ocrx_word' id='word_1_246' title='bbox 561 2241 811 2284; x_wconf 91' lang='lat' dir='ltr'>confitemini</span> <span class='ocrx_word' id='word_1_247' title='bbox 843 2255 924 2284; x_wconf 91' lang='lat' dir='ltr'>non</span> <span class='ocrx_word' id='word_1_248' title='bbox 955 2256 1056 2293; x_wconf 89' lang='lat' dir='ltr'>esse,</span> <span class='ocrx_word' id='word_1_249' title='bbox 1089 2245 1131 2286; x_wconf 91' lang='lat' dir='ltr'>et</span> <span class='ocrx_word' id='word_1_250' title='bbox 1161 2244 1390 2298; x_wconf 87' lang='lat' dir='ltr'>inreligiosi</span> <span class='ocrx_word' id='word_1_251' title='bbox 1422 2256 1507 2285; x_wconf 88' lang='lat' dir='ltr'>esse</span> <span class='ocrx_word' id='word_1_252' title='bbox 1528 2243 1829 2294; x_wconf 80' lang='lat' dir='ltr'>monstramini,</span> 
     </span>
     <span class='ocr_line' id='line_1_30' title="bbox 334 2311 1830 2367; baseline 0 -15"><span class='ocrx_word' id='word_1_253' title='bbox 334 2323 427 2352; x_wconf 89' lang='lat' dir='ltr'>cum</span> <span class='ocrx_word' id='word_1_254' title='bbox 457 2311 499 2352; x_wconf 91' lang='lat' dir='ltr'>id</span> <span class='ocrx_word' id='word_1_255' title='bbox 530 2311 710 2353; x_wconf 88' lang='lat' dir='ltr'>adoratis</span> <span class='ocrx_word' id='word_1_256' title='bbox 740 2311 848 2366; x_wconf 89' lang='lat' dir='ltr'>quod</span> <span class='ocrx_word' id='word_1_257' title='bbox 878 2312 1050 2367; x_wconf 89' lang='lat' dir='ltr'>fingitis,</span> <span class='ocrx_word' id='word_1_258' title='bbox 1083 2325 1162 2354; x_wconf 90' lang='lat' dir='ltr'>non</span> <span class='ocrx_word' id='word_1_259' title='bbox 1194 2313 1302 2365; x_wconf 89' lang='lat' dir='ltr'>quod</span> <span class='ocrx_word' id='word_1_260' title='bbox 1332 2312 1374 2353; x_wconf 91' lang='lat' dir='ltr'>in</span> <span class='ocrx_word' id='word_1_261' title='bbox 1407 2325 1449 2354; x_wconf 91' lang='lat' dir='ltr'>re</span> <span class='ocrx_word' id='word_1_262' title='bbox 1481 2324 1567 2354; x_wconf 90' lang='lat' dir='ltr'>esse</span> <span class='ocrx_word' id='word_1_263' title='bbox 1589 2312 1758 2365; x_wconf 86' lang='lat' dir='ltr'>ipsaque</span> <span class='ocrx_word' id='word_1_264' title='bbox 1788 2312 1830 2352; x_wconf 90' lang='lat' dir='ltr'>in</span> 
     </span>
    </p>
   </div>
   <div class='ocr_carea' id='block_1_3' title="bbox 329 2492 1832 2878">
    <p class='ocr_par' dir='ltr' id='par_1_3' title="bbox 329 2492 1832 2878">
     <span class='ocr_line' id='line_1_31' title="bbox 379 2492 1830 2536; baseline 0.001 -10"><span class='ocrx_word' id='word_1_265' title='bbox 379 2493 397 2526; x_wconf 94' lang='lat'>1</span> <span class='ocrx_word' id='word_1_266' title='bbox 423 2492 522 2536; x_wconf 89' lang='lat' dir='ltr'>polos</span> <span class='ocrx_word' id='word_1_267' title='bbox 548 2493 583 2527; x_wconf 92' lang='lat' dir='ltr'><em>P</em></span> <span class='ocrx_word' id='word_1_268' title='bbox 606 2503 687 2528; x_wconf 84' lang='lat' dir='ltr'>corr</span> <span class='ocrx_word' id='word_1_269' title='bbox 712 2496 741 2528; x_wconf 70' lang='grc' dir='ltr'>θ’</span> <span class='ocrx_word' id='word_1_270' title='bbox 893 2496 915 2529; x_wconf 83' lang='grc'>5</span> <span class='ocrx_word' id='word_1_271' title='bbox 938 2494 1091 2530; x_wconf 87' lang='lat' dir='ltr'>fullones</span> <span class='ocrx_word' id='word_1_272' title='bbox 1117 2495 1212 2530; x_wconf 80' lang='lat' dir='ltr'>Sab:</span> <span class='ocrx_word' id='word_1_273' title='bbox 1242 2495 1397 2529; x_wconf 89' lang='lat' dir='ltr'>tullones</span> <span class='ocrx_word' id='word_1_274' title='bbox 1423 2495 1458 2529; x_wconf 92' lang='lat' dir='ltr'><strong><em>P</em></strong></span> <span class='ocrx_word' id='word_1_275' title='bbox 1613 2494 1631 2528; x_wconf 83' lang='lat'>7</span> <span class='ocrx_word' id='word_1_276' title='bbox 1656 2494 1830 2528; x_wconf 88' lang='lat' dir='ltr'>inuolutis</span> 
     </span>
     <span class='ocr_line' id='line_1_32' title="bbox 331 2549 1740 2593; baseline 0.002 -11"><span class='ocrx_word' id='word_1_277' title='bbox 331 2549 479 2593; x_wconf 77' lang='lat' dir='ltr'>scripsi.-</span> <span class='ocrx_word' id='word_1_278' title='bbox 504 2550 685 2585; x_wconf 90' lang='lat' dir='ltr'>inuolutos</span> <span class='ocrx_word' id='word_1_279' title='bbox 710 2551 746 2585; x_wconf 92' lang='lat' dir='ltr'><strong><em>P</em></strong></span> <span class='ocrx_word' id='word_1_280' title='bbox 898 2552 941 2585; x_wconf 84' lang='lat'>12</span> <span class='ocrx_word' id='word_1_281' title='bbox 966 2552 1107 2587; x_wconf 91' lang='lat' dir='ltr'>hoccine</span> <span class='ocrx_word' id='word_1_282' title='bbox 1131 2563 1152 2586; x_wconf 84' lang='lat' dir='ltr'>r</span> <span class='ocrx_word' id='word_1_283' title='bbox 1303 2552 1345 2587; x_wconf 87' lang='lat'>13</span> <span class='ocrx_word' id='word_1_284' title='bbox 1371 2551 1575 2586; x_wconf 86' lang='lat' dir='ltr'>sscientiam</span> <span class='ocrx_word' id='word_1_285' title='bbox 1599 2551 1634 2585; x_wconf 89' lang='lat' dir='ltr'><strong><em>P</em></strong></span> <span class='ocrx_word' id='word_1_286' title='bbox 1658 2561 1740 2586; x_wconf 81' lang='lat' dir='ltr'>corr</span> 
     </span>
     <span class='ocr_line' id='line_1_33' title="bbox 333 2606 1832 2644; baseline 0.002 -4"><span class='ocrx_word' id='word_1_287' title='bbox 333 2606 375 2640; x_wconf 88' lang='grc'>16</span> <span class='ocrx_word' id='word_1_288' title='bbox 400 2607 561 2641; x_wconf 85' lang='lat' dir='ltr'>censibus</span> <span class='ocrx_word' id='word_1_289' title='bbox 593 2607 750 2642; x_wconf 75' lang='lat' dir='ltr'>Orellius</span> <span class='ocrx_word' id='word_1_290' title='bbox 910 2611 989 2643; x_wconf 87' lang='lat' dir='ltr'>ture</span> <span class='ocrx_word' id='word_1_291' title='bbox 1015 2609 1107 2644; x_wconf 83' lang='lat' dir='ltr'>Sab:</span> <span class='ocrx_word' id='word_1_292' title='bbox 1143 2609 1219 2643; x_wconf 86' lang='lat' dir='ltr'>iure</span> <span class='ocrx_word' id='word_1_293' title='bbox 1244 2610 1280 2643; x_wconf 91' lang='lat' dir='ltr'><strong><em>P</em></strong></span> <span class='ocrx_word' id='word_1_294' title='bbox 1444 2609 1486 2643; x_wconf 88' lang='lat'>19</span> <span class='ocrx_word' id='word_1_295' title='bbox 1511 2609 1619 2644; x_wconf 91' lang='lat' dir='ltr'>errori</span> <span class='ocrx_word' id='word_1_296' title='bbox 1643 2608 1771 2643; x_wconf 82' lang='lat' dir='ltr'>asalios</span> <span class='ocrx_word' id='word_1_297' title='bbox 1796 2608 1832 2643; x_wconf 90' lang='lat' dir='ltr'><strong><em>P</em></strong></span> 
     </span>
     <span class='ocr_line' id='line_1_34' title="bbox 332 2664 1829 2710; baseline 0.001 -13"><span class='ocrx_word' id='word_1_298' title='bbox 332 2674 415 2698; x_wconf 77' lang='lat' dir='ltr'>corr</span> <span class='ocrx_word' id='word_1_299' title='bbox 431 2666 459 2698; x_wconf 93' lang='lat' dir='ltr'>c¹</span> <span class='ocrx_word' id='word_1_300' title='bbox 551 2665 597 2699; x_wconf 82' lang='lat'>20</span> <span class='ocrx_word' id='word_1_301' title='bbox 619 2664 701 2699; x_wconf 87' lang='lat' dir='ltr'>uitii</span> <span class='ocrx_word' id='word_1_302' title='bbox 719 2666 869 2710; x_wconf 74' lang='lat' dir='ltr'>scripsi.-</span> <span class='ocrx_word' id='word_1_303' title='bbox 894 2666 985 2700; x_wconf 88' lang='lat' dir='ltr'>uitio</span> <span class='ocrx_word' id='word_1_304' title='bbox 1003 2666 1039 2700; x_wconf 92' lang='lat' dir='ltr'><strong><em>P</em></strong></span> <span class='ocrx_word' id='word_1_305' title='bbox 1131 2667 1173 2701; x_wconf 83' lang='lat'>21</span> <span class='ocrx_word' id='word_1_306' title='bbox 1200 2666 1260 2700; x_wconf 88' lang='lat' dir='ltr'>sed</span> <span class='ocrx_word' id='word_1_307' title='bbox 1282 2666 1369 2701; x_wconf 80' lang='lat' dir='ltr'>Urs.-</span> <span class='ocrx_word' id='word_1_308' title='bbox 1394 2668 1430 2699; x_wconf 87' lang='lat' dir='ltr'>et</span> <span class='ocrx_word' id='word_1_309' title='bbox 1451 2666 1486 2699; x_wconf 93' lang='lat' dir='ltr'><strong><em>P</em></strong></span> <span class='ocrx_word' id='word_1_310' title='bbox 1577 2665 1719 2699; x_wconf 89' lang='lat' dir='ltr'>honoris</span> <span class='ocrx_word' id='word_1_311' title='bbox 1739 2666 1829 2700; x_wconf 83' lang='lat' dir='ltr'>Sab:</span> 
     </span>
     <span class='ocr_line' id='line_1_35' title="bbox 329 2720 1739 2767; baseline 0.003 -13"><span class='ocrx_word' id='word_1_312' title='bbox 329 2720 480 2755; x_wconf 85' lang='lat' dir='ltr'>honores</span> <span class='ocrx_word' id='word_1_313' title='bbox 507 2722 542 2755; x_wconf 92' lang='lat' dir='ltr'><strong><em>P</em></strong></span> <span class='ocrx_word' id='word_1_314' title='bbox 678 2722 765 2756; x_wconf 90' lang='lat' dir='ltr'>dicis</span> <span class='ocrx_word' id='word_1_315' title='bbox 790 2723 952 2767; x_wconf 72' lang='lat' dir='ltr'>Lipsius,</span> <span class='ocrx_word' id='word_1_316' title='bbox 984 2723 1072 2758; x_wconf 83' lang='lat' dir='ltr'>Urs.-</span> <span class='ocrx_word' id='word_1_317' title='bbox 1101 2723 1193 2757; x_wconf 91' lang='lat' dir='ltr'>dotis</span> <span class='ocrx_word' id='word_1_318' title='bbox 1218 2723 1254 2757; x_wconf 89' lang='lat' dir='ltr'><strong><em>P</em></strong></span> <span class='ocrx_word' id='word_1_319' title='bbox 1385 2723 1430 2757; x_wconf 81' lang='lat'>22</span> <span class='ocrx_word' id='word_1_320' title='bbox 1455 2733 1574 2757; x_wconf 87' lang='lat' dir='ltr'>causas</span> <span class='ocrx_word' id='word_1_321' title='bbox 1599 2724 1634 2757; x_wconf 91' lang='lat' dir='ltr'><strong><em>P</em></strong></span> <span class='ocrx_word' id='word_1_322' title='bbox 1657 2734 1739 2758; x_wconf 85' lang='lat' dir='ltr'>corr</span> 
     </span>
     <span class='ocr_line' id='line_1_36' title="bbox 331 2777 1827 2824; baseline 0.002 -14"><span class='ocrx_word' id='word_1_323' title='bbox 331 2777 376 2811; x_wconf 77' lang='lat'>24</span> <span class='ocrx_word' id='word_1_324' title='bbox 400 2777 611 2812; x_wconf 86' lang='lat' dir='ltr'>credidissed</span> <span class='ocrx_word' id='word_1_325' title='bbox 638 2779 769 2813; x_wconf 79' lang='lat' dir='ltr'>Pcorr</span> <span class='ocrx_word' id='word_1_326' title='bbox 907 2780 1054 2814; x_wconf 81' lang='lat' dir='ltr'>formam</span> <span class='ocrx_word' id='word_1_327' title='bbox 1080 2780 1210 2814; x_wconf 90' lang='lat' dir='ltr'>mentis</span> <span class='ocrx_word' id='word_1_328' title='bbox 1227 2781 1301 2814; x_wconf 84' lang='lat' dir='ltr'>Sab</span> <span class='ocrx_word' id='word_1_329' title='bbox 1439 2780 1482 2814; x_wconf 81' lang='lat'>26</span> <span class='ocrx_word' id='word_1_330' title='bbox 1508 2780 1709 2824; x_wconf 90' lang='lat' dir='ltr'>opinatione</span> <span class='ocrx_word' id='word_1_331' title='bbox 1735 2780 1827 2815; x_wconf 78' lang='lat' dir='ltr'>Sab:</span> 
     </span>
     <span class='ocr_line' id='line_1_37' title="bbox 331 2834 1739 2878; baseline 0.003 -10"><span class='ocrx_word' id='word_1_332' title='bbox 331 2834 488 2878; x_wconf 83' lang='lat' dir='ltr'>opinatio</span> <span class='ocrx_word' id='word_1_333' title='bbox 507 2835 542 2868; x_wconf 91' lang='lat' dir='ltr'><strong><em>P</em></strong></span> <span class='ocrx_word' id='word_1_334' title='bbox 678 2836 720 2870; x_wconf 79' lang='lat'>27</span> <span class='ocrx_word' id='word_1_335' title='bbox 747 2836 784 2870; x_wconf 91' lang='lat' dir='ltr'>id</span> <span class='ocrx_word' id='word_1_336' title='bbox 808 2836 1010 2871; x_wconf 83' lang='lat' dir='ltr'>attribuitis</span> <span class='ocrx_word' id='word_1_337' title='bbox 1032 2838 1115 2872; x_wconf 76' lang='lat' dir='ltr'>Gel:</span> <span class='ocrx_word' id='word_1_338' title='bbox 1142 2838 1194 2871; x_wconf 81' lang='lat' dir='ltr'>ita</span> <span class='ocrx_word' id='word_1_339' title='bbox 1210 2837 1373 2872; x_wconf 86' lang='lat' dir='ltr'>tribuitis</span> <span class='ocrx_word' id='word_1_340' title='bbox 1391 2838 1427 2871; x_wconf 93' lang='lat' dir='ltr'><strong><em>P</em></strong></span> <span class='ocrx_word' id='word_1_341' title='bbox 1450 2838 1480 2871; x_wconf 92' lang='lat' dir='ltr'>it</span> <span class='ocrx_word' id='word_1_342' title='bbox 1496 2836 1702 2872; x_wconf 88' lang='lat' dir='ltr'>adtribuitis</span> <span class='ocrx_word' id='word_1_343' title='bbox 1718 2849 1739 2872; x_wconf 82' lang='lat' dir='ltr'>r</span> 
     </span>
    </p>
   </div>
   <div class='ocr_carea' id='block_1_4' title="bbox 330 2891 1162 2938">
    <p class='ocr_par' dir='ltr' id='par_1_4' title="bbox 330 2891 1162 2938">
     <span class='ocr_line' id='line_1_38' title="bbox 330 2891 1162 2938; baseline 0.004 -13"><span class='ocrx_word' id='word_1_344' title='bbox 330 2891 375 2925; x_wconf 81' lang='lat'>28</span> <span class='ocrx_word' id='word_1_345' title='bbox 400 2891 449 2926; x_wconf 82' lang='lat' dir='ltr'>eis</span> <span class='ocrx_word' id='word_1_346' title='bbox 481 2892 671 2927; x_wconf 81' lang='lat' dir='ltr'>Oehlerus:</span> <span class='ocrx_word' id='word_1_347' title='bbox 702 2904 759 2927; x_wconf 87' lang='lat' dir='ltr'>eos</span> <span class='ocrx_word' id='word_1_348' title='bbox 786 2894 821 2927; x_wconf 96' lang='lat' dir='ltr'><strong><em>P</em></strong></span> <span class='ocrx_word' id='word_1_349' title='bbox 957 2895 1101 2938; x_wconf 74' lang='lat' dir='ltr'>ipsaque</span> <span class='ocrx_word' id='word_1_350' title='bbox 1127 2895 1162 2928; x_wconf 94' lang='lat' dir='ltr'><strong><em>P</em></strong></span> 
     </span>
    </p>
   </div>
  </div>
 </body>
</html>
