2032 3248
598 228 829 261 uerborum
856 231 897 261 et
923 229 1198 262 locutionum

165 341 389 376 discobinata
421 341 462 375 de
500 342 596 375 limis
629 342 768 383 226,15
809 342 870 376 ad-

165 399 232 432 fari
258 398 300 432 de
325 398 481 442 proximo
507 399 584 440 217,
603 400 623 433 6
649 399 690 433 de
714 400 868 443 proximo

164 455 350 489 admouere
376 466 494 499 preces
520 457 595 497 217,
614 456 634 489 9

1600 235 1682 276 317

935 343 1094 386 deposito
1121 354 1262 388 corpore
1288 346 1404 381 3026

934 399 1132 444 depromere
1165 401 1200 434 in
1226 412 1324 435 aures
1350 402 1505 436 omnium
1531 412 1683 437 eommu-

979 457 1070 490 niter
1094 458 1266 492 audienda
1290 459 1366 497 226,
1388 460 1403 492 1

121 512 314 547 debellator
335 512 532 546 ferocitatis
549 513 868 557 Agdestiae184,6
932 513 1099 557 deputare
1140 515 1236 549 facta
1277 515 1384 558 impia
1424 516 1542 557 235,8
1591 517 1682 550 inter

119 569 280 604 debitum
314 570 478 604 animalis
504 580 520 603 e
545 570 658 614 capite
691 571 866 614 complere

164 627 241 667 254,
262 627 303 660 13
342 626 506 660 animalis
524 637 540 660 e
559 627 671 670 capite
691 627 790 661 luere
806 626 866 661 de-

164 683 281 717 bitum
307 684 384 725 252,
406 684 447 717 13
486 694 539 718 105
566 694 681 718 sacras
699 685 867 718 caerimo-

163 741 302 774 niarum
329 740 498 774 conficere
524 740 654 774 debitis
679 741 755 782 217,
775 741 820 775 25

118 797 304 831 decernere
331 797 526 831 comminus
557 807 734 831 armornm
761 798 866 832 colla-

162 854 260 888 tione
286 854 361 896 144,
379 854 401 887 3

118 911 265 945 decliuis
290 911 327 944 in
360 912 585 955 peccatorum
622 922 751 956 genera
787 912 867 946 uni-

164 978 266 1002 uersa
291 968 345 1010 83,
371 969 415 1002 28

118 1024 260 1059 decreta
286 1025 465 1060 actionum
494 1026 566 1067 124,
585 1026 629 1060 24
662 1026 796 1060 Christi
816 1037 868 1060 sa-

162 1083 296 1117 lutaria
310 1083 522 1127 pacificaque
537 1083 672 1117 decreta
690 1086 720 1124 8,
744 1084 784 1117 15
809 1084 868 1117 de-

166 1144 263 1174 creta
282 1140 410 1174 fatalia
427 1141 480 1182 28,
502 1141 554 1175 16.
580 1140 634 1181 31,
653 1140 697 1174 22
722 1151 784 1174 sua
811 1140 868 1174 de-

162 1198 256 1232 creta
274 1197 480 1232 confirmare
506 1197 560 1238 92,
579 1197 619 1230 21
650 1207 713 1231 sua
730 1197 869 1233 decreta

163 1265 366 1289 conseruare
385 1255 442 1297 (z
460 1257 684 1289 constantem
702 1256 787 1298 esse)
814 1255 868 1296 86,

164 1311 206 1345 10
231 1312 356 1345 nostra
373 1313 552 1355 expectare
571 1312 708 1345 decreta
732 1312 809 1353 280,
828 1313 866 1346 17

162 1368 297 1402 soluere
322 1368 458 1402 decreta
483 1368 706 1402 constantiae
734 1369 807 1411 130,
828 1370 869 1402 11)

117 1435 172 1459 105
197 1424 240 1459 ad
260 1425 403 1459 fluorem
429 1425 739 1469 decursionemque
758 1437 869 1469 prona

162 1482 215 1519 94,
234 1483 278 1517 23

117 1539 220 1573 decus
247 1539 428 1583 publicum
454 1539 685 1584 subiugatum
711 1542 765 1574 est
792 1541 866 1581 144,

164 1597 203 1631 17
238 1599 358 1631 eontra
385 1597 486 1631 decus
520 1597 681 1641 propriae
706 1597 868 1631 sublimi-

161 1655 249 1688 tatis
274 1654 350 1697 270,
369 1654 413 1687 27

117 1711 155 1745 in
183 1711 358 1755 sapientia
384 1710 524 1744 deditus
549 1711 666 1752 40,12

118 1767 309 1802 deductum
341 1767 385 1801 ab
422 1768 542 1811 aliqua
572 1769 666 1802 uocis
708 1770 866 1803 ostenta-

163 1824 259 1858 tione
283 1825 337 1865 85,
355 1824 397 1858 10

116 1880 282 1916 defanata
307 1882 460 1925 spatiola
489 1882 565 1922 171,
585 1882 629 1915 28

117 1938 305 1979 haesitare,
324 1938 430 1981 defigi
457 1938 532 1980 247,
554 1939 595 1972 10
620 1939 816 1982 exploratae
830 1940 864 1973 in

164 1995 216 2030 rei
246 1996 448 2039 cognitione
465 1996 571 2039 defigi
600 1996 675 2036 140,
693 1996 715 2029 5
740 1996 866 2030 habere

163 2053 200 2086 in
238 2052 452 2096 cogitatione
484 2053 635 2087 ‹leiixuin
673 2053 749 2094 213,
771 2053 787 2087 1
830 2054 866 2086 in

162 2109 217 2143 dei
243 2109 446 2154 cognitione
472 2110 603 2144 defixus
628 2110 681 2150 97,
700 2110 722 2143 5
767 2110 803 2143 in
830 2110 866 2144 ui

164 2167 306 2210 propria.
331 2168 435 2210 atque
466 2167 501 2200 in
528 2168 583 2200 sni
615 2167 755 2211 generis
782 2177 866 2210 qua-

164 2223 268 2257 litate
293 2223 442 2257 defixum
467 2225 544 2266 208,
567 2225 608 2258 18

118 2280 242 2323 regula
267 2280 499 2325 definitioque
523 2281 599 2322 260,
619 2282 663 2315 22

978 570 1097 605 officia
1122 571 1283 616 deputari
1312 573 1388 611 266,
1410 573 1450 607 15

932 627 1092 661 deriuare
1131 645 1170 656 ===
1209 629 1397 673 alleyorice
1441 630 1683 673 interpretari

977 685 1053 724 206,
1075 685 1115 718 16

932 742 1099 785 derogare
1125 743 1358 786 religionibus
1382 744 1435 784 38,
1456 744 1494 777 21

932 798 1008 833 filia
1026 799 1247 833 liniamentis
1265 800 1441 844 descripta
1458 800 1584 834 matris
1606 800 1680 835 192.

978 856 1022 890 28

933 912 1085 947 desidem
1112 913 1147 947 in
1174 914 1354 948 amoribus
1382 915 1456 955 163,
1474 915 1496 949 8

933 970 1090 1004 desinere
1118 971 1160 1004 ad
1185 971 1401 1005 incunabula
1426 971 1601 1005 infantiae
1627 973 1680 1008 58.

981 1027 1022 1061 15

933 1084 1115 1127 desperata
1138 1085 1176 1118 in
1203 1084 1404 1120 fictionibus
1430 1085 1580 1120 caecitas
1606 1085 1680 1121 166.

979 1141 1023 1175 20

933 1209 1054 1232 amens
1080 1200 1114 1233 et
1139 1199 1395 1243 desperationis
1421 1199 1564 1233 insanae
1589 1200 1643 1241 97,
1661 1202 1682 1233 2

978 1256 1186 1290 temerariae
1200 1256 1297 1291 uocis
1315 1257 1555 1300 desperatione
1572 1257 1624 1298 16,
1639 1256 1681 1289 26

932 1313 1098 1356 despuere
1124 1313 1323 1357 dignitates
1348 1314 1425 1354 251,
1448 1313 1490 1347 12

933 1371 1049 1405 resina
1085 1370 1300 1404 lacrimabili
1332 1370 1577 1405 destillatione
1605 1380 1680 1403 coa-

978 1428 1111 1462 lescens
1136 1428 1212 1468 261,
1231 1429 1253 1460 8

933 1484 1064 1518 tibicen
1091 1495 1130 1519 ac
1155 1484 1297 1518 destina
1321 1485 1407 1519 caeli
1436 1484 1508 1526 104,
1525 1485 1546 1519 5

933 1542 1092 1576 detrecto
1119 1542 1231 1576 dicere
1256 1542 1333 1581 227,
1354 1543 1396 1576 18

933 1599 1124 1632 dexteritas
1151 1599 1309 1632 ominum
1333 1599 1410 1639 253,
1425 1601 1446 1632 8

933 1655 1000 1690 1100
1017 1655 1109 1699 quod
1126 1654 1254 1690 dicitur
1272 1656 1374 1699 quale
1393 1655 1441 1689 sit
1465 1655 1497 1696 3,
1518 1654 1560 1688 18
1585 1654 1681 1688 istud

979 1712 1071 1756 quod
1095 1712 1225 1746 dicitur
1252 1712 1353 1756 quale
1378 1712 1426 1745 sit
1454 1712 1505 1752 12,
1526 1711 1576 1744 12.
1603 1710 1681 1747 249.

977 1770 1018 1803 21
1047 1770 1149 1813 quale
1174 1770 1222 1803 sit
1246 1769 1344 1803 istud
1369 1768 1461 1812 quod
1487 1767 1620 1802 dicitur
1651 1768 1680 1801 7·.

981 1826 1018 1859 11
1061 1827 1145 1870 quid
1168 1827 1214 1860 sit
1239 1826 1327 1860 illud
1353 1825 1444 1869 quod
1470 1825 1601 1859 dicitur
1626 1825 1681 1864 39,

981 1883 1022 1916 18
1070 1883 1172 1926 quale
1210 1883 1258 1917 sit
1290 1882 1387 1916 istud
1419 1881 1512 1925 quod
1550 1880 1681 1915 dicitur

977 1939 1055 1981 204,
1073 1941 1094 1973 5
1119 1939 1203 1983 quid
1229 1942 1283 1973 est
1308 1939 1405 1973 istud
1429 1938 1522 1982 qnod
1548 1937 1678 1971 dicitur

977 1996 1068 2037 5,17
1101 1999 1145 2038 ef.
1178 1996 1273 2030 istud
1306 1996 1395 2039 quod
1429 1996 1549 2039 agitur
1578 1995 1681 2038 quale

978 2054 1026 2086 sit
1051 2054 1130 2095 226,
1150 2054 1172 2087 5

932 2109 1094 2144 diducere
1120 2110 1156 2143 in
1174 2109 1331 2143 membra
1348 2109 1546 2143 resolutum
1564 2108 1639 2142 228.
1663 2109 1676 2141 1

977 2167 1013 2199 111
1041 2166 1211 2200 sermonis
1233 2166 1381 2200 alieuius
1407 2164 1679 2199 similitudinem

977 2233 1038 2257 ora
1051 2223 1201 2258 etl-abra
1218 2223 1380 2258 diducere
1406 2223 1459 2264 65,
1478 2224 1499 2255 9
1525 2224 1678 2256 tenorem

978 2280 1138 2314 diducere
1163 2280 1195 2320 5,
1217 2280 1257 2313 16

116 2337 234 2381 ipsum
273 2337 364 2371 illud
402 2338 554 2380 primum
586 2349 605 2372 a
638 2349 706 2382 quo
743 2338 867 2373 defluit
931 2337 1096 2371 diductus
1124 2337 1197 2379 194,
1216 2338 1259 2370 22

164 2394 354 2427 secundum
380 2394 455 2434 255,
472 2395 491 2427 7

118 2450 285 2484 delicium
315 2451 387 2490 163,
413 2452 453 2485 19

118 2506 219 2540 nulla
238 2507 388 2541 deliniat
407 2508 518 2542 forma
536 2508 727 2552 corporalis
753 2509 805 2550 21,
828 2509 843 2542 1

119 2564 252 2597 delusio
280 2565 354 2607 142,
375 2565 416 2598 12

932 2394 1105 2428 differitas
1143 2394 1220 2431 206,
1245 2393 1287 2426 27
1328 2393 1404 2426 51110
1442 2393 1516 2427 ulla
1548 2392 1680 2435 passim

979 2450 1172 2484 differitate
1189 2450 1267 2490 261,
1287 2450 1328 2483 13
1353 2459 1420 2483 non
1440 2449 1594 2493 plurima
1611 2448 1680 2481 dis-

980 2507 1125 2540 feritate
1151 2507 1284 2540 distare
1315 2506 1368 2547 60,
1387 2507 1432 2540 24
1472 2505 1682 2549 longissima

979 2563 1172 2597 differitate
1198 2573 1361 2607 seponere
1387 2563 1463 2604 256,
1479 2563 1497 2595 7

121 2620 361 2654 densitatibus
378 2622 548 2655 siluarum
574 2621 707 2655 sedare
732 2622 869 2663 281,15
933 2620 1097 2654 difficiles
1127 2622 1181 2661 (=
1206 2620 1328 2662 rarae)
1358 2620 1498 2664 pluuiae
1522 2620 1553 2660 6,
1579 2619 1619 2652 18

120 2676 452 2712 denuntiationibus
479 2689 513 2711 50
539 2678 660 2712 sistere
689 2678 762 2718 175,
779 2678 821 2712 31

933 2676 1134 2710 diffidentia
1159 2676 1393 2720 responsionis
1421 2677 1471 2713 16,
1494 2676 1534 2710 14

120 2733 309 2768 deonerare
327 2735 513 2768 auersabili
532 2746 673 2778 corpora
698 2734 869 2768 foeditate
900 2762 901 2775 ,
934 2733 1077 2767 diffiteri
1104 2734 1183 2769 273,
1203 2734 1246 2767 24

167 2791 242 2832 279,
264 2791 304 2825 12
329 2792 508 2826 deonerati
534 2792 709 2835 proluuies
735 2791 868 2835 podicis
897 2780 903 2846 (¹

166 2847 240 2882 229.
261 2848 279 2881 7

934 2790 1086 2824 diffundi
1125 2790 1262 2823 laetitia
1294 2791 1369 2832 ⁴241,
1400 2791 1415 2824 1
1454 2789 1612 2824 diffusior
1637 2803 1677 2817 z:

979 2847 1130 2881 hilarior
1163 2847 1234 2887 197,
1254 2846 1272 2879 7
