2032 3248
293 228 347 271 92
696 228 887 263 Arnobii
920 229 1137 264 aduersus
1170 229 1378 264 nationes

227 343 279 383 56
294 355 380 385 esse
418 343 628 386 exitiabile
658 356 705 386 ac
734 343 993 386 mortiferum
1031 346 1165 386 ducat.
1214 345 1347 387 cetera
1384 357 1662 399 quaecumque
1693 348 1789 388 sunt

291 412 390 463 alia,
429 424 532 466 quae
561 413 604 454 in
642 413 949 466 quaestionibus
990 413 1176 455 adsolent
1215 413 1581 467 controuersiisque
1619 414 1787 464 uersari,

197 489 221 523 f.
236 492 279 524 54
293 481 439 534 quibus
470 481 726 536 genitoribus
753 481 757 538 Ι
783 484 872 524 orta
891 482 975 524 sint
995 483 1062 524 uel
1084 482 1232 536 quibus
1254 482 1489 524 auctoribus
1510 482 1624 534 fiant,
1657 495 1788 536 neque

182 2148 206 2184 f.
221 2148 281 2181 54¹>

290 562 408 592 nosse
438 550 722 593 contendimus
753 563 881 604 neque
909 550 1113 605 inquirere
1136 552 1208 593 aut
1229 551 1436 605 uestigare
1458 563 1669 594 curamus:
1703 552 1788 594 suis

290 619 425 660 omnia
454 619 722 673 relinquimus
754 620 887 662 causis
918 632 990 662 nec
1020 620 1070 662 ad
1100 620 1141 662 id
1173 619 1280 674 quod
1309 620 1537 673 expetimus
1565 633 1650 663 esse
1671 621 1787 664 nobis
1820 637 1834 663 5

291 687 484 731 adiuncta
514 689 635 742 atque
665 689 870 742 adplicata
912 688 1153 732 iudicamus.
1200 688 1298 742 quid
1329 691 1390 730 est
1421 689 1543 741 enim,
1575 691 1683 742 quod
1712 690 1789 731 hu-

290 769 413 799 mana
442 758 607 812 ingenia
636 757 898 810 labefactare,
931 758 1151 800 dissoluere
1182 757 1316 799 studio
1348 757 1682 800 contradictionis
1712 770 1789 800 non

291 826 479 877 audeant,
517 827 707 880 quamuis
742 827 849 869 illud
880 828 986 881 quod
1016 827 1224 869 infirmare
1250 826 1476 869 moliuntur
1507 827 1562 869 sit
1582 840 1730 881 purum
1751 829 1793 869 et

290 897 493 950 liquidum
525 900 565 938 et
596 897 787 939 ueritatis
818 897 1101 951 obsignatione
1138 897 1380 939 munitum?
1423 898 1494 938 aut
1525 897 1621 950 quid
1652 909 1790 938 rursus

292 967 475 1008 adserere
496 966 793 1008 uerisimilibus
816 969 1068 1021 argumentis
1090 979 1169 1008 non
1191 969 1357 1020 queunt,
1389 966 1577 1020 quamuis
1600 966 1655 1007 sit
1676 979 1790 1019 aper·
1804 983 1838 1009 10

290 1035 451 1077 tissime
481 1034 651 1087 falsum,
685 1036 873 1089 quamuis
905 1036 1072 1077 euidens
1114 1035 1461 1089 manifestumque
1498 1035 1791 1077 mendacium?

291 1117 384 1147 cum
414 1105 525 1147 enim
557 1104 636 1146 sibi
666 1105 916 1159 persuaserit
938 1105 1042 1158 quis,
1065 1117 1151 1146 esse
1173 1104 1331 1158 aliquid
1352 1108 1424 1146 aut
1446 1117 1525 1147 non
1548 1117 1646 1153 esse,
1679 1105 1792 1147 amat

292 1173 399 1227 quod
444 1174 633 1228 opinatur
678 1173 862 1215 adserere
893 1175 933 1215 et
964 1173 1151 1215 acumine
1195 1173 1296 1216 alios
1328 1173 1502 1224 anteire,
1548 1173 1725 1215 maxime
1756 1173 1791 1214 si

290 1245 436 1298 agatur
467 1255 530 1285 res
552 1243 741 1285 submota
767 1246 808 1285 et
829 1243 970 1286 abdita
991 1244 1032 1285 et
1053 1243 1228 1298 caligine
1249 1242 1440 1284 inuoluta
1459 1243 1644 1285 naturae.
1676 1256 1790 1285 mun-

292 1312 390 1354 dum
420 1312 587 1366 quidam
619 1325 666 1354 ex
697 1312 954 1365 sapientibus
986 1312 1207 1354 aestimant
1237 1324 1366 1365 neque
1388 1324 1475 1354 esse
1498 1314 1641 1354 natum
1663 1324 1791 1366 neque
1804 1331 1835 1356 15

291 1381 374 1422 ullo
407 1393 491 1423 esse
511 1381 554 1423 in
582 1381 766 1435 tempore
786 1381 1038 1435 periturum;
1070 1381 1349 1423 immortalem
1370 1381 1569 1433 nonnulli,
1602 1382 1790 1435 quamuis

292 1463 384 1492 eum
415 1449 675 1492 conscribant
696 1462 783 1492 esse
805 1451 948 1492 natum
969 1451 1011 1492 et
1032 1450 1239 1505 genitum3
1271 1449 1407 1492 tertiis
1429 1462 1524 1492 uero
1547 1450 1790 1492 conlibitum

292 1519 424 1560 dicere
462 1520 540 1571 est,
575 1519 616 1561 et
648 1531 734 1561 esse
773 1519 918 1561 natum
950 1521 990 1561 et
1022 1519 1210 1574 genitum
1240 1521 1280 1561 et
1313 1519 1520 1561 ordinaria
1550 1519 1791 1562 necessitate

291 1588 531 1641 periturum.
579 1589 620 1630 et
658 1601 752 1630 cum
782 1600 827 1629 ex
858 1588 949 1630 istis
990 1587 1246 1642 opinionibus
1285 1587 1406 1629 trinis
1447 1600 1572 1629 unam
1603 1600 1689 1629 esse
1719 1601 1789 1630 ne-

293 1668 401 1699 cesse
433 1657 487 1699 sit
517 1668 677 1708 ueram,
717 1657 876 1699 cunctis
907 1658 1047 1699 tamen
1079 1656 1322 1711 argumenta
1353 1668 1431 1698 non
1466 1657 1612 1699 desunt
1643 1656 1789 1710 quibus
1803 1675 1836 1701 20

293 1727 333 1767 et
364 1737 435 1767 sua
466 1726 628 1768 decreta
659 1727 900 1769 confirment
931 1728 971 1768 et
1002 1726 1177 1768 aliorum
1208 1725 1451 1780 subrupiant
1475 1727 1514 1767 et
1542 1726 1791 1768 labefaciant

293 1794 407 1836 scita.
454 1795 626 1837 eundem
656 1795 765 1837 hunc
795 1795 869 1837 alii
900 1795 1116 1837 elementis
1149 1807 1195 1836 ex
1227 1795 1401 1848 quatuor
1430 1795 1602 1837 tradunt
1634 1796 1674 1836 et
1695 1807 1789 1848 pro-

292 1864 483 1905 nuntiant
515 1865 635 1915 stare,
667 1877 714 1906 ex
745 1865 920 1920 geminis
951 1865 1034 1915 alii,
1076 1877 1123 1907 ex
1153 1865 1328 1920 singulis
1358 1864 1485 1915 tertii,
1518 1867 1612 1906 sunt
1643 1865 1712 1918 qui
1744 1878 1791 1906 ex

291 1933 355 1974 his
386 1933 499 1975 nullo
531 1934 572 1974 et
601 1933 815 1975 indiuidua
854 1945 1019 1987 corpora
1049 1933 1136 1976 eius
1168 1946 1255 1976 esse
1294 1933 1511 1976 materiem
1542 1934 1584 1975 et
1614 1934 1790 1988 primam

293 2002 493 2056 originem
538 2002 689 2045 dicant.
737 2015 908 2056 cumque
946 2016 993 2044 ex
1022 2003 1087 2044 his
1128 2016 1226 2045 uera
1265 2003 1321 2045 sit
1359 2016 1439 2045 una
1477 2003 1703 2056 sententia,
1747 2006 1835 2047 at25

293 2071 407 2113 nulla
438 2084 485 2113 ex
514 2071 578 2112 his
616 2072 747 2122 certa,
795 2071 990 2114 similiter
1031 2072 1098 2114 hic
1129 2083 1286 2125 quoque
1327 2072 1571 2127 argumenta
1601 2071 1789 2114 omnibus

294 2141 455 2193 praesto
486 2141 594 2191 sunt,
628 2140 775 2194 quibus
812 2140 816 2195 Ι
852 2141 893 2182 et
924 2152 970 2182 ea
1000 2153 1101 2194 quae
1133 2140 1276 2183 dicunt
1297 2153 1395 2183 uera
1424 2153 1509 2182 esse
1539 2140 1790 2182 constituant

295 2210 335 2251 et
365 2209 614 2264 redarguant
652 2209 807 2263 positas
845 2209 887 2251 in
926 2210 1099 2251 aliorum
1138 2209 1354 2252 sententiis
1394 2209 1611 2252 falsitates,
1658 2209 1716 2251 sic
1748 2211 1790 2252 et

295 2278 387 2320 deos
418 2278 605 2321 nonnulli
637 2291 723 2321 esse
753 2279 984 2333 abnegant;
1031 2291 1194 2332 prorsus
1226 2279 1413 2321 dubitare
1444 2291 1486 2321 se
1519 2278 1592 2321 alii
1624 2292 1675 2320 an
1706 2279 1789 2321 sint

341 2445 360 2478 1
384 2444 426 2478 in
449 2455 505 2490 my
752 2444 774 2479 2
798 2444 1137 2489 controuersiisquae
1163 2445 1198 2479 P
1221 2453 1302 2479 corr
1476 2444 1495 2478 7
1521 2444 1732 2479 lauefactare
1756 2445 1793 2479 P

294 2512 375 2537 corr
528 2502 720 2537 dissoluere
746 2502 926 2546 expunxit
950 2507 990 2544 ε’,
1016 2513 1069 2536 om
1096 2501 1170 2537 Sab
1320 2501 1363 2536 10
1386 2503 1495 2546 quent
1519 2502 1555 2536 P
1578 2511 1659 2536 corr
1683 2511 1701 2535 c

295 2559 338 2594 12
356 2559 425 2593 siui
443 2560 479 2594 P
495 2570 577 2595 corr
594 2570 611 2594 c
751 2560 793 2594 13
812 2561 946 2594 anteire
967 2560 1003 2595 P
1139 2559 1188 2594 14*
1198 2558 1321 2594 abdita
1338 2560 1373 2594 et
1393 2559 1485 2594 Sab:
1510 2558 1653 2593 abditae
1670 2559 1706 2592 P

295 2617 338 2651 15
362 2616 567 2651 existimant
591 2616 665 2652 sab
836 2619 960 2652 natum
987 2617 1077 2652 Sab:
1111 2617 1280 2651 siccatum
1306 2617 1342 2650 P
1512 2616 1553 2650 17
1579 2617 1730 2660 gnatum
1757 2616 1792 2650 P

295 2683 373 2708 corr
555 2675 599 2708 21
625 2674 835 2719 subrupiant
860 2675 914 2718 (ru
938 2675 978 2709 in
1003 2674 1035 2708 ri
1059 2675 1155 2718 corr)
1182 2674 1217 2708 P
1246 2673 1482 2717 subrumpant
1513 2672 1585 2707 Sab
1618 2673 1790 2707 subruant

302 2748 370 2782 Urs
507 2749 551 2783 22
575 2749 778 2783 aelementis
804 2750 839 2784 P
975 2748 1020 2782 24
1044 2749 1143 2783 nullo
1169 2748 1287 2783 Salm:
1318 2736 1434 2781 nullo’s'
1459 2746 1495 2780 P
1520 2746 1573 2790 (in
1597 2758 1655 2792 my
1678 2749 1707 2782 θ’
1724 2749 1790 2791 -:—)

295 2804 403 2839 nullis
423 2805 494 2840 Sub
609 2806 654 2840 25
671 2817 754 2840 uera
771 2806 819 2840 sit
839 2806 910 2841 δαῒ)
921 2820 931 2839 .-
948 2816 1047 2840 uersa
1065 2807 1148 2839 sunt
1168 2806 1198 2838 P
1305 2807 1343 2838 at
1361 2804 1568 2839 Meursius:
1586 2807 1648 2838 aut
1665 2804 1700 2838 P

295 2862 340 2897 28
364 2862 541 2897 falsitatas
569 2864 605 2897 P
627 2874 710 2898 corr
734 2867 763 2898 c‘
