2032 3248
529 312 586 346 De
613 311 943 355 rebaptismate
976 322 1003 345 c.
1029 312 1151 345 9—10.
1536 316 1586 355 81

89 420 400 457 resurrectionem
437 418 585 456 Domini
631 429 727 455 unus
763 429 782 455 e
818 417 1014 465 discipulis
1056 418 1135 455 eius
1173 417 1330 465 Cleopas
1366 429 1448 455 cum
1491 420 1591 455 esset

89 490 253 526 maestus
290 488 492 525 secundum
530 498 693 525 errorem
731 486 895 524 omnium
932 486 1272 533 condiscipulorum
1305 498 1476 532 suorum,
1518 486 1591 533 ipsi

91 557 247 594 Domino
280 558 468 603 tamquam
501 555 615 593 alicui
647 555 774 602 ignoto
805 554 971 592 referens
993 555 1091 602 quod
1113 555 1336 602 contigerat,
1370 556 1423 592 sic
1444 555 1592 592 locutus

89 627 147 662 est
178 625 305 662 dicens
336 625 379 661 de
411 625 497 661 Iesu
528 624 736 669 Nazareno,
769 622 835 670 qui
866 622 939 659 fuit
969 623 1154 670 propheta
1185 625 1317 670 potens
1349 623 1387 660 iu
1418 623 1528 661 factis
1555 624 1593 661 et

61 706 75 727 τ»
91 692 202 729 dictis
225 692 263 729 in
284 694 485 740 conspectu
507 692 576 729 Dei
598 693 635 729 et
656 691 825 728 uniuersi
846 692 987 739 populi,
1020 692 1202 738 quomodo
1233 692 1332 729 hunc
1353 692 1592 730 tradiderunt

87 762 301 799 sacerdotes
332 762 369 798 et
400 760 588 808 principes
619 760 738 797 nostri
769 760 808 796 in
839 760 1115 798 damnationem
1148 760 1278 797 mortis
1309 762 1347 798 et
1378 761 1477 798 cruci
1509 773 1592 798 eum

87 830 263 867 fixerunt.
315 841 381 867 nos
434 831 557 867 autem
609 828 852 874 sperabamus
909 828 1007 876 quod
1066 828 1144 876 ipse
1194 830 1276 867 erat
1330 830 1592 876 redempturus

87 899 219 936 Israel.
272 900 376 935 iuxta
425 909 518 945 quae
560 908 686 935 omnes
735 908 879 945 quoque
921 896 1097 945 discipuli
1138 898 1459 936 adseuerationem
1500 910 1591 946 quo-

87 979 158 1015 que
213 968 431 1013 mulierum,
494 978 587 1014 quae
638 968 723 1013 post
776 966 1087 1004 resurrectionem
1142 966 1317 1004 uiderant
1371 966 1591 1014 Dominum,

40 1048 74 1072 10
89 1036 350 1073 iudicauerunt
391 1035 638 1073 deliramenta
687 1036 724 1072 et
772 1034 923 1082 quidam
976 1034 1141 1082 ipsorum
1191 1034 1272 1073 uiso
1312 1047 1354 1073 eo
1395 1047 1469 1073 non
1510 1046 1591 1073 cre-

88 1104 264 1141 diderunt
305 1105 370 1140 sed
412 1103 695 1150 dubitauerunt,
738 1103 874 1150 quique
916 1104 1006 1140 tunc
1047 1115 1121 1140 non
1149 1103 1402 1141 iuterfuerunt
1443 1104 1591 1141 omnino

87 1184 160 1209 non
196 1172 449 1218 crediderunt,
486 1172 559 1209 nisi
599 1172 835 1218 postmodum
872 1172 918 1208 ab
955 1171 1036 1218 ipso
1072 1172 1229 1210 Domino
1264 1172 1436 1210 omnibus
1471 1172 1592 1210 modis

87 1240 250 1277 fuissent
283 1241 472 1288 obiurgati
502 1243 613 1288 atque
643 1241 848 1287 increpati:
882 1241 1056 1287 quoniam
1087 1252 1187 1278 mors
1218 1252 1280 1279 eos
1310 1241 1364 1279 ita
1386 1241 1593 1279 offenderat

88 1310 131 1345 ut
171 1310 347 1355 putarent
389 1321 470 1346 eum
511 1321 584 1346 non
635 1309 910 1355 resurrexisse,
963 1320 1072 1357 quem
1125 1309 1326 1347 innuerunt
1375 1311 1468 1348 mori
1519 1322 1592 1348 nou

41 1390 74 1413 15
94 1377 281 1422 debuisse,
324 1377 412 1423 quia
454 1380 582 1415 contra
623 1378 835 1425 opinionem
877 1378 1042 1424 ipsorum
1083 1377 1196 1415 semel
1234 1380 1404 1416 mortuus
1441 1379 1590 1418 fuisset.

89 1445 216 1492 itaque
248 1446 346 1492 quod
375 1447 420 1482 ad
452 1446 551 1492 ipsos
575 1446 782 1492 discipulos
804 1446 980 1493 pertinet,
1013 1457 1131 1493 neque
1153 1446 1340 1494 integram
1362 1459 1481 1494 neque
1504 1458 1592 1494 per-

89 1513 226 1551 fectam
259 1514 368 1551 fidem
401 1514 578 1552 habuisse
612 1514 672 1551 his
703 1514 822 1551 modis
855 1514 992 1561 quibus
1026 1514 1223 1552 retulimus
1255 1515 1520 1562 inueniuntur,
1553 1519 1592 1553 et

89 1582 187 1629 quod
207 1583 325 1620 multo
348 1583 503 1630 grauius
526 1584 595 1629 est,
619 1583 716 1620 sicut
738 1583 775 1619 iu
798 1583 993 1630 euangelio
1016 1585 1100 1620 cata
1122 1584 1298 1620 Ioannem
1317 1584 1498 1631 scriptum
1520 1587 1590 1632 est,

88 1650 201 1688 etiam
224 1652 318 1688 alios
340 1652 594 1698 baptizabant.

43 1729 77 1753 20
147 1720 351 1757 Praeterea
387 1720 475 1767 quid
511 1720 680 1757 dicturus
716 1731 755 1757 es
792 1722 836 1757 de
869 1721 928 1758 his
965 1721 1028 1768 qui
1064 1722 1283 1768 plerumque
1321 1723 1367 1759 ab
1404 1722 1590 1769 episcopis
1606 1726 1659 1763 10

89 1790 279 1836 pessimae,
305 1790 602 1828 conuersationis
633 1790 895 1837 baptizantur:
929 1790 992 1837 qui
1024 1793 1150 1828 tamen
1186 1793 1337 1828 tandem
1374 1803 1456 1828 cum
1488 1793 1589 1829 Deus

90 1857 264 1904 uoluerit,
303 1858 340 1894 in
376 1859 580 1896 sceleribus
618 1859 696 1895 suis
734 1859 907 1904 conuicti,
946 1860 1059 1896 etiam
1093 1860 1173 1906 ipso
1205 1862 1269 1897 aut
1300 1872 1453 1907 prorsus
1475 1861 1589 1898 etiam

91 1927 425 1965 conmumicatione
460 1927 687 1974 priuantur‘?
721 1930 786 1964 aut
818 1928 907 1975 quid
941 1929 1084 1965 statues
1106 1929 1150 1965 de
1173 1928 1226 1965 eis
1249 1929 1312 1975 qui
1335 1930 1381 1966 ab
1403 1929 1588 1977 episcopis

91 2006 205 2041 praue
237 1995 489 2032 sentientibus
520 1998 583 2033 aut
615 1996 908 2042 imperitioribus
939 1996 1080 2033 fuerint
1112 1997 1322 2043 baptizati?
1347 1999 1494 2044 quando
1517 2009 1591 2036 non

45 2063 141 2099 essad
179 2063 362 2110 liquidum
394 2068 430 2101 et
460 2064 605 2111 integre
637 2065 697 2101 uel
735 2065 847 2101 etiam
884 2064 995 2102 aliter
1026 2077 1136 2111 «11111111
1158 2066 1303 2112 oportet
1326 2066 1363 2101 iu
1385 2066 1588 2104 traditione

94 2132 319 2168 sacramenti
350 2132 491 2168 fuerint
519 2132 647 2177 locuti,
685 2135 786 2170 certe
817 2135 882 2169 aut
915 2133 1235 2179 iuterrogaueriut
1262 2134 1352 2180 quid
1385 2136 1450 2171 aut
1472 2134 1590 2171 inter-

92 2202 269 2246 rogantes
291 2213 312 2237 a
333 2201 647 2247 1·esp‹·›ndentibus
676 2202 863 2238 audierint
896 2203 993 2248 quod
1025 2201 1175 2239 minime
1205 2201 1258 2239 ita
1281 2202 1505 2249 interrogari
1525 2205 1591 2240 aut

94 2269 310 2315 responderi
342 2269 465 2314 debet,
496 2270 593 2316 quod
625 2271 750 2307 tamen
773 2282 846 2307 nou
869 2270 978 2307 ualde
1002 2270 1105 2307 illum
1127 2272 1294 2307 nostram
1317 2272 1458 2308 rectam
1480 2271 1590 2308 fidem

91 2337 230 2382 laedat,
268 2338 331 2374 sed
369 2350 440 2373 non
477 2340 552 2374 tau]
590 2341 719 2375 ornate
756 2342 797 2376 ut
833 2341 874 2375 tu
911 2341 949 2375 et
980 2340 1194 2385 composite,
1232 2339 1296 2375 isti
1331 2350 1475 2386 quoque
1499 2340 1590 2376 sini-

46 2406 266 2452 aopliciores
298 2407 466 2443 homiues
499 2407 717 2454 mysterium
748 2408 832 2444 iidei
862 2408 1026 2444 tradant.
1060 2408 1228 2445 dicturus
1259 2418 1298 2444 es
1329 2407 1427 2444 enim
1459 2408 1590 2455 utique

90 2486 154 2520 pro
178 2476 241 2510 tua
270 2474 453 2521 singulari
487 2474 684 2521 diligentia
707 2476 774 2513 hos
797 2487 941 2523 quoque
971 2476 1088 2512 denuo
1111 2476 1354 2521 baptizandos
1377 2487 1472 2522 esse,
1506 2489 1589 2514 cum

89 2542 248 2579 maxime
280 2543 334 2579 eis
367 2555 426 2580 res
460 2543 558 2579 desit
590 2546 655 2579 aut
677 2544 802 2581 obstet
825 2556 896 2590 quo
918 2544 1039 2581 miuus
1063 2544 1279 2581 inuiolabile
1303 2544 1395 2581 illud
1419 2544 1590 2581 diuinum

183 2706 224 2737 18
251 2705 291 2738 Cf.
321 2706 368 2738 lo.
397 2706 427 2745 Σ),
454 2706 507 2739 21..

180 2864 200 2896 6
217 2875 294 2897 eum
309 2875 373 2898 om.
390 2866 469 2910 Εἰς.
550 2866 589 2898 14
607 2865 792 2898 innuerunt
806 2865 899 2910 Ray,
914 2865 1133 2899 crediderant
1149 2866 1243 2902 Bal..
1259 2867 1454 2900 timuerant
1473 2866 1547 2900 cod.

89 2920 133 2953 29
157 2920 232 2963 ipso
260 2924 320 2954 aut
346 2923 431 2962 cod„
464 2923 538 2965 ipso
564 2933 702 2956 munere
735 2924 861 2966 Oaeon„
897 2914 1002 2967 epatu
1028 2924 1064 2965 (ι’.
1084 2934 1110 2957 e.
1137 2923 1354 2967 episcopatu)
1375 2925 1435 2957 aut
1452 2922 1540 2964 fort.

225 2992 276 3019 ΙΙΙ
299 2993 324 3020 Α
1288 2985 1312 3025 6
