2032 3248
372 187 450 218 CVI
911 173 1106 209 Caecilii
1132 173 1351 218 Cypriani

371 294 475 334 quae
506 280 712 323 secederet
740 280 977 322 offerebant.
1006 279 1079 321 ille
1101 279 1187 321 iam
1208 280 1413 321 mundum
1434 292 1631 334 suspensa
1652 280 1704 322 ad
1726 282 1887 324 caelum

370 351 509 392 mente
539 350 776 404 neglexerat
802 363 877 392 nec
906 349 1085 391 suadelis
1116 349 1429 391 blandientibus
1460 349 1682 392 adnuebat.
1720 350 1888 394 fecisset

370 420 543 461 fortasse
572 421 671 461 tunc
699 420 825 461 etiam
855 420 964 473 quod
986 432 1009 461 a
1030 419 1224 472 plurimis
1247 420 1288 460 et
1310 419 1502 461 fidelibus
1524 419 1755 473 petebatur,
1788 422 1823 463 si
1846 422 1888 463 et

371 488 511 530 diuino
540 489 713 542 imperio
742 489 965 531 iuberetur.
995 489 1065 531 sed
1095 502 1168 530 1166
1197 489 1273 530 illa
1303 488 1497 530 sublimis
1519 490 1628 531 tanti
1649 490 1731 531 uiri
1753 491 1888 546 gloria

370 559 457 601 sine
479 559 693 613 praeconio
714 559 963 601 transeunda
984 560 1058 611 est,
1086 559 1184 612 quia
1205 558 1289 600 iam
1312 558 1473 600 saeculo
1495 559 1750 601 tumescente
1773 561 1815 602 et
1836 561 1887 602 de
1901 579 1917 604 ε,

370 628 522 671 fiducia
558 630 794 683 principum
829 629 1140 671 infestationem
1175 629 1355 671 nominis
1392 628 1612 682 anhelante
1642 630 1715 671 ille
1746 642 1886 673 seruos

370 701 462 751 Dei,
492 702 615 754 prout
637 702 814 743 dabatur
835 701 1004 752 occasiO,
1037 700 1391 743 exhortationibus
1414 701 1633 742 dominicis
1655 701 1888 743 instruebat

370 772 411 812 et
432 771 483 812 ad
506 771 722 813 calcandas
750 771 959 825 passiones
989 770 1113 812 huius
1141 770 1339 823 temporis
1368 770 1714 824 contemplatione
1744 783 1888 824 super-

369 842 569 883 uenturae
591 841 795 883 claritatis
817 841 1043 883 animabat.
1079 840 1277 882 uidelicet
1299 841 1417 882 tanta
1437 840 1504 881 1111
1526 841 1607 882 fuit
1630 840 1778 894 cupido
1800 852 1886 882 ser-

370 911 518 961 monis,
552 912 597 952 ut
619 911 781 965 optaret
811 910 870 953 sic
899 911 980 953 sibi
1008 910 1210 964 passionis
1241 911 1340 952 uota
1362 911 1613 966 contingere,
1643 911 1691 952 ut
1712 911 1813 952 dum
1835 910 1885 952 de
1901 927 1934 952 ιο

370 980 456 1022 Deo
478 980 665 1034 loquitur
686 981 729 1022 in
749 981 837 1034 ipso
860 981 1059 1022 sermonis
1081 993 1200 1034 opere
1221 981 1449 1022 necaretur.

306 1054 355 1094 15
429 1050 483 1090 Et
518 1050 562 1091 hi
606 1052 723 1093 erant
763 1050 993 1104 quotidiani
1036 1051 1152 1092 actus
1198 1051 1396 1092 destinati
1440 1052 1492 1093 ad
1528 1051 1760 1105 placentem
1798 1051 1885 1092 Deo

371 1120 554 1162 hostiam
586 1121 824 1171 sacerdotis,
863 1133 957 1162 cum
989 1132 1080 1162 6666
1109 1121 1366 1175 proconsulis
1396 1121 1512 1162 iussu
1544 1121 1595 1161 ad
1625 1121 1764 1162 hortos
1797 1119 1886 1162 eius

373 1189 444 1247 (ad
461 1190 616 1240 hortos,
639 1190 822 1243 inquam,
848 1202 948 1243 quos
965 1189 1074 1231 inter
1094 1190 1214 1232 initia
1237 1190 1332 1232 fidei
1356 1203 1452 1232 suae
1473 1190 1663 1231 uenditos
1682 1191 1723 1231 et
1740 1190 1789 1231 de
1805 1190 1886 1231 Dei

371 1260 634 1314 indulgentia
664 1260 882 1301 resti-tutos
911 1271 984 1313 pro
1013 1260 1125 1301 certo
1156 1260 1310 1301 iterum
1331 1260 1374 1301 111
1395 1272 1494 1301 116116
1524 1272 1752 1313 pauperum
1782 1272 1883 1301 11611-
1901 1277 1933 1302 15

373 1330 557 1383 didisset,
579 1330 659 1371 nisi
680 1330 885 1371 inuidiam
904 1329 951 1370 de
967 1330 1250 1382 persecutione
1267 1330 1440 1383 uitaret)
1460 1342 1554 1371 cum
1572 1329 1780 1371 militibus
1798 1329 1884 1370 suis

371 1399 560 1453 princeps
591 1399 757 1452 repente
778 1399 997 1452 subitauit,
1029 1399 1158 1440 immo
1181 1400 1229 1441 ut
1250 1400 1389 1441 uerius
1412 1399 1588 1441 dixerim
1610 1399 1818 1441 subitasse
1840 1412 1883 1441 se

371 1468 559 1510 credidit.
599 1469 706 1510 unde
742 1468 851 1509 enim
886 1469 1025 1521 posset
1061 1469 1278 1521 tamquam
1313 1468 1540 1521 improuiso
1573 1468 1734 1521 impetu
1767 1481 1884 1510 mens

371 1550 532 1591 semper
562 1539 705 1591 parata
728 1537 935 1579 subitari?
967 1538 1166 1590 processit
1188 1550 1284 1592 ergo
1306 1538 1392 1580 iam
1415 1538 1551 1579 certus
1574 1537 1753 1592 expungi
1775 1538 1884 1594 quod

371 1607 443 1648 diu
465 1606 601 1648 fuerat
620 1607 890 1658 retardatum,
923 1607 1123 1660 precessit
1145 1607 1280 1648 animo
1303 1607 1475 1648 sublimi
1498 1608 1540 1649 et
1563 1608 1709 1659 erecto,
1731 1607 1879 1649 hilari·
1897 1626 1932 1651 20

370 1677 500 1718 tatem
531 1676 765 1729 praeferens
795 1677 918 1718 uultu
938 1677 979 1718 et
1000 1676 1120 1718 corde
1148 1676 1364 1718 uirtutem.
1395 1676 1466 1718 sed
1493 1676 1647 1718 dilatus
1668 1676 1712 1718 in
1733 1677 1882 1718 crasti-

372 1759 471 1787 num
503 1745 555 1787 ad
586 1745 755 1787 domum
786 1745 985 1799 principis
1007 1759 1030 1787 a
1051 1745 1254 1799 praetorio
1286 1745 1586 1795 reuertebatur,
1620 1758 1715 1787 611111
1745 1746 1883 1787 subito

372 1827 444 1868 per
465 1814 761 1869 Carthaginem
791 1815 924 1856 totam
947 1827 1114 1869 sparsus
1135 1828 1277 1857 rumor
1298 1815 1504 1857 increbuit
1524 1815 1771 1869 productum
1796 1827 1884 1858 esse

441 1966 460 1998 1
479 1965 615 1999 sederet
634 1976 663 1999 w
815 1965 985 1999 offerebat
1009 1967 1040 2000 T
1188 1965 1252 1999 1116
1271 1976 1350 1999 uero
1372 1976 1389 1999 υ
1541 1965 1563 1999 2
1580 1965 1711 2010 mente]
1730 1975 1787 1999 me
1809 1966 1842 2000 T

371 2022 602 2067 neglexerant
620 2023 653 2056 T
766 2022 1031 2057 blandientium
1050 2034 1081 2057 w
1198 2023 1219 2057 3
1239 2022 1411 2057 fortasset
1429 2023 1476 2057 T¹
1592 2023 1704 2057 etiam
1721 2033 1788 2057 om.
1807 2034 1838 2056 w

370 2081 533 2125 pluribus
552 2085 566 2115 t
698 2081 734 2114 et
751 2080 928 2125 fidelibus]
946 2079 1113 2115 fidelibus
1134 2092 1190 2125 ωμ
1322 2081 1345 2115 4
1362 2080 1554 2115 iubebatur
1573 2081 1606 2115 T
1732 2080 1790 2114 illi
1807 2092 1838 2114 w

371 2138 518 2172 sublimi
539 2139 573 2172 T
701 2138 722 2172 5
738 2139 926 2182 praeconia
949 2139 981 2173 T
1107 2138 1205 2182 quia]
1224 2138 1285 2182 qui
1303 2142 1317 2172 t
1441 2139 1476 2172 ct
1494 2138 1548 2183 de]
1568 2137 1610 2172 de
1629 2138 1662 2172 T
1791 2138 1812 2172 G
1829 2139 1885 2171 in-

371 2196 599 2231 festinatione
621 2197 693 2237 Tw,
711 2196 1017 2230 infestinationcm
1034 2209 1059 2241 μ
1169 2196 1270 2230 cristi
1287 2196 1442 2230 nominis
1463 2207 1492 2230 zo
1602 2195 1788 2230 annelente
1809 2207 1838 2230 20

371 2265 492 2289 seruus
514 2254 547 2288 T
719 2254 737 2288 ’ἱ
756 2253 938 2288 occasione
958 2254 990 2288 T
1161 2255 1182 2288 9
1200 2253 1271 2287 fuit
1287 2253 1344 2287 illi
1365 2265 1393 2287 w
1565 2253 1656 2287 sacri
1673 2252 1800 2297 cupido
1818 2265 1838 2289 v

373 2311 415 2345 10
431 2313 517 2346 nota
533 2312 710 2356 passionis
730 2323 759 2346 zo
892 2311 1114 2357 contingeret
1135 2312 1168 2346 T
1174 2316 1181 2334 ¹
1314 2311 1357 2345 de
1374 2322 1440 2346 om.
1459 2323 1516 2356 ἰυμ
1658 2311 1700 2344 11
1718 2299 1791 2344 (1ἷὸ
1808 2312 1841 2346 Τ

370 2372 562 2414 negaretur
583 2371 615 2404 T
761 2369 804 2403 12
821 2371 856 2403 et
874 2369 901 2403 ii
919 2371 1021 2404 erant
1039 2383 1074 2414 μ,
1093 2371 1128 2404 et
1146 2370 1262 2403 ierant
1285 2370 1318 2404 T
1455 2369 1511 2403 dei
1530 2369 1564 2403 T
1708 2369 1750 2403 13
1769 2379 1885 2403 sacer-

370 2427 562 2462 dotis-cum
579 2438 644 2462 om.
666 2438 723 2472 τυμ
823 2427 1025 2471 proconsuli
1043 2441 1068 2472 μ
1168 2427 1294 2461 hortus
1315 2428 1356 2468 T,
1374 2428 1471 2461 ortos
1489 2439 1514 2471 μ,
1616 2426 1660 2460 14
1679 2426 1722 2460 ad
1740 2437 1804 2461 om.
1825 2431 1839 2461 t

371 2485 412 2519 de
430 2485 488 2519 dei
507 2486 546 2526 T,
565 2484 621 2519 dei
639 2496 721 2530 Χιυμυ
835 2485 878 2520 15
896 2487 994 2519 certu
1010 2485 1042 2519 T
1148 2496 1214 2519 usu
1232 2486 1266 2519 T
1378 2485 1421 2519 16
1438 2483 1576 2518 inuidia
1593 2497 1629 2528 μ,
1646 2484 1792 2528 inquam
1809 2485 1842 2518 T

373 2543 414 2576 17
434 2543 586 2587 repente]
604 2543 777 2577 referente
795 2556 820 2588 μ
972 2554 1007 2577 66
1025 2554 1090 2577 om.
1113 2543 1146 2577 T
1299 2543 1342 2577 19
1360 2553 1494 2586 semper
1511 2552 1576 2576 om.
1599 2543 1632 2577 T
1781 2553 1875 2586 prae-

372 2602 498 2644 parata
516 2601 556 2641 Τ,
575 2601 744 2645 pauitans
762 2612 794 2635 w
911 2600 960 2636 20
976 2601 1039 2635 diu
1056 2611 1121 2635 om.
1143 2611 1171 2634 ιο
1282 2600 1447 2634 sublimis
1467 2611 1522 2643 ιαμ
1633 2601 1669 2633 et
1686 2610 1750 2634 om.
1775 2600 1839 2634 Tw

372 2660 487 2692 erecto
506 2670 573 2701 wis,
595 2660 732 2693 secreto
755 2659 788 2693 T
907 2658 1017 2692 hilari
1034 2659 1155 2692 tamen
1174 2663 1187 2693 t
1319 2658 1362 2692 21
1380 2657 1561 2701 proferens
1581 2667 1610 2691 w
1735 2657 1835 2690 ultus
1855 2657 1888 2690 T

374 2716 509 2756 (uultus
527 2720 554 2757 t)
710 2715 829 2760 corde]
848 2715 948 2750 sorde
968 2716 1000 2750 T
1148 2716 1295 2749 uirtutis
1314 2719 1327 2750 t
1482 2714 1527 2748 22
1545 2713 1589 2748 ad
1606 2714 1802 2758 dominum]
1823 2713 1884 2747 ad-

372 2771 513 2806 modum
535 2784 563 2807 zo
726 2773 976 2807 reuertabatur
994 2787 1030 2818 μ,
1048 2773 1276 2808 reuerebatur
1296 2784 1334 2815 w,
1353 2772 1555 2806 reuertebat
1574 2772 1606 2806 T
1709 2797 1716 2801 -
1766 2771 1810 2805 23
1828 2772 1884 2805 111-

373 2830 510 2873 crepuit
532 2832 620 2875 Τιομ
763 2842 837 2865 6666
856 2831 1055 2874 prodictum
1072 2842 1103 2865 w
