2032 3248
748 230 874 263 Liber
910 230 986 264 Vll.
1525 231 1603 272 ‘277

126 358 202 387 non
242 344 388 400 gaudia
427 345 606 387 seruauit
645 344 695 386 ad
736 344 844 386 uitae
889 344 958 386 sed
999 347 1042 385 ut
1081 356 1195 386 suam
1227 343 1490 386 solitudinem
1521 344 1606 385 dis-

125 414 229 454 ceret
260 414 301 454 et
331 413 519 454 orbitatis
562 413 832 454 cruciamenta
873 413 1052 454 sentiret.
1106 412 1308 454 consimili
1349 413 1500 454 ratione
1539 416 1673 466 116144

125 481 225 522 alias
265 482 322 522 ire
364 481 505 522 licebit
544 481 736 523 historias
778 482 818 522 et
857 481 1064 522 ostendere
1104 482 1144 522 in
1185 481 1248 523 his
1289 493 1445 534 quoque
1487 481 1605 535 longe

123 549 233 590 aliud
280 562 400 601 quam
448 562 532 591 esse
584 550 642 590 dii
683 549 856 591 debeant
904 550 952 591 de
997 549 1060 591 his
1118 549 1216 602 ipsis
1265 549 1347 592 dici
1387 551 1428 591 et
1470 562 1605 591 earum

95 618 163 658 sin
203 617 518 670 expositionibus
558 618 750 669 indicari,
792 618 904 659 uelut
940 618 980 659 in
1011 618 1084 660 hac
1128 618 1216 671 ipsa
1256 631 1375 671 quam
1419 618 1605 672 deinceps

123 697 279 738 ponam,
313 699 391 727 una
423 686 457 727 ei
479 687 686 728 duabusue
708 686 942 730 coniunctis,
976 686 1190 728 fastidium
1217 700 1265 727 ne
1287 686 1606 728 inmoderatione

122 755 312 806 pariatur.

176 822 266 863 Non
299 824 406 864 imus
438 823 587 865 infitias
617 824 657 864 in
679 823 889 864 annalium
911 823 1072 876 scriptis
1095 823 1289 865 contineri
1312 823 1409 865 haec
1436 823 1440 878 Ι
1468 823 1603 865 omnia
1619 833 1640 865 f.
1658 835 1722 866 157

121 904 221 943 quae
263 893 358 932 sunt
395 891 563 932 anobis
605 892 646 932 iu
689 892 936 944 oppositione
976 892 1145 944 prolata.
1194 904 1289 933 nam
1331 893 1371 933 et
1412 892 1490 944 ipsi
1532 903 1602 944 pro

76 972 108 996 ιο
121 959 281 1001 modulo
323 959 554 1013 ingeniique
596 971 666 1012 pro
710 961 831 1012 captu
863 961 904 1001 et
934 960 1108 1013 legimus
1146 960 1242 1001 haec
1275 959 1415 1001 eadem
1447 961 1486 1002 et
1518 972 1603 1002 esse

120 1028 252 1080 posita
283 1028 444 1078 scimus
478 1027 546 1069 sed
577 1027 825 1081 quaestionis
856 1028 896 1069 in
928 1028 1000 1069 hoc
1033 1041 1196 1069 summa
1225 1028 1304 1077 est,
1338 1030 1529 1070 utrumne
1560 1028 1602 1069 hi

120 1096 177 1137 dii
218 1096 312 1147 sint,
358 1108 454 1148 quos
496 1097 649 1137 saeuire
691 1097 939 1138 adseueratis
979 1096 1153 1137 offensos
1195 1096 1386 1149 reddique
1426 1096 1532 1137 ludis
1563 1098 1603 1138 et

120 1164 328 1206 sacrificiis
371 1165 510 1214 mites⁷
552 1177 602 1205 au
635 1164 717 1205 sint
757 1165 875 1218 longe
905 1164 1018 1206 aliud
1051 1165 1090 1205 et
1122 1164 1171 1206 ab
1204 1164 1324 1206 huius
1356 1165 1395 1206 ui
1428 1164 1601 1206 debeant

119 1235 159 1273 et
190 1233 364 1274 nominis
395 1235 434 1274 et
465 1233 667 1286 potentiae
699 1233 917 1287 segregari.
963 1233 1053 1285 quis
1091 1233 1152 1274 est
1183 1232 1291 1274 enim
1321 1233 1500 1285 primum
1531 1233 1600 1286 qui

74 1317 104 1341 1⁵
119 1313 183 1342 eos
216 1302 309 1342 deos
341 1301 545 1342 existimet
575 1300 699 1342 fuisse
730 1302 801 1342 aut
832 1313 915 1342 esse
947 1301 1016 1353 qui
1049 1301 1207 1351 credat,
1250 1302 1318 1354 qui
1350 1301 1530 1343 motibus
1562 1302 1601 1342 et

120 1370 404 1411 saltationibus
436 1369 644 1419 scaenicis,
677 1368 746 1421 qui
768 1369 983 1411 cantheriis
1006 1369 1156 1411 frustra
1177 1370 1432 1411 currentibus
1455 1370 1599 1423 uolup-

120 1441 253 1480 tatum
295 1439 508 1479 soluuntur
538 1438 578 1478 in
610 1437 775 1491 gaudia,
818 1438 975 1491 ineptas
1006 1438 1046 1479 et
1077 1437 1246 1492 frigidas
1278 1438 1454 1480 actiones
1486 1451 1599 1492 spec-

119 1508 253 1549 tatum
298 1507 606 1560 proficiscuntur
647 1520 667 1547 6
711 1507 819 1548 caelo
863 1506 1091 1559 offendique
1137 1519 1177 1548 se
1223 1507 1385 1548 doleant
1430 1508 1471 1549 et
1515 1507 1599 1549 suis

119 1575 334 1615 honoribus
366 1574 617 1628 derogatum,
649 1575 683 1616 si
714 1574 917 1627 paulisper
947 1575 1175 1616 constiterit
1196 1575 1333 1616 ludius
1355 1578 1426 1617 aut
1448 1575 1598 1617 tibicen

70 1643 271 1685 20modice
312 1643 620 1695 interquieuerit
661 1642 808 1692 fessus,
851 1643 920 1695 qui
962 1644 1191 1696 praesulem
1232 1643 1311 1685 sibi
1343 1644 1598 1697 displicuisse

116 1712 395 1765 pronuntient,
437 1711 470 1752 si
501 1724 569 1763 per
607 1711 703 1753 circi
740 1711 919 1753 medium
949 1713 1092 1765 pergat
1122 1724 1268 1754 nocens
1299 1713 1448 1766 aliquis
1479 1713 1598 1755 meri-

115 1784 247 1820 torum
279 1791 423 1832 poenas
454 1780 493 1820 et
523 1779 723 1833 supplicia.
754 1779 1013 1821 redditurus?
1059 1793 1160 1832 quae
1192 1781 1226 1822 si
1257 1781 1419 1834 penitus
1450 1784 1597 1824 cuncta

115 1850 154 1889 et
184 1848 268 1889 sine
299 1847 384 1888 ulla
415 1848 711 1899 gratificatione
742 1848 976 1898 cernantur,
1017 1860 1095 1889 non
1126 1849 1288 1890 tantum
1319 1849 1368 1891 ab
1401 1849 1480 1891 diis
1512 1861 1596 1891 esse

114 1917 365 1968 reperientur
394 1916 535 1965 aliena,
568 1928 708 1956 uerum
740 1917 789 1957 ab
819 1915 979 1956 homine
1011 1916 1154 1968 quouis
1184 1917 1295 1958 lauto
1317 1930 1390 1958 1166
1412 1918 1461 1959 ad
1485 1930 1596 1959 sum-

69 1997 100 2022 25
115 1996 200 2026 mos
233 1986 364 2038 apices
396 1985 613 2038 grauitatis
644 1997 689 2026 ac
720 1984 908 2037 ponderis
940 1984 1142 2026 instituto,

171 2053 269 2104 Quis
310 2054 371 2094 est
411 2053 516 2093 enim
558 2052 738 2106 primum
779 2052 871 2094 deos
906 2052 999 2094 illos
1033 2054 1103 2106 qui
1135 2052 1339 2095 existimet
1371 2054 1494 2096 fuisse
1525 2056 1595 2096 aut

114 2133 198 2162 esse
229 2121 297 2173 qui
329 2122 484 2169 credat,
526 2121 593 2173 qui
626 2121 791 2162 nocendi
824 2120 998 2162 habeant
1030 2121 1314 2174 saeuiendique
1344 2123 1532 2164 naturam
1554 2146 1596 2166 μ

114 2201 257 2241 easque
289 2189 465 2230 abiciant
496 2201 633 2230 rursus
667 2189 811 2242 cyatho
843 2200 920 2230 uno
942 2189 1156 2243 sanguinis
1178 2190 1218 2231 et
1238 2190 1369 2231 thuris
1392 2190 1596 2232 suffitione

114 2257 284 2307 molliti,
318 2258 386 2310 qui
419 2257 597 2298 motibus
619 2257 810 2298 scaenicis
833 2258 875 2299 et
895 2257 1185 2299 saltationibus
1206 2257 1449 2300 histrionum
1472 2258 1595 2301 festos

66 2338 98 2361 ³0
115 2327 199 2367 dies
234 2326 382 2367 ducant
413 2327 452 2366 et
474 2324 694 2366 hilaritatis
718 2325 975 2377 plenissimas
1000 2325 1242 2379 uoluptates,
1274 2327 1341 2379 qui
1366 2327 1595 2369 cantherios

153 2463 173 2495 3
200 2461 403 2495 hostendere
422 2462 455 2495 1²
472 2472 551 2495 corr
665 2463 686 2493 5
712 2462 814 2496 uelud
835 2462 870 2495 P
985 2463 1007 2496 8
1031 2461 1109 2496 Non
1129 2462 1218 2496 imus
1236 2482 1278 2487 —
1295 2463 1372 2505 278,
1399 2463 1441 2496 13
1458 2464 1595 2498 erudito

112 2530 164 2552 om
187 2518 254 2552 Gel
273 2519 450 2553 Canterws
468 2518 581 2561 Sctlm,
607 2519 745 2553 seclusit
768 2519 844 2559 Urs,
866 2523 949 2562 post
967 2519 1096 2553 librum
1115 2520 1309 2563 separatim
1334 2520 1504 2555 collocare
1520 2532 1596 2554 ma-

108 2575 176 2608 luit
195 2575 418 2616 StezcecMus,
439 2586 536 2619 quem
558 2576 688 2618 reliqui
704 2577 818 2610 secuti
833 2580 934 2610 sunt:
952 2575 1036 2610 uide
1050 2577 1315 2619 praefationem
1449 2578 1489 2611 rin
1506 2588 1560 2622 ⁷⁷²9
1576 2589 1595 2610 r

110 2632 201 2665 Haec
219 2632 458 2666 desiderantur
478 2634 511 2666 111
526 2633 693 2666 hacteuus
708 2633 884 2676 impressis
899 2633 1074 2666 codicibus
1091 2633 1222 2667 scilicet
1239 2634 1281 2667 in
1297 2634 1437 2668 Gelem'i
1454 2638 1486 2668 et
1500 2634 1594 2668 Cav-

107 2690 175 2722 te'ri
199 2690 414 2724 editionibus
567 2691 604 2723 11
634 2689 684 2722 hii
712 2690 747 2722 P
896 2690 935 2723 14
965 2690 1141 2732 potentiae
1167 2690 1258 2723 Sub:
1290 2690 1444 2733 potentia
1470 2691 1505 2724 P

107 2747 149 2780 15
174 2746 279 2780 fuisse
303 2746 432 2780 addidi
571 2746 611 2779 16
637 2746 782 2779 scenicis
808 2746 843 2780 P
963 2747 1006 2779 18
1031 2746 1101 2779 celo
1127 2746 1161 2779 P
1173 2756 1251 2780 corr
1268 2757 1288 2780 r
1413 2747 1453 2780 19
1478 2747 1592 2781 ludius

112 2802 197 2836 Urs:
222 2803 338 2846 lydius
358 2804 391 2837 P
482 2803 620 2846 tybicen
636 2803 671 2836 P
760 2803 803 2836 ‘22
821 2803 981 2846 paenitus
1002 2803 1035 2835 P
1125 2803 1168 2836 ‘26
1188 2803 1246 2846 qui
1264 2803 1356 2837 Sab:
1373 2803 1450 2847 quis
1469 2804 1502 2838 P

104 2859 147 2892 Ξῖ
173 2859 338 2893 lacunam
364 2861 508 2904 siynaui
626 2860 669 2892 28
686 2859 882 2893 a*biciantu
901 2866 936 2900 (u
955 2861 1048 2899 eras)
1072 2860 1103 2892 P
1217 2863 1315 2903 cyato
1335 2860 1368 2893 P
1479 2860 1593 2894 thuri>

108 2916 140 2947 1¹
271 2916 314 2949 29
333 2916 475 2950 scenicis
502 2917 535 2949 P
671 2916 715 2949 30
739 2915 856 2949 dicant
883 2915 953 2949 Sal)
1502 2908 1509 2914 ”
