2032 3248
394 215 480 258 310
1021 217 1267 263 Appendix.

644 322 694 360 Et
715 320 855 362 celeres
878 324 978 362 uitae
998 324 1149 363 facilem
1168 324 1318 363 haurite
1339 324 1535 372 liquorem.

558 392 613 430 40
644 392 683 429 Si
704 392 788 440 quis
810 393 904 430 uelit
924 405 1064 441 poenas
1085 396 1258 432 aeternae
1280 393 1437 431 euadere
1459 393 1631 430 fiammae

643 461 878 510 Ignarusque
901 462 960 500 die
982 463 1207 511 uenturique
1230 463 1372 501 inscius
1393 462 1476 499 aevi

642 529 693 567 Et
713 530 835 569 iustae
857 531 984 579 potius
1006 531 1168 580 adipisci
1190 532 1357 579 praemia
1378 531 1491 578 uitae,

642 599 753 637 Hunc
775 612 891 638 unum
912 601 1128 639 meminisse
1150 601 1273 639 Deum
1294 600 1488 648 solumque
1508 599 1749 647 precandum,

643 668 714 713 Qui
734 670 856 707 totum
877 669 916 707 in
938 669 1036 707 libra
1057 671 1184 718 posuit
1205 670 1275 708 sub
1297 669 1427 707 limine
1450 669 1642 715 mundum,

557 736 611 775 45
642 737 922 786 Aeternumque
943 751 1098 777 manens
1121 750 1341 787 semperque
1362 738 1513 776 futurus
1534 737 1574 775 in
1594 749 1741 783 aeuum,

642 807 798 846 Saecula
817 811 952 847 cuncta
973 812 1121 856 tenens,
1144 811 1182 848 et
1205 811 1291 847 ante
1314 808 1464 847 saecula
1485 808 1599 855 solus,

641 876 840 925 Ingenitus
862 878 942 916 sine
963 878 1037 916 fine
1058 879 1158 917 Deus
1180 879 1432 926 thronumque
1454 877 1624 915 diuinum

642 945 750 984 Solus
771 947 915 985 habens
937 948 1082 985 caelum
1104 959 1251 995 semper
1272 946 1524 995 supereminet
1544 946 1662 984 altum

640 1014 887 1063 Omnipotens
909 1017 1025 1063 solus,
1049 1017 1109 1055 cui
1129 1018 1264 1064 parent
1286 1016 1411 1054 omnia
1432 1027 1571 1062 rerum,

556 1083 611 1121 50
644 1084 770 1133 [Pater
790 1084 891 1122 filius
914 1085 1071 1133 spiritus
1093 1086 1158 1134 qui
1179 1087 1268 1124 sunt
1290 1097 1436 1133 semper
1455 1085 1495 1122 in
1516 1085 1642 1133 unum]

641 1153 711 1198 Qui
732 1153 806 1191 sibi
828 1154 1081 1202 conplacitum
1103 1155 1292 1193 hominem
1313 1154 1491 1193 formauit
1512 1153 1552 1191 in
1573 1164 1718 1199 aeuum,

638 1224 836 1262 Pastorem
856 1225 1052 1271 pecudum,
1076 1224 1264 1262 dominum
1287 1224 1390 1262 dedit
1411 1235 1492 1261 esse
1514 1223 1678 1261 ferarum

639 1292 778 1340 Iusque
801 1293 905 1331 dedit
925 1294 1121 1332 uolucrum
1140 1295 1371 1341 pontumque
1392 1293 1512 1331 solum
1538 1291 1814 1337 dominandum,

638 1362 710 1407 Qui
732 1374 902 1401 sermone
923 1365 1033 1401 tenus
1055 1363 1180 1411 potuit
1202 1363 1401 1401 extendere
1425 1362 1569 1400 caelum

554 1430 606 1469 55
637 1431 687 1468 Et
708 1431 868 1469 solidam
889 1432 1003 1470 uerbo
1026 1432 1139 1470 iussit
1170 1433 1398 1479 suspendere
1419 1433 1561 1469 terram

636 1500 693 1537 Ac
714 1500 813 1538 dicto
836 1500 949 1539 citius
972 1501 1164 1548 separauit
1186 1500 1358 1548 aequoris
1379 1501 1531 1546 undam,

636 1569 745 1607 Hanc
765 1570 939 1608 manibus
961 1581 1087 1608 caram
1109 1569 1242 1608 dilexit
1261 1569 1406 1617 fingere
1426 1568 1584 1607 formam

634 1638 890 1686 Decoramque
913 1650 1018 1676 suam
1036 1638 1159 1677 uoluit
1179 1639 1303 1676 inesse
1325 1638 1502 1689 figuram&

636 1698 779 1755 Spiritu
799 1707 989 1746 uiuificam
1010 1708 1166 1746 adflauit
1186 1707 1357 1745 uultibus
1378 1718 1520 1745 auram.

546 1777 600 1815 60
685 1777 886 1815 Immemor
905 1777 970 1815 ille
991 1777 1074 1824 Dei,
1095 1778 1234 1815 temere
1256 1776 1477 1815 conmittere
1497 1776 1618 1822 tanta,

633 1846 714 1884 Nec
735 1847 840 1884 ultra
859 1846 1043 1884 monitum
1065 1847 1265 1894 quicquam
1287 1846 1544 1893 contingeret:
1566 1856 1694 1890 unum,

633 1915 740 1954 Vnde
761 1916 901 1954 malum
923 1916 1037 1954 sciret
1057 1917 1095 1953 et
1115 1916 1212 1953 unde
1235 1916 1446 1953 dinosceret
1466 1926 1626 1962 aequum

632 1984 824 2031 Protinus,
846 1984 1036 2023 inlicitum
1056 1985 1180 2022 uetuit
1201 1984 1417 2032 contingere
1437 1995 1599 2031 pomum.

635 2053 784 2099 Quanta
804 2054 903 2091 Deus
924 2053 1067 2091 homini
1087 2053 1260 2101 permisit
1281 2064 1435 2091 munera
1456 2051 1587 2090 mundi

549 2123 599 2161 65
630 2123 681 2161 Et
702 2124 903 2171 praedulce
925 2123 983 2161 sui
1005 2120 1175 2171 signauit
1195 2123 1334 2171 pignus
1356 2122 1506 2168 amoris,

632 2191 754 2231 Vtilia
776 2194 814 2230 et
835 2203 922 2230 cara
942 2192 1079 2230 tribuit
1099 2193 1278 2230 mandata
1300 2191 1449 2238 salutis,

641 2261 716 2299 Sub
737 2261 883 2300 dicione
906 2261 1010 2300 dedit
1029 2263 1153 2300 terras
1174 2262 1411 2309 animamque
1431 2260 1635 2306 uiuentem,

471 2442 516 2476 39
541 2443 682 2488 celeres]
709 2443 875 2477 caelestis
897 2444 948 2478 W
1042 2443 1089 2477 40
1114 2443 1193 2486 quis
1213 2443 1307 2479 DTv
1400 2443 1503 2477 uellit
1524 2443 1574 2478 W
1665 2442 1806 2478 flamam
1830 2445 1887 2486 W,

379 2498 484 2533 flama
511 2499 543 2534 T
763 2501 808 2536 41
834 2501 890 2535 die
915 2501 995 2542 DT,
1022 2500 1080 2535 dei
1110 2502 1160 2536 W
1381 2500 1426 2534 43
1452 2500 1555 2534 deum
1579 2500 1782 2535 meminisse
1806 2502 1844 2536 D

378 2555 425 2590 44
450 2556 578 2591 libram
607 2559 640 2593 T
845 2558 980 2592 lumine
1009 2559 1060 2594 W
1269 2558 1316 2593 45
1341 2560 1573 2601 aeternusque
1603 2559 1654 2594 W
1675 2570 1741 2594 nus
1765 2570 1792 2594 s.
1819 2560 1840 2594 l.

379 2613 424 2648 46
449 2616 484 2647 et
509 2616 592 2649 ante
615 2615 752 2657 DTW,
778 2617 860 2650 ante
885 2616 1004 2651 omnia
1027 2615 1144 2652 Fabr,
1170 2619 1203 2650 et
1227 2627 1248 2651 v
1399 2615 1482 2649 solis
1512 2616 1564 2651 W
1704 2617 1750 2652 48
1775 2617 1888 2652 caelos

379 2670 428 2712 D,
454 2672 548 2705 caelo
579 2673 630 2707 Tv
764 2684 899 2717 semper
924 2684 992 2708 om.
1029 2674 1078 2708 W
1212 2674 1286 2708 alto
1312 2673 1458 2708 DTWv
1595 2674 1642 2709 50
1665 2685 1729 2710 om.
1758 2675 1844 2711 TW

380 2728 529 2773 spiritus
554 2732 697 2764 sanetus
723 2731 761 2765 D
869 2732 914 2766 52
939 2730 1039 2765 dedit
1065 2742 1138 2766 esse
1161 2731 1286 2772 Fabr„
1312 2730 1447 2764 dedisse
1471 2730 1621 2767 DTWv
1723 2732 1767 2766 56
1793 2732 1886 2767 dicto

379 2785 487 2820 citius
513 2786 547 2820 T
566 2787 608 2821 in
633 2798 704 2822 ras.
830 2788 873 2822 57
901 2800 1019 2823 curam
1041 2790 1074 2822 T
1194 2789 1239 2822 62
1264 2798 1388 2832 aequm
1409 2788 1457 2828 1),
1483 2799 1602 2823 aecum
1626 2790 1659 2823 T
1778 2790 1821 2824 66
1846 2791 1886 2823 ut

380 2842 446 2877 illa
472 2843 505 2877 T
640 2846 676 2878 et
701 2856 781 2879 cara
810 2846 869 2888 W,
895 2857 975 2881 cara
999 2846 1096 2882 DTv
1235 2845 1367 2879 tribuit
1391 2845 1466 2890 ipse
1496 2846 1547 2881 W
