2032 3248
338 213 369 247 X

338 340 384 370 ex
424 327 585 371 cursiuo
624 327 862 371 litterarum
907 340 1057 384 genere
1097 330 1207 371 ortas
1252 329 1447 372 librarius
1483 329 1660 373 Parisini
1698 331 1848 374 codicis

338 398 447 440 inter
469 399 735 440 scribendum
755 397 967 441 interdum
989 398 1173 453 corrigit,
1195 398 1425 442 uncialium
1445 398 1685 442 litterarum
1706 402 1846 442 muta-

339 467 474 509 tiones
495 479 665 509 securus
687 466 773 509 fere
795 467 1074 511 transscribit.
1106 467 1191 511 iam
1211 470 1385 522 uterque
1409 470 1482 511 aut
1504 470 1612 511 certe
1635 468 1844 523 antiquior

337 536 462 579 codex
492 537 534 579 in
565 538 676 580 terra
707 537 885 591 scriptus
917 539 993 589 est,
1025 538 1097 580 ubi
1126 537 1273 591 lingua
1303 538 1492 581 Romana
1511 538 1699 593 uulgaris
1722 539 1841 595 uige-

337 606 424 648 bat.
463 605 515 648 ad
555 605 662 648 hanc
703 606 815 648 enim
853 605 1070 648 referenda
1100 609 1198 649 sunt
1228 606 1333 650 uitia
1364 606 1621 651 huiusmodi:
1658 608 1769 650 inter
1800 620 1843 650 se

339 674 532 718 confusae
570 675 736 719 litterae
774 689 804 717 u
843 678 884 718 et
924 675 947 717 b
984 675 1287 731 (saepissime),
1329 689 1353 716 r
1384 677 1427 718 et
1457 676 1472 718 Z
1502 675 1674 731 (65,18.
1715 677 1784 729 95,
1807 678 1843 719 1.

342 745 434 797 110,
454 745 520 787 14.
557 745 649 797 114,
669 746 710 788 3.
743 745 837 797 158,
856 745 925 788 20.
951 745 1045 798 163,
1067 745 1131 788 18.
1158 746 1252 798 174,
1270 746 1309 788 3.
1334 745 1428 798 178,
1447 746 1488 791 2.
1511 746 1609 796 200,
1632 746 1668 788 1.
1692 746 1789 798 219,
1807 746 1847 789 4.

337 813 436 866 226,
454 814 522 857 28.
562 814 716 866 232,7.
757 814 958 869 254,13),
991 817 1060 856 net
1091 817 1133 857 et
1163 817 1210 856 nt
1243 815 1360 869 (139,
1379 815 1417 857 8.
1459 816 1554 866 163,
1574 816 1642 859 17.
1677 816 1771 867 178,
1789 814 1848 868 7),

338 896 393 936 qu
432 885 472 925 et
509 896 530 925 c
568 883 901 939 (quaerimonias
937 895 1010 937 pro
1048 884 1328 926 caerimonias
1371 885 1465 936 189,
1486 885 1539 926 14
1572 885 1738 938 copiam
1776 897 1849 939 pro

338 951 538 1005 quopiam
574 953 712 1004 232,l
755 952 988 1006 loqueretur
1018 965 1092 1007 pro
1130 953 1339 996 iocaretur
1378 954 1475 1006 232,
1493 954 1548 997 26
1585 967 1630 996 co
1667 967 1742 1008 pro
1772 967 1850 1008 quo

338 1021 436 1073 254,
457 1022 512 1064 10
527 1025 843 1075 perquoquatur
863 1023 960 1074 263,
981 1023 1034 1065 12
1055 1022 1197 1075 quoire
1217 1023 1315 1075 269,
1333 1024 1387 1066 15
1417 1024 1650 1077 dequoquat
1669 1024 1767 1076 279,
1785 1022 1845 1080 9),

338 1092 566 1144 adspiratio
621 1091 727 1134 falso
772 1092 915 1135 addita
959 1092 1109 1147 (3,14.
1161 1092 1200 1144 5,
1222 1093 1264 1135 4.
1315 1093 1381 1146 13,
1398 1094 1436 1136 9.
1484 1094 1553 1145 22,
1575 1094 1644 1136 28.
1690 1093 1758 1146 24,
1777 1094 1847 1136 25.

338 1161 406 1213 63,
426 1160 494 1203 21.
545 1161 609 1213 79,
631 1161 669 1204 8.
717 1161 871 1212 81,17.
923 1161 991 1212 83,
1009 1161 1078 1203 24.
1119 1162 1273 1213 84,16.
1323 1162 1505 1217 118,15.
1548 1163 1617 1205 20.
1667 1163 1847 1214 l23,15.

340 1229 434 1283 139,
452 1230 491 1273 8.
526 1230 620 1282 146,
638 1230 678 1272 2.
713 1230 808 1283 153,
826 1230 894 1273 20.
929 1230 1023 1281 185,
1043 1232 1079 1273 1.
1105 1231 1199 1283 197,
1216 1231 1285 1273 24.
1308 1230 1404 1283 206,
1426 1232 1493 1274 10.
1514 1231 1611 1284 220,
1633 1232 1668 1273 1.
1690 1232 1788 1283 253,
1807 1232 1846 1275 8.

340 1299 410 1352 19)
453 1301 546 1353 aut,
589 1301 696 1353 quod
734 1312 826 1342 raro
864 1299 937 1351 fit,
982 1312 1204 1355 perperam
1249 1300 1403 1343 omissa
1447 1301 1532 1356 (23,
1549 1301 1618 1344 23.
1668 1301 1762 1353 195,
1783 1300 1849 1344 10.

341 1368 437 1418 197,
454 1368 514 1425 3),
547 1371 710 1413 uocales
740 1370 835 1412 ante
872 1381 892 1411 s
931 1369 1130 1423 inpurum
1168 1370 1335 1412 additae
1374 1369 1581 1426 (aspiritu
1610 1371 1680 1422 20,
1698 1370 1751 1412 12
1781 1381 1849 1410 as—

337 1451 488 1481 cauros
516 1439 585 1492 41,
603 1440 661 1482 20
690 1438 991 1482 adscribuntur
1020 1451 1092 1493 pro
1123 1439 1366 1481 scribuntur
1389 1440 1483 1490 167,
1505 1440 1559 1482 27
1577 1440 1851 1493 perinstrixit

338 1521 411 1563 pro
435 1508 692 1561 perstrinoeit
721 1508 790 1560 49,
811 1508 861 1550 17
893 1508 1147 1550 instructum
1183 1520 1256 1563 pro
1278 1511 1482 1551 structum
1502 1509 1570 1561 51,
1589 1510 1644 1551 22
1665 1509 1848 1552 inscien-

339 1577 497 1619 tissime
525 1590 599 1632 pro
628 1577 901 1620 scientissime
941 1577 1084 1629 94,1O
1121 1577 1349 1620 inscientia
1378 1591 1453 1632 pro
1489 1579 1668 1621 scientia
1707 1579 1774 1630 94,
1793 1579 1850 1621 20

339 1647 578 1700 inspecuali
614 1659 688 1700 pro
726 1646 949 1699 spectaculi
982 1647 1077 1697 198,
1094 1647 1150 1689 22
1188 1646 1460 1690 adliisciscere
1506 1660 1578 1701 pro
1621 1648 1848 1691 adsciscere

342 1717 435 1768 153,
454 1716 511 1758 20
531 1715 761 1769 inspaniae
789 1728 861 1770 pro
893 1715 1119 1768 hispaniae
1148 1716 1216 1758 uel
1247 1717 1386 1769 potius
1406 1717 1586 1769 spaniae
1617 1717 1683 1769 23,
1702 1718 1758 1760 23
1778 1730 1849 1759 ex-

339 1786 585 1839 spectaculis
604 1798 677 1842 pro
699 1786 945 1839 spectaculis
977 1786 1071 1836 148,
1091 1787 1144 1829 19
1175 1786 1391 1839 discriptis
1411 1799 1485 1841 pro
1506 1787 1677 1840 scriptis
1710 1786 1804 1839 156,
1823 1787 1848 1828 6

339 1856 391 1898 cf.
422 1856 625 1898 distincta
653 1867 726 1909 pro
757 1855 960 1897 instincta
991 1856 1178 1907 229,11;
1212 1856 1419 1898 contrario
1449 1855 1553 1898 uitio
1585 1858 1686 1898 nata
1715 1858 1847 1898 struc-

340 1925 493 1967 tionem
523 1937 595 1980 pro
626 1925 943 1967 instructionem
976 1925 1109 1975 188,1
1146 1937 1306 1978 spanus
1337 1937 1408 1979 pro
1441 1924 1649 1978 hispanus
1682 1925 1776 1975 195,
1797 1925 1851 1967 10

342 1994 509 2037 striculi
539 2007 611 2048 pro
642 1993 864 2048 hystriculi
896 1994 989 2046 197,
1008 1994 1046 2036 3.

477 2062 763 2106 Conclusimus
804 2076 927 2117 supra
966 2076 1012 2105 ex
1041 2064 1180 2106 uerbis
1213 2063 1362 2106 Sabaei
1395 2065 1575 2106 codicem
1605 2063 1846 2106 Parisinum

341 2133 441 2176 olim
472 2133 581 2187 apud
611 2132 830 2175 Heluetios
861 2134 934 2175 aut
966 2131 1194 2176 Germanos
1226 2133 1364 2175 fuisse.
1397 2133 1462 2175 cui
1492 2133 1554 2175 rei
1584 2145 1667 2175 non
1697 2144 1846 2187 repug-

341 2204 443 2245 nant
487 2203 613 2244 uerba
662 2215 770 2244 nono
815 2201 977 2245 saeculo
1025 2203 1067 2244 in
1113 2203 1265 2245 ultima
1310 2203 1462 2257 pagina
1503 2201 1644 2257 (190b)
1693 2202 1849 2254 scripta

339 2268 391 2314 ‘si
429 2271 455 2327 q
494 2272 665 2314 homine
699 2273 794 2313 Etra
824 2270 963 2314 anima
997 2270 1106 2326 regis
1137 2272 1386 2326 cogitauerit
1418 2272 1491 2313 aut
1527 2271 1760 2313 csiliauerit

341 2355 406 2385 res
446 2343 531 2384 eius
569 2341 806 2383 infixentur.
846 2341 882 2382 si
921 2341 1012 2394 quis
1044 2343 1138 2383 ctra
1167 2341 1314 2383 inimic
1341 2342 1611 2395 pugnandum
1642 2340 1848 2394 collegam

342 2412 417 2454 sua
450 2410 659 2453 dimiserit
689 2443 698 2452 .
718 2443 728 2451 .
747 2443 755 2451 .
788 2409 1046 2452 infiscentur.
1077 2411 1113 2452 si
1144 2411 1235 2464 quis
1257 2411 1306 2452 cfr
1327 2423 1425 2465 rege
1447 2444 1456 2452 .
1475 2441 1484 2451 .
1505 2443 1513 2451 .
1537 2411 1584 2451 ut
1607 2409 1728 2452 homo
1749 2421 1846 2462 pos-

342 2480 400 2522 sit
429 2481 622 2523 idoneare
652 2480 732 2534 que
764 2480 862 2535 rege
894 2479 1060 2522 hoccide
1091 2476 1293 2523 iusserit':
1337 2492 1439 2533 quae
1470 2480 1568 2521 sunt
1598 2479 1679 2520 tria
1710 2478 1847 2531 capita

346 2549 404 2603 (1.
439 2549 476 2590 7.
507 2550 551 2602 2)
574 2549 701 2591 edicti
722 2549 908 2592 Rothari.
941 2550 1103 2591 scilicet
1124 2549 1247 2591 huius
1270 2548 1396 2591 edicti
1417 2560 1498 2590 non
1520 2547 1654 2590 solum
1675 2547 1845 2590 Italicos

343 2617 504 2660 codices
541 2620 611 2660 sed
650 2619 778 2660 etiam
817 2618 1133 2672 Sangallensem
1172 2620 1214 2659 et
1244 2617 1495 2660 Fuldensem
1532 2616 1845 2669 antiquissimos

344 2686 550 2738 nouimus,
583 2688 786 2741 scriptum
809 2689 950 2729 autem
972 2699 1060 2729 esse
1081 2687 1236 2730 librum
1257 2687 1495 2729 Parisinum
1515 2686 1559 2727 in
1581 2686 1843 2736 monasteriO,

342 2754 417 2797 ubi
446 2756 589 2798 uetera
619 2757 947 2810 antiquariorum
978 2757 1175 2798 instituta
1204 2755 1496 2798 retinebantur
1525 2754 1844 2808 litterarumque

343 2824 482 2866 studia
511 2824 724 2874 florebant,
757 2824 940 2878 primum
967 2826 1074 2867 notis
1105 2837 1151 2867 ex
1172 2836 1285 2867 more
1307 2825 1572 2877 antiquorum
1594 2824 1636 2866 in
1657 2823 1845 2878 margine

344 2893 509 2946 positis,
549 2893 694 2936 deinde
734 2894 953 2949 diligentia
996 2895 1302 2943 conuincimur,
1342 2906 1421 2947 qua
1462 2893 1586 2935 codex
1628 2892 1845 2947 postquam
