2032 3248
302 215 386 259 220
707 215 898 251 Arnobii
932 216 1144 251 aduersus
1179 218 1390 252 nationes

302 331 551 381 conclusum,
584 330 631 371 ut
660 329 889 371 immobilis
920 330 1112 372 uidelicet
1142 333 1265 384 atque
1296 330 1376 373 fixa
1406 331 1616 386 obsignati
1647 332 1796 374 ominis

301 398 555 453 perpetuitas
592 399 732 441 staret.
779 399 886 452 quod
924 411 1018 441 cum
1056 399 1233 453 opprimi
1263 412 1337 453 par
1368 401 1474 442 esset
1505 401 1546 442 et
1576 401 1797 443 uetustatis

301 467 586 510 obliteratione
618 467 753 519 celari,
786 468 1010 522 conpositio
1042 468 1220 510 nominis
1251 468 1348 510 iecit
1370 469 1414 510 in
1434 468 1620 511 medium
1641 470 1681 511 et
1704 483 1798 512 cum

302 537 386 578 suis
417 537 549 579 causis
580 549 650 590 per
680 539 775 580 data
805 537 884 579 sibi
914 538 1099 592 tempora
1128 537 1436 592 inextinguibili
1474 538 1571 580 fecit
1601 538 1797 581 testifica-

166 611 189 643 f.
206 610 289 642 124b
303 607 414 649 tione
434 606 662 661 procedere,
684 618 757 648 nec
780 605 946 648 erubuit
968 606 1114 648 ciuitas
1135 606 1313 648 maxima
1335 606 1376 648 et
1397 607 1615 649 numinum
1639 608 1644 663 Ι
1674 621 1795 650 011110-
1829 625 1843 650 ⁵

298 677 435 717 torum
479 674 649 727 cultrix,
697 688 791 718 cum
827 675 1074 717 uocabulum
1112 674 1266 729 templo
1305 675 1440 729 daret,
1488 688 1534 718 ex
1565 675 1633 718 Oli
1664 676 1797 731 capite

264 743 551 798 8Capitolium
582 757 707 798 quam
738 757 784 786 ex
819 744 982 786 nomine
1012 743 1126 785 Iouio
1164 756 1409 798 nuncupare.
1455 745 1556 787 satis
1594 746 1724 800 igitur
1753 747 1800 788 ut

302 814 444 868 opinor
482 813 736 856 ostendimus
775 814 929 866 templa
959 812 1038 855 diis
1069 812 1375 855 immortalibus
1405 814 1478 855 aut
1508 813 1686 856 inaniter
1713 826 1800 857 esse

302 884 534 925 constructa
555 884 626 925 aut
648 883 788 924 contra
810 882 934 924 decus
956 882 996 924 et
1017 882 1243 935 potentiam
1273 882 1474 924 creditam
1495 883 1800 925 contumeliosis

302 952 605 1006 opinationibus
645 950 854 993 fabricata.
903 950 1088 1004 sequitur
1118 951 1164 992 ut
1196 952 1243 992 de
1275 950 1405 1005 signis
1444 951 1602 1004 aliquid
1633 952 1848 995 simula-10

304 1022 462 1075 orisque
493 1021 691 1070 dicamus,
724 1032 825 1074 quae
857 1019 991 1061 multa
1021 1020 1109 1061 arte
1140 1019 1367 1073 conponitis
1389 1021 1430 1062 et
1451 1019 1642 1075 religiosa
1663 1021 1800 1063 obser-

304 1090 469 1133 uatione
502 1090 666 1132 curatis,
713 1101 794 1143 qua
825 1089 868 1130 in
898 1089 1014 1141 parte
1036 1088 1070 1130 si
1094 1088 1192 1130 fides
1215 1091 1276 1130 est
1298 1088 1394 1140 ulla,
1427 1089 1673 1131 constituere
1694 1090 1802 1143 apud

303 1171 374 1201 nos
419 1159 528 1212 ipsos
573 1157 698 1199 nullis
739 1156 1132 1199 considerationibus
1174 1168 1411 1211 possumus,
1459 1159 1652 1200 utrumne
1690 1157 1802 1200 istud

304 1229 408 1271 serio
431 1230 472 1271 et
494 1241 586 1271 cum
608 1227 814 1282 proposito
837 1227 999 1269 faciatis
1030 1226 1147 1282 graui
1178 1238 1229 1268 an
1250 1226 1418 1268 ridendo
1439 1239 1502 1269 res
1524 1227 1632 1281 ipsas
1653 1227 1802 1282 puerili

305 1297 577 1341 alucinatione
617 1296 785 1339 ludatis
832 1296 867 1338 si
899 1296 1007 1338 enim
1048 1298 1207 1338 certum
1239 1296 1301 1337 est
1332 1295 1442 1350 apud
1472 1307 1544 1338 uos
1576 1296 1670 1338 deos
1702 1308 1800 1348 esse,
1816 1313 1847 1338 15

306 1379 405 1421 quos
443 1366 588 1409 remini
629 1367 751 1419 atque
793 1365 835 1407 in
867 1365 1039 1406 summis
1078 1364 1179 1407 caeli
1219 1364 1456 1420 regionibus
1487 1367 1651 1419 degere,
1702 1378 1803 1419 quae

305 1449 438 1487 causa,
472 1448 574 1489 quae
604 1435 708 1477 ratio
741 1435 816 1485 est,
848 1435 895 1476 ut
926 1434 1147 1476 simulacra
1172 1433 1252 1475 ista
1272 1433 1481 1488 fingantur
1503 1446 1526 1475 a
1547 1434 1676 1484 uobis,
1709 1446 1802 1476 cum

305 1505 489 1547 habeatis
520 1517 583 1546 res
615 1507 760 1555 certas,
793 1503 941 1557 quibus
964 1515 1100 1557 preces
1122 1502 1289 1557 possitis
1311 1502 1514 1545 effundere
1536 1504 1577 1545 et
1600 1502 1802 1544 auxilium

306 1574 425 1616 rebus
457 1573 499 1615 in
530 1573 786 1628 exigentibus
817 1572 1052 1627 postulare?
1084 1571 1148 1614 sin
1179 1572 1319 1613 autem
1349 1583 1427 1613 non
1450 1572 1615 1614 creditis
1637 1572 1723 1623 aut,
1756 1572 1803 1613 ut

305 1642 562 1684 mediocriter
608 1641 788 1692 dicatur,
836 1640 1067 1694 ambigitiS‚
1116 1640 1242 1682 etiam
1280 1640 1338 1682 310
1375 1640 1481 1682 ratio
1513 1652 1711 1693 quaenam
1743 1640 1804 1682 est
1817 1651 1850 1676 20

306 1711 523 1754 dubiorum
554 1711 705 1765 fingere
736 1711 859 1763 atque
890 1709 1103 1751 instituere
1142 1709 1361 1751 simulacra
1392 1710 1434 1751 et
1464 1709 1570 1763 quod
1608 1721 1694 1751 esse
1724 1721 1803 1751 non

308 1780 446 1823 credas
477 1781 649 1822 uentosa
687 1779 920 1821 imitatione
951 1778 1154 1820 formare?
1202 1791 1252 1819 an
1283 1777 1484 1831 numquid
1516 1777 1654 1820 dicitis
1686 1777 1802 1829 forte,

307 1850 581 1903 praesentiam
619 1849 736 1891 uobis
773 1849 978 1902 quandam
1016 1847 1080 1889 his
1111 1849 1326 1889 numinum
1358 1847 1432 1889 sub
1464 1847 1643 1889 exhiberi
1674 1846 1803 1888 simu-

308 1920 449 1970 lacris,
497 1919 537 1961 et
568 1919 662 1973 quia
693 1919 786 1960 deos
826 1918 966 1960 uidere
996 1930 1076 1960 non
1107 1917 1250 1959 datum
1280 1917 1363 1967 031,
1409 1917 1435 1969 †
1468 1928 1534 1958 eos
1566 1916 1734 1958 insolidi
1765 1918 1805 1959 et

307 1989 448 2048 munia
478 1988 658 2031 officiosa
702 1987 934 2042 praestari?
979 1987 1054 2028 1100
1084 1986 1154 2040 qui
1186 1985 1286 2028 dicit
1317 1987 1356 2027 et
1395 1985 1547 2027 adserit
1586 1985 1680 2027 deos
1720 1996 1806 2027 0330
1819 1996 1851 2022 2⁵

309 2071 388 2100 non
419 2056 558 2107 credit,
590 2068 662 2098 1100
691 2056 839 2098 habere
870 2055 1130 2098 conuincitur
1160 2054 1245 2097 suis
1278 2048 1548 2109 religionibus
1579 2053 1702 2096 fidem
1741 2052 1806 2095 0111

311 2137 411 2180 opus
442 2126 504 2167 est
533 2124 671 2167 uidere
692 2126 798 2178 quod
818 2124 970 2174 teneat,
1002 2136 1051 2166 ne
1071 2123 1190 2165 inane
1212 2122 1316 2166 forte
1336 2123 1391 2165 sit
1412 2122 1518 2176 quod
1539 2124 1565 2175 †
1588 2122 1805 2164 obscurum

270 2196 390 2236 911011
436 2194 615 2235 uidetur,
667 2194 780 2246 deos,
821 2193 1013 2247 inquitis,
1054 2205 1126 2246 per
1156 2192 1374 2234 simulacra
1404 2203 1655 2233 ueneramur.
1707 2190 1805 2244 quid

310 2264 434 2317 ergo?
463 2262 499 2303 si
529 2261 628 2304 haec
659 2273 739 2303 non
760 2261 855 2313 sint,
889 2261 967 2304 0011
990 2273 1031 2304 30
1052 2261 1110 2304 (111
1131 2261 1319 2303 nesciunt
1340 2272 1413 2302 nec
1433 2259 1622 2314 inpertiri
1644 2271 1667 2301 a
1687 2259 1803 2301 uobis

355 2446 374 2480 1
401 2444 599 2490 obsigmati
623 2445 659 2479 P
797 2443 924 2479 ominis
947 2444 1029 2479 Gel:
1056 2442 1210 2478 hominis
1229 2443 1264 2478 P
1400 2442 1423 2476 4
1441 2442 1508 2476 feeit
1532 2441 1567 2476 P
1703 2440 1724 2475 6
1750 2439 1808 2475 Oli

311 2502 429 2537 Salm:
466 2501 534 2536 3011
557 2502 594 2537 Ρ
628 2501 707 2537 Το11
732 2501 803 2537 Sab
955 2501 977 2536 8
1001 2511 1075 2535 esse
1103 2499 1189 2535 Gez:
1225 2499 1269 2534 iis
1295 2510 1368 2534 esse
1394 2500 1430 2534 P
1464 2499 1520 2533 his
1545 2508 1619 2533 esse
1644 2498 1716 2532 Sao

311 2559 354 2593 12
378 2559 458 2594 fidis
482 2559 518 2593 P
542 2569 624 2594 corr
648 2562 676 2594 θ’
838 2559 882 2593 14
905 2558 1101 2603 propositos
1127 2558 1162 2592 P
1186 2568 1267 2593 corr
1427 2556 1554 2601 grauia
1579 2556 1615 2590 P
1638 2565 1717 2590 corr

311 2617 354 2651 18
377 2626 511 2661 111-00οψ3
534 2617 569 2650 P
726 2616 770 2651 22
805 2616 954 2651 formare
981 2615 1071 2650 Sab:
1096 2614 1241 2649 formari
1264 2615 1299 2648 P
1456 2614 1500 2648 23
1537 2611 1693 2647 exhiberi
1722 2611 1809 2646 Gel:

310 2673 472 2708 exhibere
489 2674 524 2709 P
549 2673 791 2718 (subexhibere
815 2673 902 2718 Sab)
1039 2672 1085 2707 24
1108 2683 1165 2706 eos
1190 2672 1335 2707 insolidi
1360 2672 1408 2717 et]
1434 2681 1491 2706 eos
1515 2671 1570 2705 ita
1594 2669 1662 2705 coli
1687 2671 1722 2704 et
1745 2670 1809 2704 Gel

311 2741 429 2766 eorum
462 2731 499 2766 in
532 2731 807 2766 similitudinem
839 2731 906 2766 Urs
938 2741 993 2765 eos
1025 2730 1077 2765 ita
1102 2729 1187 2771 coli,
1220 2730 1264 2764 iis
1289 2730 1325 2764 et
1349 2728 1537 2764 Heraldus
1573 2738 1629 2762 eos
1655 2727 1705 2761 sic
1730 2727 1810 2769 coli,

310 2788 356 2823 iis
374 2789 408 2823 et
426 2788 526 2823 Salm
550 2789 601 2823 eis
618 2789 668 2823 sic
684 2789 797 2824 solum
813 2789 917 2823 licere
937 2788 954 2823 ‚2
1091 2787 1135 2822 26
1152 2786 1357 2832 regionibus
1375 2786 1410 2821 P
1426 2795 1508 2821 corr
1521 2787 1549 2820 c‘
1686 2784 1730 2819 27
1750 2783 1810 2818 ob-

311 2846 463 2891 scurum]
490 2845 667 2881 oculorum
692 2846 729 2880 ui
756 2845 775 2880 ,2
