2032 3248
841 225 969 259 Liber
1001 224 1040 259 V.
1602 230 1677 270 187

188 339 313 381 etiam
345 339 555 381 mandauit
586 341 729 389 terrae,
769 351 813 381 ac
836 353 883 381 ne
905 339 1012 380 nuda
1034 340 1074 380 in
1096 339 1249 392 gremio
1272 339 1502 381 diffluerent
1523 341 1677 383 scilicet

188 407 276 457 soli,
309 409 546 460 priusquam
579 410 691 449 ueste
722 409 876 449 uelaret
909 420 955 448 ac
976 409 1144 461 tegeret,
1178 408 1283 449 lauit
1305 409 1457 461 utique,
1482 409 1676 451 balsamis

188 476 308 528 atque
347 476 495 517 unxit?
542 476 647 516 unde
687 476 795 517 enim
836 476 967 516 uiolae
999 477 1108 517 nasci
1140 477 1369 528 potuissent
1400 477 1566 528 odorae,
1598 478 1675 519 nisi

187 545 372 596 putorem
405 544 576 585 membri
609 544 909 597 unguentorum
941 543 1015 584 illa
1046 544 1232 585 suffectio
1264 545 1543 598 temperaret?
1584 559 1676 587 cum

161 611 402 661 shistorias,
445 624 614 664 quaeso,
651 612 865 666 perlegitis
897 612 1025 661 tales,
1069 624 1197 653 nonne
1229 612 1343 653 uobis
1376 614 1572 655 uidemini
1605 616 1676 655 aut

188 679 423 721 textriculas
446 680 603 732 puellas
626 680 766 721 audire
791 680 962 722 taediosi
985 681 1115 733 operis
1139 681 1518 723 circumscribentes
1542 696 1675 724 moras

187 748 257 789 aut
277 748 505 790 infantibus
528 748 703 789 credulis
726 750 991 790 auocamenta
1021 749 1295 801 quaeritantes
1326 763 1426 791 anus
1456 751 1675 804 longaeuas

188 842 205 859 2.
233 818 273 857 et
311 817 444 857 uarias
483 816 663 857 fictiones
703 817 776 858 sub
824 817 1003 871 imagine
1048 817 1235 859 ueritatis
1278 823 1537 871 expromere?
1583 833 1674 861 cum

188 885 282 928 Ioue
313 886 472 927 locutus
506 888 565 927 est
587 887 792 940 Agdestis,
825 889 871 928 ut
901 888 1034 928 amato
1064 887 1298 928 restitueret
1320 888 1469 929 uitam:
1504 889 1678 931 adnuere

146 969 175 993 ιο
188 955 372 1008 Iuppiter
403 955 617 1005 recusauit,
651 956 745 1007 quia
768 955 863 997 fatis
886 956 1183 1009 potentioribus
1212 956 1522 1008 prohibebatur:
1556 958 1598 998 at
1628 969 1677 998 ne

188 1024 292 1065 esset
322 1023 484 1065 omnino
515 1024 770 1074 durissimus,
804 1038 929 1065 unam
960 1024 1135 1078 largitus
1158 1026 1218 1066 est
1240 1025 1430 1078 gratiam,
1463 1038 1510 1066 ne
1533 1028 1675 1078 putore

188 1103 328 1144 corpus
366 1092 655 1133 dissolueretur
692 1092 795 1141 u110‚
839 1097 1131 1134 succrescerent
1163 1104 1300 1134 comae
1331 1105 1509 1145 semper,
1554 1094 1676 1134 mini-

189 1160 397 1201 missimus
429 1160 653 1213 digitorum
685 1161 794 1201 solus
826 1162 872 1202 ut
904 1161 944 1201 in
978 1173 1139 1213 corpore
1181 1162 1356 1211 uiueret,
1401 1161 1509 1202 solus
1542 1163 1676 1203 motus

188 1231 402 1282 perpetuos
434 1229 650 1270 exhiberet.
693 1229 836 1270 hocine
859 1229 1074 1282 quisquam
1097 1230 1307 1271 admiserit
1330 1233 1397 1270 aut
1421 1230 1674 1271 credulitatis

145 1311 174 1335 ιε»
189 1298 424 1339 adsensione
456 1297 642 1350 firmarit,
674 1298 805 1351 pilum
838 1299 878 1339 in
912 1301 1070 1339 mortuo
1108 1298 1112 1353 Ι
1150 1311 1337 1348 crescere,
1377 1301 1535 1352 partem
1567 1299 1673 1340 inte·
1694 1307 1714 1338 f.
1732 1308 1795 1339 106

189 1379 304 1421 gram
337 1379 418 1407 esse
450 1367 489 1407 et
520 1367 749 1407 seiunctum
781 1366 829 1407 ab
863 1366 951 1420 lege
983 1367 1207 1420 putredinis
1239 1367 1412 1408 mortale
1441 1379 1582 1420 corpus
1605 1367 1675 1407 ad-

188 1434 266 1475 huc
297 1447 422 1487 usque
453 1437 625 1477 durare?
658 1448 799 1489 urgere
830 1449 902 1477 uos
932 1436 1173 1476 iamdudum
1204 1436 1253 1476 ad
1284 1435 1403 1476 istius
1425 1436 1482 1476 rei
1505 1447 1671 1487 conpro-
1694 1439 1738 1478 15

188 1503 394 1545 bationem
435 1516 665 1556 possemus,
707 1504 784 1545 nisi
824 1505 1030 1545 stultitiae
1068 1505 1175 1557 paris
1212 1506 1317 1545 esset
1348 1507 1388 1545 et
1419 1504 1518 1545 talia
1546 1504 1676 1544 dicere

189 1572 228 1612 et
258 1572 491 1613 huiusmodi
522 1586 658 1614 rerum
688 1572 840 1614 indicia
872 1573 1092 1625 postulare.
1141 1574 1210 1614 sed
1242 1572 1413 1614 historia
1445 1573 1540 1613 haec
1573 1571 1675 1613 falsa

143 1653 173 1679 20
189 1640 249 1681 est
282 1652 409 1693 neque
448 1641 577 1682 ullam
619 1641 801 1682 continet
831 1640 1019 1682 ueritatis
1050 1641 1091 1681 in
1125 1653 1166 1682 se
1196 1642 1368 1693 partem.
1415 1642 1554 1682 nostra
1585 1640 1674 1692 qui-

187 1709 279 1750 dem
311 1708 414 1749 nihil
446 1709 626 1759 interest,
662 1721 833 1762 quorum
864 1721 985 1751 causa
1016 1710 1258 1751 contenditis
1282 1709 1568 1750 exterminatos
1590 1721 1676 1749 esse

189 1777 237 1818 ab
271 1777 389 1817 terris
421 1777 526 1826 deos,
570 1780 760 1818 utrumne
792 1777 846 1818 sit
878 1778 1066 1819 constans
1099 1779 1140 1819 et
1170 1777 1262 1818 fidei
1302 1777 1497 1819 firmitate
1537 1777 1675 1819 conixa

188 1858 238 1887 an
270 1846 407 1886 contra
445 1845 694 1887 mendaciter
725 1848 764 1886 et
796 1845 993 1886 falsitatis
1035 1845 1206 1886 alicuius
1245 1845 1408 1886 fictione
1440 1846 1673 1898 composita.

190 1913 304 1954 nobis
336 1914 444 1954 enim
477 1914 575 1954 satis
608 1915 680 1962 est,
715 1914 861 1966 quibus
892 1913 1009 1954 hodie
1043 1913 1306 1955 manifestare
1328 1914 1576 1966 propositum
1600 1916 1673 1964 est,

142 1993 173 2017 2⁵
188 1982 353 2023 numina
385 1982 462 2023 ista
494 1994 596 2034 quae
627 1982 829 2034 promitis,
864 1982 898 2022 si
930 1982 1024 2022 sunt
1055 1982 1216 2034 uspiam
1241 1982 1426 2035 gentium
1449 1983 1570 2034 atque
1592 1982 1673 2022 ira-

188 2062 277 2091 rum
310 2049 536 2092 feruoribus
568 2050 844 2096 incalescunt,
878 2061 958 2090 non
990 2050 1121 2103 magis
1153 2063 1175 2091 a
1209 2050 1322 2091 nobis
1353 2063 1474 2103 quam
1505 2062 1528 2090 a
1560 2050 1674 2090 uobis

188 2119 366 2171 accipere
397 2118 666 2160 offensionum
700 2118 913 2159 furialium
946 2131 1104 2168 causas,
1137 2120 1177 2160 et
1199 2131 1283 2159 esse
1305 2118 1422 2159 illam
1445 2119 1485 2159 in
1508 2120 1534 2169 †
1557 2120 1673 2159 rebus

189 2188 228 2227 et
259 2199 281 2227 a
324 2187 437 2227 uobis
478 2188 517 2227 in
556 2187 867 2228 commentarios
905 2187 1076 2227 relatam
1118 2188 1157 2227 et
1196 2200 1218 2227 a
1257 2187 1485 2227 uolentibus
1529 2186 1674 2227 cotidie

232 2323 249 2355 1
278 2322 411 2356 scilicet
439 2322 645 2356 Heraldm:
680 2323 727 2355 sic
755 2323 788 2355 Ρ
939 2322 959 2354 3
987 2321 1109 2355 odorae
1141 2322 1227 2355 Urs.-
1260 2321 1361 2355 odore
1388 2322 1418 2353 P
1569 2322 1588 2354 6
1614 2332 1673 2355 au-

186 2378 276 2413 ditre
303 2379 336 2412 P
472 2378 781 2413 circunscribentis
809 2378 880 2412 Sao
1025 2379 1043 2412 7
1071 2378 1224 2422 quei-ulis
1256 2378 1324 2411 Urs
1461 2379 1482 2410 8
1508 2379 1673 2411 lacunam

185 2436 331 2480 siynaui
468 2439 502 2470 ct
527 2447 581 2469 om
614 2436 682 2469 (r'rs
826 2436 846 2468 9
872 2435 963 2469 ioue*
984 2436 1017 2468 Ι)
1153 2435 1301 2469 acdestis
1330 2436 1358 2467 P
1493 2435 1673 2468 restituret

187 2493 222 2526 Ρ
244 2504 325 2527 corr
463 2492 628 2526 adnuaere
654 2494 686 2525 P
823 2493 863 2525 io
889 2495 924 2525 at
956 2492 1131 2526 Orellms:
1158 2502 1195 2525 ac
1222 2493 1255 2524 P
1393 2493 1432 2526 12
1458 2491 1674 2525 minis-simu>-

188 2549 221 2583 P
244 2561 324 2584 corr
464 2551 505 2584 14
530 2550 723 2584 exhuberet
750 2549 785 2592 (b
804 2560 847 2582 ea:
867 2553 901 2589 u)
929 2550 960 2581 P
1098 2550 1139 2582 15
1164 2549 1338 2592 integram
1363 2559 1436 2581 csse
1463 2549 1674 2582 Memmius.-

186 2607 347 2640 interisse
374 2609 405 2640 P
436 2619 502 2641 non
529 2607 688 2641 interisse
721 2606 788 2640 Urs
952 2607 991 2639 10
1016 2617 1035 2639 a
1062 2606 1134 2639 Sal)
1298 2606 1445 2639 mortale
1471 2605 1675 2638 Meursms:

187 2663 374 2698 inmortale
404 2665 436 2698 P
620 2664 659 2696 17
687 2662 990 2707 conprobationem
1023 2662 1218 2695 Fanterzm:
1246 2661 1525 2705 conparationem
1552 2661 1587 2695 P

187 2721 229 2754 18
255 2722 346 2764 paris
378 2721 569 2755 Oehlerus:
596 2731 673 2764 pars
700 2721 732 2752 P
845 2719 973 2752 diceret
1001 2719 1032 2751 P
1048 2730 1130 2752 corr
1155 2718 1283 2752 discere
1310 2718 1381 2752 Sab
1491 2719 1535 2752 22
1558 2729 1576 2751 a
1604 2718 1674 2751 Sar>

186 2777 247 2811 abs
274 2788 292 2811 r
475 2779 515 2811 27
543 2777 663 2811 diebus
697 2777 763 2811 Urs
797 2776 925 2809 ritibus
953 2775 1141 2809 lleraldus
1331 2775 1365 2808 in
1391 2775 1500 2808 libros
1527 2785 1546 2808 a
1574 2775 1675 2808 uobis

186 2835 222 2867 et
247 2835 433 2869 Meum-ius
571 2835 615 2868 ⁶2⁸
641 2834 902 2868 commentariis
931 2833 1028 2867 Salm
