2032 3248
404 246 483 287 158
943 276 945 278 .
1039 241 1287 286 Appendix.

400 350 500 387 nime
521 360 630 398 posse
652 362 726 388 non
750 349 960 388 dubitatur.
1004 349 1058 387 sic
1081 350 1219 388 etenim
1254 349 1449 388 inimicum
1478 361 1562 387 esse
1585 349 1821 398 diligendum
1843 351 1919 389 Do-

402 418 528 457 minus
549 419 722 467 imperat,
746 420 789 456 ut
811 419 879 457 illa
901 419 1054 458 dilectio
1077 420 1238 458 amicum
1260 419 1369 458 illum
1391 431 1435 457 ex
1457 419 1611 457 inimico
1634 419 1787 457 efficiat.
1812 421 1916 468 quis-

400 499 472 536 que
494 500 582 536 ergo
605 489 712 526 diues
734 488 892 535 cupidus
915 488 947 526 si
977 489 1060 526 uult
1082 491 1257 527 aeternas
1279 489 1418 527 habere
1440 488 1619 536 diuitias,
1656 488 1917 527 distribuendo

399 557 529 605 egenis
551 558 684 605 perdat
705 557 858 595 interim
879 569 954 595 11011
975 569 1187 596 mansuras,
1222 557 1255 595 si
1276 557 1377 596 enim
1398 558 1497 605 quod
1519 557 1647 606 diligit
1668 569 1743 596 non
1765 558 1908 605 uendit,

396 637 503 664 nemo
534 637 657 665 emere
676 627 818 674 poterit
853 627 952 675 quod
973 627 1090 676 cupit.
1128 628 1233 665 auari
1261 639 1421 676 namque
1459 627 1542 666 ideo
1564 627 1604 665 in
1625 627 1764 667 iudicio
1786 640 1808 666 a
1829 640 1906 667 rec·
1929 642 1943 667 5

395 696 543 734 tissimo
565 696 686 735 iudice
707 699 974 745 nuncupantur
990 696 1195 744 maledicti,
1218 697 1307 745 quia
1323 698 1388 745 qui
1403 697 1665 744 praeteribant
1686 708 1815 736 eorum
1837 699 1907 736 ha-

396 765 564 804 bitacula
585 778 660 804 non
682 766 880 805 dicebant:
914 766 968 804 be
982 766 1201 805 nedictio
1233 765 1423 804 Domini
1455 777 1601 814 super
1631 779 1656 805 u
1670 778 1739 814 os,
1770 767 1913 806 bene-

396 834 608 873 diximus
640 835 783 874 uobis
815 836 861 873 in
891 835 1078 874 nomine
1109 836 1313 874 Domini.
1361 835 1534 874 infelices
1571 847 1659 885 ergo
1690 838 1780 876 sunt
1802 837 1910 876 anari

395 903 534 943 diuites
556 905 621 953 qui
641 908 796 954 propter
817 917 877 943 res
898 906 1141 944 transitorias
1163 906 1202 943 in
1218 907 1409 944 aeternam
1431 907 1710 945 damnationem
1727 907 1909 946 dilabun-

395 975 478 1022 tur,
502 978 580 1014 ete
602 975 790 1014 contrario
822 975 959 1014 beati
991 977 1106 1013 sunt
1135 975 1507 1023 misericordes,
1557 976 1785 1024 quoniam
1812 977 1961 1025 ipsim

395 1045 790 1083 misericordiam
822 1046 1201 1093 consequentur.
1223 1044 1316 1083 felix
1338 1046 1396 1083 est
1418 1044 1647 1092 misericors,
1670 1045 1758 1084 dum
1781 1045 1820 1083 in
1841 1046 1915 1086 hac

394 1113 536 1152 uirtute
559 1126 632 1152 non
662 1114 916 1152 substantiam
939 1115 1007 1152 sed
1028 1115 1205 1153 affectum
1225 1114 1329 1152 Deus
1350 1114 1522 1162 requirit.

827 1240 1025 1278 FEMINA
1058 1241 1173 1279 SINE
1205 1240 1482 1279 PVDICITIA.

450 1333 611 1379 Quintus
633 1333 827 1372 abusionis
849 1336 989 1383 gradus
1012 1336 1071 1373 est
1093 1334 1233 1373 femina
1255 1334 1336 1373 sine
1357 1334 1554 1382 pudicitia.
1589 1334 1688 1372 sicut
1709 1334 1810 1372 enim
1832 1346 1911 1373 om-

395 1414 461 1441 nes
483 1414 606 1441 mores
628 1405 746 1442 bonos
767 1406 945 1453 procurat
967 1406 1005 1442 et
1027 1403 1194 1442 custodit
1215 1404 1254 1442 in
1275 1403 1368 1441 uiris
1386 1403 1601 1451 prudentia,
1625 1403 1679 1441 sic
1700 1403 1739 1441 in
1756 1403 1908 1442 feminis
1925 1415 1958 1438 15

394 1474 548 1511 cunctos
570 1474 750 1511 honestos
787 1475 895 1512 actus
925 1473 1047 1512 nutrit
1081 1475 1119 1512 et
1150 1473 1255 1512 fouet
1292 1474 1331 1511 et
1358 1473 1475 1511 habet
1496 1473 1691 1521 pudicitia.
1728 1473 1912 1521 pudicitia

393 1553 554 1590 namque
590 1542 808 1581 castitatem
844 1542 1029 1590 custodit,
1066 1542 1268 1581 auaritiam
1302 1542 1482 1590 refrenat,
1520 1542 1608 1580 lites
1632 1542 1797 1590 deuitat,
1834 1542 1910 1580 iras

392 1611 568 1659 mitigat,
624 1611 822 1650 libidinem
877 1613 1056 1659 occupat,
1121 1611 1368 1660 cupiditatem
1435 1613 1644 1659 temperat,
1709 1611 1909 1650 lasciuiam

393 1680 577 1729 castigat,
630 1682 853 1720 ebrietatem
898 1684 1027 1729 cauet,
1069 1682 1187 1720 uerba
1237 1693 1311 1719 non
1362 1680 1615 1729 multiplicat,
1665 1680 1776 1729 gulae
1818 1692 1907 1719 con-

390 1750 644 1797 cupiscentias
703 1753 932 1800 propurgat,
994 1751 1140 1789 furtum
1190 1750 1339 1789 omnino
1400 1750 1564 1788 damnat.
1628 1749 1719 1798 quid
1768 1750 1956 1798 plura?2o

394 1818 520 1856 omnia
560 1819 655 1857 uitia
678 1820 879 1868 restringit
915 1822 953 1858 et
975 1832 1103 1859 omnes
1136 1819 1300 1858 uirtutes
1330 1821 1369 1858 et
1398 1819 1576 1868 quicquid
1606 1831 1731 1858 coram
1762 1819 1839 1857 Deo
1870 1821 1908 1857 et

390 1888 607 1926 hominibus
636 1889 746 1928 bonis
781 1889 972 1928 laudabile
994 1890 1052 1927 est
1089 1888 1223 1926 nutrit.
1268 1888 1445 1937 inpudica
1475 1888 1559 1926 uita
1580 1899 1649 1926 nec
1684 1887 1834 1925 laudem
1856 1888 1902 1925 ab

389 1956 607 1995 hominibus
629 1958 668 1995 in
688 1959 880 2006 praesenti
903 1958 1054 1997 saeculo
1076 1969 1145 1996 nec
1167 1958 1509 1996 remunerationem
1531 1969 1553 1995 a
1575 1956 1651 1995 Deo
1674 1958 1849 2004 expectat
1866 1956 1906 1994 in

481 2104 501 2138 7
526 2105 583 2139 Ps.
611 2105 690 2147 128,
715 2105 747 2139 8.
891 2106 936 2141 10
960 2106 1092 2141 Matth.
1119 2106 1152 2147 5,
1179 2106 1208 2140 7.

480 2243 499 2277 1
525 2254 596 2278 non
623 2253 688 2278 om.
721 2243 794 2280 GV
945 2244 997 2279 sic
1023 2244 1155 2279 etenim
1179 2244 1324 2288 scripsi,
1349 2244 1435 2278 licet
1460 2244 1554 2278 enim
1586 2243 1705 2285 GXV,
1732 2244 1782 2278 sic
1808 2243 1902 2277 enim

386 2311 429 2342 v‚·
452 2300 499 2343 cf.
521 2312 560 2345 p.
587 2303 666 2343 153,
691 2304 739 2337 20
879 2302 901 2336 2
925 2302 1077 2347 imperet
1108 2301 1188 2344 GV,
1213 2302 1395 2347 praecepit
1419 2313 1440 2337 υ
1593 2301 1755 2346 quisquis
1780 2301 1858 2336 X²v

386 2357 409 2392 3
433 2359 464 2392 si
489 2369 554 2393 om.
580 2370 601 2394 v
753 2360 777 2394 4
799 2359 938 2406 perdat]
965 2360 1122 2405 praestet
1146 2371 1167 2395 v
1326 2359 1473 2393 interim
1498 2369 1564 2394 om.
1595 2359 1628 2394 V
1780 2358 1903 2393 uendit

389 2415 487 2460 G1V,
513 2416 715 2452 uendiderit
746 2417 841 2453 G²X
1030 2418 1052 2452 5
1076 2418 1194 2462 potest
1218 2428 1332 2452 emere
1356 2428 1377 2452 v
1576 2416 1598 2451 8
1623 2426 1706 2460 ergo
1730 2427 1796 2451 om.
1827 2417 1859 2451 V

386 2473 408 2507 9
434 2473 495 2517 qui
520 2484 585 2508 om.
617 2475 658 2517 V,
683 2474 767 2510 add.
799 2475 833 2510 G
854 2487 900 2511 m.
925 2478 950 2511 2
1137 2475 1181 2510 lo
1205 2476 1289 2509 sunt
1314 2485 1380 2509 om.
1406 2475 1451 2508 X
1624 2473 1793 2518 quoniam
1818 2474 1899 2520 ipsi]

385 2530 470 2573 quia
494 2542 515 2566 v
621 2532 664 2566 11
690 2534 743 2567 est
768 2543 851 2578 ergo
876 2545 898 2569 v
1003 2533 1047 2567 12
1071 2533 1208 2567 uirtute
1234 2532 1319 2567 deus
1344 2534 1387 2567 X
1490 2531 1653 2566 effectum
1684 2532 1720 2567 V
1816 2531 1901 2567 deus

385 2588 471 2632 req.]
498 2588 651 2632 inquirit
675 2591 716 2624 X
855 2591 900 2626 15
923 2590 1036 2625 bonos
1061 2601 1175 2625 mores
1199 2602 1221 2626 v
1361 2590 1411 2625 sic
1436 2590 1472 2624 et
1496 2601 1517 2625 v
1650 2589 1693 2624 16
1718 2589 1899 2635 honestos]

385 2644 531 2680 honoris
556 2656 577 2680 v
700 2647 800 2682 fouet
825 2649 861 2683 ct
886 2659 952 2683 om.
980 2649 1020 2682 X
1146 2647 1269 2694 habet]
1296 2647 1455 2682 custodit
1472 2649 1533 2682 Xv
1658 2648 1701 2682 17
1726 2648 1817 2682 iram
1833 2659 1854 2683 υ

386 2701 430 2736 19
455 2702 560 2746 gulae
586 2714 614 2738 c.
639 2707 837 2750 propurgat
861 2717 928 2741 om.
959 2706 995 2741 V
1221 2705 1267 2740 20
1290 2705 1488 2750 propurgat
1519 2704 1601 2747 GX,
1627 2706 1759 2750 purgat
1783 2717 1804 2741 v
1813 2719 1824 2749 ;
1851 2706 1899 2748 ef.

386 2758 506 2795 sirac.
531 2763 565 2803 7,
589 2763 634 2796 33
795 2763 938 2797 0111111110
962 2774 1028 2798 om.
1057 2764 1098 2797 X
1259 2762 1351 2807 quod
1376 2763 1434 2796 X¹
1596 2762 1640 2796 21
1667 2764 1702 2797 et
1727 2763 1775 2808 q.]
1803 2763 1899 2807 quic-

384 2817 473 2861 quid
502 2817 538 2852 V
688 2820 733 2854 22
758 2820 859 2855 bonis
884 2821 1089 2855 hominibus
1113 2831 1144 2864 v,
1169 2819 1376 2855 hominibus
1402 2821 1446 2854 X
1600 2818 1794 2865 laudabile]
1820 2821 1900 2855 lau-

385 2874 468 2909 dare
497 2876 534 2911 V
670 2876 850 2921 impudica
874 2889 1027 2924 namque
1051 2890 1072 2913 v
