2032 3248
343 223 427 263 202
987 218 1230 263 Appendix.

343 338 380 365 m
394 326 435 365 is
446 326 497 364 it.
522 325 578 364 sic
594 325 787 373 apostolos
809 325 1015 365 comitatus
1032 326 1237 364 mulierum
1259 325 1470 364 deducebat
1492 337 1567 365 non
1587 328 1631 364 ut
1652 326 1867 375 perderent,

343 397 410 434 sed
425 397 469 434 ut
486 395 678 434 discerent
690 396 958 444 reuerentiam,
978 398 1016 436 et
1031 397 1187 445 propter
1203 395 1457 434 humanitatis
1479 396 1733 435 exhibendum
1753 397 1867 436 mini-

343 466 503 505 sterium
527 467 798 514 sequebantur,
823 466 922 505 sicut
943 467 983 504 in
1005 466 1204 515 euangelio
1227 467 1272 504 de
1294 466 1455 505 Domino
1478 468 1516 505 et
1538 466 1583 505 de
1606 466 1701 515 ipsis
1722 467 1868 515 pariter

342 535 594 574 memoratur:
633 537 680 574 et
715 535 901 574 factum
932 538 1028 583 est,
1075 535 1223 584 inquit,
1255 537 1365 584 post
1396 536 1516 574 haec
1556 537 1601 575 et
1633 536 1738 585 ipse
1770 537 1868 576 iter

340 603 565 644 faciebat
585 617 669 654 per
693 605 932 644 ciuitates
954 607 1001 644 et
1032 605 1250 644 castella
1272 604 1633 654 euangelizans
1664 617 1867 655 regnum
1882 618 1896 643 5

341 674 442 723 Dei,
475 676 522 714 et
544 675 796 714 duodecim
818 687 920 714 cum
942 675 1036 713 illo
1059 676 1106 713 et
1137 675 1374 713 mulieres
1406 686 1526 723 quae
1557 677 1698 713 erant
1729 688 1866 715 cura-

339 747 417 784 tae
449 746 505 785 ab
542 745 818 794 spiritibus
864 745 1130 784 immundis
1162 747 1208 783 et
1244 744 1656 794 infirmitatibus,
1713 745 1867 785 Maria

341 826 462 864 quae
514 817 718 854 uocatur
769 815 1076 864 Magdalene,
1123 816 1175 853 de
1227 826 1318 863 qua
1368 815 1392 852 d
1406 814 1626 853 aemonia
1677 817 1867 864 septem

339 885 580 934 exierant,
614 887 662 924 et
691 885 911 924 Iohanna
937 896 1055 924 uxor
1077 884 1161 923 Ozi
1188 883 1537 933 procuratoris
1569 884 1786 924 Herodis
1818 887 1866 924 et

339 955 561 994 Susanna
593 957 639 994 et
670 955 799 994 aliae
830 955 1019 994 multae
1051 966 1171 1003 quae
1217 956 1263 993 et
1306 954 1676 992 ministrabant
1706 954 1791 993 illi
1812 955 1866 994 de
1881 965 1914 990 10

339 1024 684 1064 facultatibus
716 1025 834 1064 suis.

269 1097 322 1137 26
395 1093 592 1141 Numquid
628 1093 889 1132 adhaerebant
919 1093 1184 1142 singularibus
1215 1092 1431 1141 singulares
1454 1094 1521 1132 aut
1555 1093 1866 1142 indisciplinatae

338 1163 649 1202 commorationis
682 1163 982 1211 perseuerabant
1003 1162 1239 1202 inlecebroso
1261 1163 1451 1202 consortio
1473 1166 1742 1203 conuersantes
1755 1195 1763 1212 ,
1800 1164 1867 1203 ubi

338 1235 421 1272 tota
451 1232 613 1272 ecclesia
641 1234 912 1282 propemodum
945 1233 1120 1280 uidebat,
1161 1234 1205 1271 ut
1235 1244 1311 1271 non
1342 1232 1391 1271 ad
1411 1233 1696 1272 conuiuationes
1733 1234 1866 1283 inpro-

336 1302 451 1341 bosas
474 1302 541 1341 sed
560 1303 608 1340 ad
629 1302 811 1342 discenda
831 1303 954 1341 bonae
976 1302 1276 1342 conuersationis
1300 1302 1429 1341 studia
1450 1304 1699 1351 sequerentur
1709 1306 1727 1342 ’ὲ
1769 1305 1863 1344 adeo
1879 1316 1911 1341 1⁵

336 1383 413 1411 non
449 1372 537 1411 inde
574 1372 806 1411 describitur
827 1373 927 1420 quod
963 1372 1105 1411 nostris
1140 1371 1475 1411 conuiuationibus
1497 1374 1726 1422 coaequetur
1738 1404 1747 1421 ,
1789 1385 1865 1412 non

337 1441 453 1490 risus,
475 1453 552 1481 non
572 1442 678 1481 iocus
701 1442 842 1481 dicitur
863 1441 1046 1480 adfuisse.
1069 1453 1139 1480 nec
1161 1441 1261 1480 sicut
1282 1442 1384 1490 apud
1416 1442 1601 1490 quosdam
1621 1454 1722 1482 nunc
1743 1455 1864 1492 usque

335 1513 486 1551 adsolet
522 1512 606 1551 fieri
640 1513 778 1552 chorus
814 1513 1068 1562 psallentium
1089 1512 1284 1561 uirginum
1319 1523 1431 1551 aures
1453 1513 1655 1552 uenenosis
1687 1514 1863 1554 cantibus

335 1582 525 1621 adseritur
547 1582 783 1622 demulsisse.
826 1583 866 1621 et
898 1584 942 1621 ut
972 1583 1018 1621 de
1040 1582 1225 1631 apostolis
1257 1582 1426 1621 breuiter
1460 1583 1616 1631 probem
1629 1613 1638 1631 ,
1679 1585 1864 1632 quantum
2012 1601 2018 1639 ᾗ

340 1652 419 1691 11118
441 1652 544 1691 fluxa
565 1651 811 1691 familiaritas
833 1652 960 1701 potuit
981 1651 1198 1700 displicere,
1222 1651 1287 1701 qui
1322 1652 1494 1701 conpulsi
1517 1654 1608 1691 sunt
1641 1654 1679 1692 et
1715 1653 1762 1692 de
1784 1653 1868 1702 ipso
1883 1666 1917 1693 20
2012 1642 2016 1686 1

339 1720 502 1760 Domino
539 1720 721 1770 loquente
760 1733 846 1760 cum
880 1721 1024 1760 femina
1046 1722 1222 1761 dubitare
1234 1753 1243 1770 ,
1280 1722 1357 1760 nisi
1393 1733 1456 1761 eos
1491 1721 1709 1761 maiestatis
1729 1722 1869 1762 notitia
2012 1690 2016 1734 Ι

337 1792 500 1840 probata
521 1795 792 1840 conpesceret?
837 1792 937 1831 sicut
967 1792 1214 1843 euangelista·
1238 1792 1358 1831 refert
1378 1792 1530 1831 dicens:
1573 1793 1677 1831 inte
1687 1805 1706 1830 r
1727 1792 1753 1830 h
1763 1804 1814 1832 ae
1825 1804 1866 1842 c,
2008 1735 2017 1824 ἑ

337 1860 484 1909 inquit,
516 1863 759 1900 uenerunt
780 1861 1020 1910 discipuli
1056 1862 1161 1900 eius
1197 1863 1244 1901 et
1277 1861 1589 1900 mirabantur
1620 1861 1744 1910 quod
1766 1873 1867 1900 cum
2007 1825 2016 1907 l

334 1930 542 1970 muliere
563 1930 870 1980 loqueretur.
902 1942 1033 1970 nemo
1054 1933 1214 1970 tamen
1235 1930 1365 1970 dixit
1396 1931 1500 1970 illi:
1523 1931 1640 1979 quid
1661 1931 1866 1979 quaeris

335 2003 418 2039 aut
457 2001 501 2040 10
513 2012 572 2050 qu
586 2002 688 2040 eris
729 2012 748 2040 c
758 2013 831 2040 um
871 2013 891 2040 e
901 2003 951 2040 a?
995 2001 1087 2050 quid
1107 2002 1235 2040 autem
1256 2000 1392 2049 loquar
1413 2001 1614 2040 adcessum
1633 2000 1797 2039 feminae
1817 2000 1865 2038 ad
1879 2013 1911 2039 25

333 2071 450 2119 pedes
471 2071 623 2115 Domini
643 2071 870 2119 prouolutae
884 2101 893 2118 ,
931 2071 1040 2110 cuius
1074 2070 1200 2109 luctus
1236 2072 1275 2108 et
1310 2070 1489 2119 planctus
1525 2069 1573 2107 ad
1605 2068 1864 2108 defensionem

333 2139 515 2179 lasciuiae
538 2151 628 2179 suae
649 2151 726 2179 non
748 2141 981 2179 erubescunt
1002 2139 1154 2188 inprobi
1176 2139 1352 2188 flagitare
1361 2142 1379 2178 ‘z'
1402 2151 1525 2188 usque
1545 2139 1638 2178 adeo
1660 2138 1751 2178 illos
1771 2150 1862 2187 pro·
2008 2126 2013 2210 ἶ

334 2209 419 2257 pria
439 2210 605 2249 caecitas
626 2209 729 2258 rapit
741 2240 751 2258 ,
789 2211 833 2247 ut
853 2221 923 2248 nec
944 2209 990 2248 de
1012 2210 1203 2248 similibus
1236 2209 1362 2248 causis
1384 2210 1551 2248 audeant
1570 2208 1752 2248 reluctari
1763 2239 1773 2257 ,
1816 2208 1862 2247 de
2008 2218 2012 2263 ᾗ

333 2279 476 2327 quibus
499 2280 686 2330 Salomon,
728 2291 781 2318 ex
795 2279 1040 2326 caecauit,
1082 2279 1222 2328 inquit,
1266 2290 1345 2318 eos
1376 2278 1572 2317 malitia
1614 2289 1775 2317 eorum
1816 2279 1861 2316 et
2007 2265 2012 2350 1

2006 2353 2011 2462 1

2006 2469 2010 2524 ,1

425 2402 451 2438 4
475 2402 558 2438 Luc.
586 2403 617 2445 8,
645 2402 749 2439 1-3.
890 2402 935 2437 22
959 2402 1010 2438 Io.
1036 2403 1069 2446 4,
1096 2402 1151 2436 27.
1295 2402 1341 2438 29
1367 2402 1449 2446 Sap.
1475 2401 1509 2444 2,
1535 2402 1589 2436 21.
1616 2401 1670 2436 22.

425 2517 445 2552 1
471 2517 575 2552 misit
599 2527 656 2552 me
681 2529 703 2554 υ
896 2517 1081 2562 apostolus
1109 2517 1153 2553 0¹
1354 2516 1546 2551 mulierum
1572 2515 1764 2550 comitatus
1790 2525 1810 2549 v

332 2574 529 2610 deducebat
553 2575 697 2620 scripsi,
725 2574 880 2610 ducebat
911 2574 947 2617 G,
975 2574 1126 2610 decebat
1149 2586 1171 2611 v
1312 2574 1332 2609 7
1359 2574 1404 2610 ab
1437 2574 1475 2617 O,
1502 2583 1523 2608 a
1547 2584 1569 2609 v
1708 2573 1730 2608 9
1755 2573 1809 2607 ozi
1829 2572 1859 2608 G

331 2636 365 2668 et
388 2632 522 2677 reliqui
547 2632 662 2678 codd„
688 2633 818 2668 chuzae
843 2644 865 2668 v
1045 2632 1090 2667 10
1114 2632 1173 2667 1111
1199 2632 1238 2675 C,
1265 2632 1298 2667 ei
1322 2643 1344 2668 v
1515 2631 1559 2666 12
1584 2630 1785 2676 singulares
1816 2630 1856 2672 G,

331 2690 497 2736 singulae
522 2701 543 2726 v
684 2691 728 2726 13
753 2690 1051 2725 commorationes
1078 2690 1116 2733 O,
1143 2690 1404 2726 commorantes
1436 2701 1452 2725 v
1600 2689 1644 2724 14
1667 2688 1859 2723 uidebatur

333 2748 371 2792 Ο,
397 2748 582 2784 uidebitur
605 2760 627 2784 v
728 2749 953 2794 improbosas
979 2748 1017 2791 C,
1042 2749 1225 2794 improbas
1250 2760 1290 2791 v‚·
1315 2748 1361 2791 cf.
1386 2750 1532 2790 203,13
1634 2747 1678 2782 15
1702 2746 1790 2781 adeo
1819 2746 1857 2788 Ο,

330 2805 410 2841 ideo
435 2818 456 2842 v
559 2806 603 2841 16
629 2806 799 2841 scribitur
825 2818 846 2842 v
948 2806 991 2841 17
1016 2817 1128 2851 usque
1155 2806 1186 2843 Ο
1207 2818 1252 2842 m.
1279 2809 1303 2842 2
1327 2807 1369 2841 in
1393 2816 1466 2841 ras.
1569 2805 1615 2840 25
1639 2807 1702 2839 aut
1733 2804 1769 2845 Ο,
1796 2806 1859 2838 aut

331 2863 417 2909 quid
433 2874 455 2899 v
548 2863 595 2899 29
612 2874 670 2898 eos
688 2864 810 2909 inquit
827 2865 858 2901 Ο
873 2875 930 2899 eos
943 2875 970 2900 s.
987 2865 1011 2900 l.
1025 2875 1071 2899 m.
1085 2867 1110 2900 2
1204 2866 1242 2899 et
1261 2865 1463 2899 nescierunt
1482 2863 1519 2905 G,
1538 2865 1581 2898 ut
1595 2863 1773 2899 nescirent
1790 2873 1811 2897 v
