2032 3248
355 192 407 226 Ad
436 192 614 232 Vigilium
641 191 840 235 episcopum
865 191 906 225 de
931 190 1075 224 Iudaica
1102 192 1347 225 incredulitate
1373 203 1399 226 c.
1426 194 1656 236 S.129

152 300 191 336 et
227 297 497 345 plenitudinem
529 297 670 334 Christi
705 296 835 334 Graeci
857 297 1040 334 sermonis
1064 309 1173 344 opere
1196 297 1347 344 signata
1368 301 1447 335 est:
1482 300 1527 336 ad
1551 299 1656 336 euius

156 365 447 404 translationem
468 366 506 402 in
524 365 757 403 intellectum
774 365 948 402 Latinum
966 365 1156 403 animante
1172 366 1321 403 Domini
1343 377 1411 413 ope
1433 368 1470 404 et
1492 366 1656 405 uiuentis

156 435 242 472 fidei
279 434 455 471 firmitate
493 436 641 471 seruata
677 434 878 471 uerborum
915 433 1146 480 proprietate
1184 434 1394 481 intrepidus
1418 435 1576 472 accessi:
1620 438 1656 472 et

155 503 216 540 his
250 503 313 550 qui
345 503 391 539 ab
421 502 616 539 intellectu
651 502 812 539 Graecae
843 501 1047 539 docilitatis
1077 502 1192 539 alieni
1214 505 1302 539 sunt
1324 502 1574 550 interpretata
1596 504 1654 540 in-

127 586 141 609 5
163 574 269 619 tegra
304 570 577 618 significatione
612 571 810 608 uerborum
834 573 871 608 et
892 571 1109 608 intellectus
1131 572 1250 608 onmis
1273 583 1315 609 ae
1337 573 1511 610 ueritatis
1534 573 1656 610 mani—

156 639 356 677 festatione
379 639 569 686 patefacta
591 639 749 676 Romani
771 640 952 676 sermonis
976 639 1120 676 ratione
1144 640 1315 677 discussa
1346 640 1516 678 disserui.
1552 642 1656 678 euius

154 708 292 746 laboris
316 708 571 754 probationem
594 708 677 753 tibi,
701 707 908 753 carissime,
932 708 995 755 qui
1017 708 1212 755 utriusque
1235 709 1387 756 linguae
1410 710 1655 747 instructione

155 777 334 814 fundatus
375 787 428 822 es,
472 777 641 823 impensa
681 776 862 823 petitione
904 777 1120 814 committo:
1164 779 1206 814 ut
1240 777 1304 824 qui
1342 778 1463 815 saneti
1498 778 1657 825 spiritus

152 845 394 883 ueneratione
416 846 649 882 uerecundus
672 856 711 882 es
735 844 884 883 conlata
916 845 1110 892 utriusque
1133 845 1256 892 operis
1279 846 1438 883 lectione
1460 847 1656 884 audaciam

111 929 143 953 1ο
157 914 390 952 uerecundae
422 913 649 950 temeritatis
680 913 851 960 explores
884 914 921 949 et
951 914 1120 951 examine
1142 914 1272 951 iudicii
1294 914 1350 951 tui
1373 926 1466 961 quae
1489 915 1613 952 minus
1636 928 1657 952 a.

153 982 261 1020 nobis
283 983 343 1019 1101
367 982 569 1030 improprie
591 982 686 1020 forte
719 982 868 1029 digesta
889 984 976 1019 sunt
999 982 1224 1020 auctoritate
1249 982 1405 1029 spiritus
1429 983 1563 1029 saneti,
1593 984 1657 1030 qui

154 1051 192 1088 in
223 1053 355 1098 pectus
392 1053 498 1088 tuum
535 1051 778 1088 inundatione
818 1050 963 1098 gratiae
996 1051 1172 1088 caelestis
1194 1051 1355 1097 influxit,
1379 1052 1596 1099 comprobes
1620 1054 1657 1089 et-

155 1120 350 1157 emendes:
386 1120 511 1166 sitque
533 1121 580 1157 ad
602 1122 639 1157 te
662 1120 707 1157 de
730 1119 804 1156 ista
827 1119 988 1157 lectione
1011 1119 1058 1156 ab
1080 1119 1297 1157 humilitate
1327 1122 1457 1158 nostra
1478 1121 1657 1158 mandata.

155 1187 297 1235 legatio
327 1191 363 1225 et
397 1188 622 1226 insinuanda
650 1188 720 1226 tibi
753 1188 789 1225 in
825 1200 893 1225 nos
914 1189 1035 1235 prima
1056 1189 1271 1226 dilectionis
1293 1189 1440 1235 pet-itio,
1465 1191 1506 1226 ut
1527 1189 1656 1236 parui-

109 1273 140 1297 15
157 1257 273 1295 tatem
310 1257 396 1294 fidei
433 1268 535 1294 meae
572 1268 655 1294 eum
693 1257 961 1303 discipulorum
995 1259 1144 1295 tuorum
1166 1257 1413 1295 instructione
1435 1260 1547 1304 atque
1570 1268 1656 1294 eru-

156 1327 298 1365 ditione
339 1326 542 1373 eoniungas
565 1327 602 1363 et
633 1337 705 1371 me,
729 1337 836 1373 quem
859 1325 897 1361 in
918 1325 994 1362 alia
1015 1327 1122 1372 parte
1143 1326 1257 1363 huius
1277 1326 1492 1373 prouinciae
1515 1326 1655 1363 consti-

157 1397 281 1433 tutum
318 1396 471 1442 propter
507 1394 686 1432 uisendos
718 1395 846 1431 uultus
867 1396 952 1432 tuos
974 1405 1047 1431 non
1070 1394 1218 1431 itineris
1240 1394 1499 1442 longinquitas
1521 1394 1658 1431 terruit

160 1475 227 1501 nee
249 1464 396 1501 senium
418 1475 460 1500 ae
482 1462 688 1500 difficultas
722 1462 873 1510 fatigati
894 1475 936 1500 ae
957 1463 1050 1500 fessi
1072 1463 1147 1500 iam
1169 1463 1333 1510 eorporis
1355 1463 1561 1510 redarguit,
1592 1464 1657 1501 sed

158 1532 345 1569 animante
366 1531 561 1568 stimulatu
580 1531 730 1569 Domini
753 1533 790 1569 et
811 1533 969 1578 urgente
987 1531 1166 1569 festinato
1190 1531 1397 1578 cupiditate
1419 1532 1656 1579 properandi.

108 1613 142 1638 20
160 1602 370 1647 contempta
410 1611 554 1647 quoquo
591 1600 690 1637 omni
718 1599 963 1638 tribulatione
985 1600 1133 1647 inopiae
1162 1601 1274 1648 atque.
1297 1600 1473 1647 penuriae
1496 1602 1656 1647 quanta-

162 1680 316 1715 cumque
335 1668 471 1705 uirium
489 1669 669 1706 facultate
686 1669 874 1714 ueniendi,
895 1669 1164 1707 sanctimoniae
1187 1671 1274 1706 tuae
1292 1668 1449 1706 celebris
1466 1669 1539 1706 hue
1561 1668 1659 1706 fama

159 1737 347 1784 perduxit,
379 1737 426 1773 ad
447 1738 674 1783 premixtum
697 1737 857 1774 dilectus
887 1737 942 1774 tui
964 1738 1124 1774 caritate
1146 1749 1229 1775 eum
1250 1737 1497 1775 unanimitate
1521 1737 1659 1774 frater-

157 1804 291 1842 nitatis
315 1805 494 1842 admittas
517 1807 554 1842 et
575 1806 693 1843 amori
714 1806 778 1842 tuo
801 1816 910 1852 quem
928 1805 1125 1854 discipulis
1144 1806 1221 1843 suis
1238 1805 1418 1843 Dominus
1436 1805 1660 1843 hereditatis

248 1995 265 2027 1
294 1994 422 2037 graeci]
450 1994 569 2036 gregis
588 1994 620 2027 Z
713 1994 734 2026 ‘2
760 1994 807 2031 inl
834 1993 878 2027 ad
896 2006 925 2032 ν,
945 2004 1009 2027 om.
1030 1994 1064 2027 Ζ
1155 1994 1368 2028 animantem
1391 1994 1464 2029 Tt1,
1491 2005 1555 2029 om.
1582 1997 1616 2029 Ζ

160 2042 227 2084 dno
253 2065 287 2095 μ,
316 2051 371 2084 dvi
399 2052 453 2085 Ζ1·
547 2051 622 2095 ope]
651 2062 752 2094 opere
778 2064 799 2094 μ
897 2050 1021 2084 uiuent
1047 2051 1086 2089 T,
1120 2051 1279 2084 iuuantis
1305 2062 1324 2083 r
1342 2055 1354 2085 t
1370 2052 1432 2084 sed
1450 2055 1461 2085 t
1481 2052 1519 2085 in
1539 2063 1609 2086 νας.

158 2108 179 2142 3
204 2108 253 2141 eis
279 2108 360 2141 fidei
388 2108 450 2142 Tt¹
553 2108 718 2141 firmitati
745 2108 776 2141 Z
874 2107 1032 2150 trepidus
1059 2108 1205 2141 accessit
1232 2108 1261 2141 is
1288 2109 1347 2151 qui
1373 2110 1406 2142 Z
1497 2110 1518 2142 4
1544 2111 1580 2142 et
1606 2110 1657 2143 in-

157 2166 256 2208 tegra
283 2165 316 2198 Ζ
469 2166 490 2199 o
516 2165 670 2198 romanis
696 2165 727 2198 Z
863 2164 1032 2197 disseruit
1057 2165 1091 2198 Ζ
1239 2166 1260 2198 9
1286 2165 1553 2199 uereeumdatus
1579 2167 1613 2199 Ζ

158 2222 354 2266 utriusque]
390 2222 574 2265 uirtusque
599 2223 630 2254 Z
831 2221 873 2254 10
898 2222 1092 2255 uerecunda
1117 2224 1153 2255 et
1178 2223 1219 2257 Z.
1246 2222 1500 2256 inuerecundae
1525 2223 1608 2264 fert.

159 2279 317 2323 exploras
351 2281 387 2312 et
421 2279 466 2318 T,
501 2279 688 2312 exilorente
719 2279 751 2312 Ζ
1069 2289 1108 2312 ex
1140 2279 1272 2312 semine
1306 2279 1379 2323 Τμ,
1415 2280 1545 2313 semine
1580 2280 1614 2313 Z

166 2337 205 2370 11
236 2338 303 2380 nell¹
332 2337 375 2370 ad
401 2337 435 2370 Ζ
648 2337 787 2380 digesta
814 2338 911 2380 sunt]
936 2338 970 2371 Z
992 2337 1048 2371 hie
1073 2338 1201 2370 *inserit
1224 2341 1367 2380 partem
1393 2338 1476 2370 libo-i
1501 2337 1542 2370 de
1568 2338 1658 2370 luno

159 2393 361 2437 pudicitiae.
383 2405 421 2437 p.
451 2397 503 2430 13.
526 2398 568 2427 70
589 2394 657 2427 mei
682 2394 834 2437 operis..
853 2397 923 2429 ,1:3.
950 2398 991 2427 11
1008 2394 1183 2438 pudicitia
1279 2395 1320 2427 1⁶2
1347 2394 1578 2428 inundatione
1597 2421 1602 2427 .
1623 2421 1629 2427 .
1650 2421 1656 2427 .

158 2450 181 2483 l.
211 2452 256 2484 21
284 2451 454 2484 facultate
479 2462 544 2484 om.
572 2451 606 2484 Z
774 2451 814 2484 17
842 2451 1023 2484 miscendos
1050 2465 1071 2483 ιι
1244 2452 1286 2484 is
1312 2462 1372 2484 nee
1390 2478 1397 2485 .
1418 2477 1425 2484 .
1445 2478 1451 2484 .
1474 2451 1656 2495 redarguit

164 2518 227 2541 cm.
255 2522 275 2550 μ
442 2507 635 2551 redarguit]
662 2507 859 2541 retardauit
883 2519 921 2544 r:
947 2507 1128 2549 redarguit
1156 2509 1175 2541 ι’.
1204 2518 1230 2541 e.
1259 2507 1465 2551 impediuit3
1491 2509 1536 2549 cf.
1569 2512 1656 2541 (er—

161 2565 231 2598 lius
258 2565 383 2598 Λητοῖ.
411 2565 453 2598 (Ie
477 2576 520 2597 m.
548 2566 667 2599 nemis
694 2565 726 2598 Ι.
753 2567 805 2599 15.
834 2566 900 2598 121
929 2566 1056 2605 (Avis-t.
1083 2567 1186 2599 17091
1386 2566 1427 2597 19
1455 2566 1653 2609 stimulatu]

160 2622 337 2655 famulatu
364 2623 445 2656 Pal.
473 2633 517 2655 eff
544 2633 561 2655 7·
730 2622 900 2655 festinata
926 2623 1007 2666 Ζμι·
1180 2623 1225 2655 ‘ll‘
1250 2624 1491 2666 contemptam
1518 2636 1552 2663 11,
1578 2634 1658 2656 eon-

157 2681 257 2712 tenta
284 2680 327 2713 Tt
511 2680 551 2712 ‘21
581 2679 729 2712 0010111·οε
761 2681 805 2713 Tt
982 2680 1047 2713 hac
1074 2680 1107 2713 Z
1283 2679 1327 2712 22
1352 2679 1514 2722 produxit
1539 2694 1563 2724 μ

166 2736 378 2777 premixtum
408 2737 462 2770 Tr.
489 2737 680 2780 proximam
709 2737 788 2779 Ζμιτ
895 2736 1038 2769 11110011»-
1066 2737 1119 2769 tui
1146 2736 1187 2773 Ζ,
1212 2736 1414 2769 dilectionis
1440 2738 1522 2770 tuae
1546 2748 1566 2770 1·

158 2791 341 2825 caritatem
370 2794 470 2836 Zur,-
497 2795 541 2834 cf.
565 2804 601 2836 y».
630 2796 706 2827 1322,
732 2796 753 2825 (ἰ

287 2864 314 2891 A
339 2864 391 2892 111
1356 2858 1379 2891 S)
