2032 3248
567 214 624 247 Do
650 213 824 247 Pascha
849 213 1078 255 computus
1105 222 1133 246 c.
1162 212 1306 246 18-21,
1601 213 1683 255 267

244 321 295 358 Hi
317 323 405 358 sunt
427 320 608 368 apostoli,
652 331 808 367 quorum
831 319 1065 356 sermonibus
1087 318 1276 355 aedificati
1298 317 1581 365 recognouimus
1603 320 1677 357 Do·
1695 319 1748 355 20

187 389 328 427 minum
342 391 512 427 nostrum
530 400 627 426 anno
645 388 894 426 sextodecimo
913 387 1060 434 imperii
1071 386 1211 424 Tiberii
1227 386 1398 424 Caesaris
1415 398 1581 434 passum,
1606 400 1689 426 cum

188 460 288 496 esset
304 458 384 505 ipse
400 470 580 495 annorum
597 457 730 495 XXXI.
749 458 796 494 ad
809 457 896 494 XVI
909 468 995 503 ergo
1013 467 1150 493 annum
1163 457 1200 492 et
1213 455 1333 492 XXXI
1346 456 1551 494 adiciamus
1563 457 1690 494 XVIII

188 527 227 564 in
249 527 397 565 nomine
421 527 542 574 ipsius
566 528 665 573 Iesu,
689 528 726 564 et
748 526 790 563 fit
811 537 990 563 numerus
1008 525 1128 563 LXV:
1152 524 1288 573 quibus
1311 525 1446 562 desunt
1467 526 1626 563 trecenti
1648 528 1690 563 ut

160 609 174 634 5
189 594 392 642 impleatur
414 608 535 633 annus
558 596 760 633 secundum
782 606 933 631 cursum
955 594 1059 631 solis.
1084 593 1167 630 CCC
1191 596 1315 631 autem
1333 594 1432 640 apud
1449 593 1608 631 Graecos
1626 606 1691 641 per

189 677 302 702 unam
323 665 493 702 litteram
525 666 704 702 notantur
727 676 821 711 quae
853 663 992 701 dicitur
1031 663 1118 712 tau,
1152 665 1189 701 et
1220 663 1420 700 manifeste
1457 664 1692 701 demonstrat

190 734 362 771 omnibus
386 734 459 772 tau
493 734 614 772 crucis
645 733 806 780 signum.
841 744 922 770 ecce
946 733 1082 770 iterum
1113 732 1187 769 iam
1210 743 1295 769 uere
1318 732 1515 769 credamus
1538 733 1636 778 quod
1659 733 1692 770 V

189 802 240 840 kl.
259 803 384 849 April.
409 804 611 841 secundum
633 814 780 840 carnem
802 803 914 839 natus
936 801 987 839 sit
1011 800 1204 838 Christus:
1229 800 1267 837 in
1285 812 1357 847 quo
1376 800 1434 837 die
1451 800 1693 847 probauimus

193 871 307 909 solem
330 871 484 909 factum.

145 955 178 980 10
250 940 436 978 Debemus
460 940 659 978 ostendere
683 942 720 977 et
741 940 779 976 id
801 940 926 987 ipsum
948 951 1022 977 non
1044 939 1161 977 fuisse
1183 951 1355 986 uacuum,
1381 940 1446 977 sed
1468 939 1506 977 in
1530 940 1692 977 salutem
1708 934 1754 971 21

191 1010 360 1046 nostram
383 1008 500 1047 fuisse
523 1011 823 1057 praeostensum.
857 1009 896 1046 in
928 1009 987 1046 die
1020 1008 1119 1046 enim
1144 1010 1281 1056 quarto
1304 1010 1452 1056 quando
1489 1009 1612 1047 factus
1636 1010 1694 1046 est

193 1077 263 1123 sol,
286 1077 368 1124 ipso
391 1077 450 1115 die
476 1080 513 1115 et
534 1078 623 1115 luna
645 1078 746 1115 facta
768 1079 826 1115 est
847 1078 927 1125 XV,
966 1078 1084 1115 altero
1108 1079 1234 1115 autem
1273 1078 1332 1115 die
1363 1078 1437 1115 fuit
1458 1077 1558 1124 XVI,
1581 1078 1694 1116 tertio

191 1156 279 1184 uero
305 1145 435 1183 XVII:
468 1148 504 1184 et
527 1146 582 1184 sic
603 1147 814 1193 plasmatus
834 1149 893 1183 est
914 1146 1036 1184 Adam
1058 1147 1102 1183 de
1125 1148 1239 1192 terra,
1263 1146 1327 1193 qui
1349 1158 1414 1193 per
1437 1158 1543 1184 suam
1564 1146 1696 1184 inobe-

194 1214 376 1252 dientiam
397 1226 472 1252 non
496 1217 645 1252 tantum
683 1215 756 1253 sibi
781 1216 846 1253 sed
869 1217 906 1252 et
929 1215 1038 1253 nobis
1060 1215 1284 1252 arcessierat
1319 1217 1476 1252 mortem
1507 1214 1696 1262 iniquam:

146 1301 178 1326 15
195 1295 307 1330 quam
330 1285 487 1322 mortem
512 1284 697 1322 Dominus
719 1286 849 1322 noster
871 1284 979 1321 Iesus
1002 1284 1226 1321 conculcans
1257 1294 1393 1330 passus
1425 1286 1483 1321 est
1504 1285 1593 1321 luna
1615 1284 1696 1331 XV,

193 1354 231 1390 et
251 1353 440 1399 requieuit
463 1353 501 1390 in
523 1354 633 1391 corde
656 1355 779 1391 terrae
800 1353 909 1390 XVI:
943 1353 1057 1390 tert10
1081 1354 1206 1390 autem
1229 1352 1288 1390 dic
1310 1353 1400 1390 luna
1416 1353 1526 1390 XVII
1543 1353 1699 1392 inuenta

193 1433 371 1460 reuersus
396 1424 454 1460 est
476 1423 522 1459 ab
545 1422 679 1459 inferis
702 1423 746 1460 de
768 1424 892 1459 terrae
924 1421 1202 1459 fundamentis:
1246 1424 1283 1460 et
1319 1422 1373 1459 sic
1409 1422 1482 1469 ipsi
1518 1423 1623 1460 Adae
1661 1426 1698 1461 et

194 1491 366 1529 omnibus
389 1490 630 1529 credentibus
651 1491 690 1528 in
713 1502 751 1528 se
773 1491 943 1528 restituit
959 1490 1079 1528 uitam
1117 1492 1321 1528 aeternam.
1366 1492 1548 1538 quomodo
1571 1494 1697 1529 autem

193 1571 259 1607 per
281 1559 371 1597 solis
397 1571 546 1597 cursum
578 1560 760 1607 temporis
783 1560 932 1607 signum
970 1563 1040 1596 tau
1077 1560 1113 1597 et
1149 1561 1298 1606 tempus
1330 1559 1520 1606 passionis
1543 1560 1698 1598 domon-

150 1642 184 1668 20
196 1630 338 1666 tratum
361 1630 432 1675 est,
471 1629 525 1667 sic
562 1631 601 1666 et
636 1640 704 1677 per
727 1641 878 1667 cursum
909 1629 1019 1666 lunae
1051 1628 1187 1667 tertius
1210 1628 1289 1666 dies
1311 1629 1596 1666 resurrectionis
1619 1629 1699 1667 cius

195 1698 392 1736 euidenter
414 1700 589 1735 ostensus
611 1700 682 1736 est.
715 1710 736 1735 a
758 1698 817 1736 die
835 1698 934 1736 enim
955 1698 1076 1746 primo
1099 1698 1138 1735 in
1160 1709 1231 1745 quo
1254 1698 1355 1736 facta
1377 1699 1435 1735 est
1455 1698 1544 1735 luna
1566 1697 1699 1745 quinta

196 1768 339 1805 decima
361 1768 492 1805 exinde
514 1779 580 1815 per
603 1768 681 1805 dics
703 1768 770 1805 XV
791 1768 875 1805 uisa
897 1769 954 1805 est
976 1767 1015 1804 in
1038 1767 1162 1805 caelo:
1195 1767 1446 1805 sextodecimo
1469 1769 1594 1805 autem
1625 1767 1701 1813 die,

196 1836 295 1874 sicut
308 1836 346 1873 in
361 1848 456 1874 anno
469 1836 558 1875 XVI
573 1836 723 1884 imperii
737 1836 878 1874 Tiberii
898 1836 1085 1882 Caesaris,
1109 1837 1216 1874 uelut
1233 1838 1381 1874 mortua
1392 1848 1467 1874 non
1488 1838 1545 1874 est
1562 1837 1608 1874 ab
1630 1837 1699 1874 ho-

194 1904 360 1942 minibus
381 1904 478 1950 uisa,
503 1905 679 1942 similiter
702 1906 738 1942 et
760 1905 868 1942 XVII
890 1906 948 1943 die
966 1917 1039 1942 non
1057 1907 1115 1943 est
1131 1905 1227 1952 uisa,
1251 1905 1555 1952 duodeuigesimo
1575 1907 1700 1942 autem

147 1983 180 2009 25
195 1973 234 2010 in
255 1973 505 2010 similitudine
529 1974 566 2011 et
585 1973 624 2010 in
645 1974 794 2011 nomine
817 1974 937 2021 ipsius
958 1974 1044 2012 Iesu
1067 1976 1105 2011 et
1127 1973 1210 2021 ipsa
1226 1975 1310 2021 post
1343 1974 1499 2011 tertium
1533 1974 1628 2011 diem
1652 1974 1699 2010 ad

195 2054 391 2089 uesperam
413 2042 595 2080 restituta
614 2043 833 2089 resurrexit,
856 2044 893 2080 et
915 2044 1084 2081 nostram
1106 2042 1272 2081 omnium
1305 2043 1616 2081 resurrectionem
1637 2041 1698 2079 fu-

196 2114 317 2149 turam
338 2112 384 2148 ad
406 2123 605 2158 uesperam
629 2112 667 2148 id
689 2113 745 2149 est
768 2112 806 2148 in
827 2111 1035 2149 nouissima
1057 2112 1200 2149 saeculi
1222 2112 1314 2149 hora
1336 2111 1622 2149 demonstrauit.

286 2314 306 2347 2
332 2316 429 2347 scxto
456 2313 602 2358 decimo]
631 2314 694 2347 XV
719 2325 737 2349 c
883 2314 905 2347 3
931 2325 1020 2347 anno
1047 2314 1065 2347 b
1212 2313 1311 2347 XXX
1337 2315 1373 2347 et
1399 2324 1466 2346 uno
1493 2324 1510 2348 c
1604 2312 1699 2357 XVI]

195 2369 258 2403 XV
284 2382 301 2405 c
425 2382 556 2405 annum
582 2373 616 2405 ct
642 2382 707 2406 om.
734 2372 753 2406 b
876 2372 899 2405 4
924 2371 1053 2414 quibus
1079 2371 1162 2406 CCC
1187 2372 1206 2405 b
1327 2372 1348 2405 ἶ)
1374 2381 1513 2405 cursum
1545 2381 1610 2405 om.
1637 2382 1654 2405 c

194 2438 255 2471 pro
280 2439 349 2462 una
373 2429 497 2462 littera,
524 2430 542 2463 b
675 2429 696 2461 6
722 2442 740 2461 τ
765 2430 828 2462 tau
855 2429 968 2462 crucis
996 2429 1139 2472 signum
1166 2430 1202 2462 ct
1226 2428 1418 2462 manifeste
1443 2439 1460 2462 c
1594 2428 1612 2461 7
1638 2429 1700 2462 tau

195 2485 318 2529 crucis]
345 2496 481 2520 crucem
509 2487 528 2520 b
677 2496 751 2520 cccc
767 2512 772 2519 .
789 2512 795 2519 .
812 2512 818 2519 .
836 2486 857 2519 l.
883 2489 905 2520 9
931 2486 1062 2519 factum
1089 2497 1156 2519 om.
1183 2496 1201 2520 c
1356 2486 1399 2518 10
1424 2487 1459 2519 et
1484 2485 1520 2518 id
1546 2495 1611 2519 om.
1638 2496 1655 2519 c

195 2545 356 2588 uacuum]
382 2544 524 2577 unicum
550 2554 568 2578 c
709 2543 745 2577 in
771 2554 835 2577 om.
863 2544 882 2577 b
1023 2544 1066 2576 12
1091 2543 1203 2577 altero
1229 2543 1358 2587 autem]
1387 2553 1474 2586 quae
1501 2542 1611 2575 altero
1638 2553 1655 2576 c

195 2600 238 2633 14
262 2601 421 2644 iniquam
448 2612 512 2635 om.
539 2611 578 2635 cv
743 2601 784 2635 17
811 2611 969 2634 rcucrsus
995 2601 1060 2644 cst]
1089 2600 1248 2634 ascendit
1274 2611 1291 2634 c
1455 2600 1498 2633 18
1524 2600 1643 2633 autem
1669 2599 1700 2639 b,

194 2667 276 2700 ergo
302 2669 341 2693 cv
466 2659 508 2692 19
535 2659 619 2692 solis
646 2669 785 2692 cursum
811 2657 982 2700 temporis
1009 2658 1037 2697 b,
1064 2668 1203 2691 cursum
1229 2657 1313 2690 solis
1339 2667 1378 2691 cv
1503 2656 1545 2689 21
1573 2655 1698 2699 primo]

194 2714 344 2757 plurimo
371 2726 389 2749 c
539 2716 583 2749 22
608 2716 684 2760 XV]
714 2716 782 2749 XII
809 2716 827 2749 b
991 2715 1035 2749 23
1062 2718 1114 2748 est
1140 2726 1206 2749 om.
1233 2725 1250 2748 c
1416 2713 1460 2747 24
1485 2715 1520 2747 et
1545 2724 1611 2748 om.
1638 2723 1655 2746 c

194 2769 250 2803 die
275 2782 339 2804 om.
366 2772 385 2805 b
511 2771 631 2805 XVIII
659 2773 677 2806 b
803 2772 847 2805 25
875 2771 1148 2805 similitudinem
1174 2772 1209 2805 ct
1235 2771 1272 2804 in
1298 2780 1423 2804 nomen
1449 2781 1466 2804 c
1597 2769 1699 2802 terti-

195 2837 250 2859 am
277 2838 316 2862 cv
454 2829 496 2862 27
524 2830 560 2863 in
587 2841 652 2864 om.
679 2831 698 2864 b
838 2830 1051 2863 monstrauit
1076 2830 1095 2863 b
