<?xml version="1.0" encoding="UTF-8"?>
<!DOCTYPE html PUBLIC "-//W3C//DTD XHTML 1.0 Transitional//EN"
    "http://www.w3.org/TR/xhtml1/DTD/xhtml1-transitional.dtd">
<html xmlns="http://www.w3.org/1999/xhtml" xml:lang="en" lang="en">
 <head>
  <title>
</title>
<meta http-equiv="Content-Type" content="text/html;charset=utf-8" />
  <meta name='ocr-system' content='tesseract 3.04.00' />
  <meta name='ocr-capabilities' content='ocr_page ocr_carea ocr_par ocr_line ocrx_word'/>
</head>
<body>
  <div class='ocr_page' id='page_1' title='image "./corpusscriptorum03cypruoft/corpusscriptorum03cypruoft_0689.png"; bbox 0 0 2032 3248; ppageno 0'>
   <div class='ocr_carea' id='block_1_1' title="bbox 818 216 1662 258">
    <p class='ocr_par' dir='ltr' id='par_1_1' title="bbox 818 216 1662 258">
     <span class='ocr_line' id='line_1_1' title="bbox 818 216 1662 258; baseline 0.009 -8"><span class='ocrx_word' id='word_1_1' title='bbox 818 216 945 250; x_wconf 85' lang='lat' dir='ltr'>Liber</span> <span class='ocrx_word' id='word_1_2' title='bbox 977 216 1022 250; x_wconf 92' lang='lat' dir='ltr'>II.</span> <span class='ocrx_word' id='word_1_3' title='bbox 1584 217 1662 258; x_wconf 79' lang='grc'><strong>109</strong></span> 
     </span>
    </p>
   </div>
   <div class='ocr_carea' id='block_1_2' title="bbox 132 331 1756 2300">
    <p class='ocr_par' dir='ltr' id='par_1_2' title="bbox 149 331 1730 932">
     <span class='ocr_line' id='line_1_2' title="bbox 178 331 1663 385; baseline -0.001 -13"><span class='ocrx_word' id='word_1_4' title='bbox 178 336 240 372; x_wconf 88' lang='lat' dir='ltr'>tor</span> <span class='ocrx_word' id='word_1_5' title='bbox 270 332 310 372; x_wconf 88' lang='lat' dir='ltr'>et</span> <span class='ocrx_word' id='word_1_6' title='bbox 341 331 527 372; x_wconf 88' lang='lat' dir='ltr'>dominus</span> <span class='ocrx_word' id='word_1_7' title='bbox 569 331 645 372; x_wconf 85' lang='lat' dir='ltr'>scit</span> <span class='ocrx_word' id='word_1_8' title='bbox 677 331 799 372; x_wconf 90' lang='lat' dir='ltr'>solus.</span> <span class='ocrx_word' id='word_1_9' title='bbox 847 345 917 373; x_wconf 88' lang='lat' dir='ltr'>nec</span> <span class='ocrx_word' id='word_1_10' title='bbox 949 331 982 371; x_wconf 88' lang='lat' dir='ltr'>si</span> <span class='ocrx_word' id='word_1_11' title='bbox 1014 343 1085 385; x_wconf 82' lang='lat' dir='ltr'>ego</span> <span class='ocrx_word' id='word_1_12' title='bbox 1116 332 1335 384; x_wconf 86' lang='lat' dir='ltr'>nequiuero</span> <span class='ocrx_word' id='word_1_13' title='bbox 1374 343 1516 372; x_wconf 85' lang='lat' dir='ltr'>causas</span> <span class='ocrx_word' id='word_1_14' title='bbox 1547 331 1663 371; x_wconf 89' lang='lat' dir='ltr'>uobis</span> 
     </span>
     <span class='ocr_line' id='line_1_3' title="bbox 177 399 1664 452; baseline -0.001 -12"><span class='ocrx_word' id='word_1_15' title='bbox 177 411 416 452; x_wconf 77' lang='lat' dir='ltr'>expromere,</span> <span class='ocrx_word' id='word_1_16' title='bbox 450 412 520 441; x_wconf 91' lang='lat' dir='ltr'>cur</span> <span class='ocrx_word' id='word_1_17' title='bbox 551 399 705 452; x_wconf 91' lang='lat' dir='ltr'>aliquid</span> <span class='ocrx_word' id='word_1_18' title='bbox 734 400 808 441; x_wconf 88' lang='lat' dir='ltr'>fiat</span> <span class='ocrx_word' id='word_1_19' title='bbox 830 400 901 441; x_wconf 93' lang='lat' dir='ltr'>illo</span> <span class='ocrx_word' id='word_1_20' title='bbox 923 401 990 441; x_wconf 92' lang='lat' dir='ltr'>uel</span> <span class='ocrx_word' id='word_1_21' title='bbox 1012 400 1085 441; x_wconf 92' lang='lat' dir='ltr'>hoc</span> <span class='ocrx_word' id='word_1_22' title='bbox 1107 401 1239 444; x_wconf 87' lang='lat' dir='ltr'>modo.</span> <span class='ocrx_word' id='word_1_23' title='bbox 1273 401 1460 442; x_wconf 86' lang='lat' dir='ltr'>continuo</span> <span class='ocrx_word' id='word_1_24' title='bbox 1482 399 1664 452; x_wconf 88' lang='lat' dir='ltr'>sequitur</span> 
     </span>
     <span class='ocr_line' id='line_1_4' title="bbox 178 468 1665 521; baseline 0 -13"><span class='ocrx_word' id='word_1_25' title='bbox 178 470 222 509; x_wconf 91' lang='lat' dir='ltr'>ut</span> <span class='ocrx_word' id='word_1_26' title='bbox 261 468 413 509; x_wconf 80' lang='lat' dir='ltr'>infecta</span> <span class='ocrx_word' id='word_1_27' title='bbox 460 468 560 509; x_wconf 80' lang='lat' dir='ltr'>fiant</span> <span class='ocrx_word' id='word_1_28' title='bbox 600 481 700 521; x_wconf 86' lang='lat' dir='ltr'>quae</span> <span class='ocrx_word' id='word_1_29' title='bbox 738 469 844 510; x_wconf 87' lang='lat' dir='ltr'>facta</span> <span class='ocrx_word' id='word_1_30' title='bbox 884 470 979 510; x_wconf 90' lang='lat' dir='ltr'>sunt</span> <span class='ocrx_word' id='word_1_31' title='bbox 1017 472 1056 510; x_wconf 89' lang='lat' dir='ltr'>et</span> <span class='ocrx_word' id='word_1_32' title='bbox 1090 469 1257 510; x_wconf 89' lang='lat' dir='ltr'>amittat</span> <span class='ocrx_word' id='word_1_33' title='bbox 1298 482 1360 510; x_wconf 89' lang='lat' dir='ltr'>res</span> <span class='ocrx_word' id='word_1_34' title='bbox 1399 469 1520 509; x_wconf 77' lang='lat' dir='ltr'>iidem</span> <span class='ocrx_word' id='word_1_35' title='bbox 1563 480 1665 521; x_wconf 86' lang='lat' dir='ltr'>qnae</span> 
     </span>
     <span class='ocr_line' id='line_1_5' title="bbox 176 536 1663 590; baseline -0.001 -12"><span class='ocrx_word' id='word_1_36' title='bbox 176 537 392 590; x_wconf 87' lang='lat' dir='ltr'>generibus</span> <span class='ocrx_word' id='word_1_37' title='bbox 438 536 641 577; x_wconf 87' lang='lat' dir='ltr'>uirtutum</span> <span class='ocrx_word' id='word_1_38' title='bbox 687 537 818 578; x_wconf 88' lang='lat' dir='ltr'>tantis</span> <span class='ocrx_word' id='word_1_39' title='bbox 859 540 898 578; x_wconf 90' lang='lat' dir='ltr'>et</span> <span class='ocrx_word' id='word_1_40' title='bbox 942 537 1193 589; x_wconf 87' lang='lat' dir='ltr'>potestatum</span> <span class='ocrx_word' id='word_1_41' title='bbox 1241 537 1527 578; x_wconf 75' lang='lat' dir='ltr'>indubitabilis</span> <span class='ocrx_word' id='word_1_42' title='bbox 1576 549 1663 578; x_wconf 90' lang='lat' dir='ltr'>esse</span> 
     </span>
     <span class='ocr_line' id='line_1_6' title="bbox 149 606 1730 659; baseline 0.003 -14"><span class='ocrx_word' id='word_1_43' title='bbox 149 606 401 647; x_wconf 67' lang='lat' dir='ltr'>amonstrata</span> <span class='ocrx_word' id='word_1_44' title='bbox 440 609 514 647; x_wconf 86' lang='lat' dir='ltr'>est.</span> <span class='ocrx_word' id='word_1_45' title='bbox 559 608 606 646; x_wconf 92' lang='lat' dir='ltr'>tu</span> <span class='ocrx_word' id='word_1_46' title='bbox 637 617 813 659; x_wconf 90' lang='lat' dir='ltr'>opponas</span> <span class='ocrx_word' id='word_1_47' title='bbox 846 607 886 647; x_wconf 89' lang='lat' dir='ltr'>et</span> <span class='ocrx_word' id='word_1_48' title='bbox 916 607 1087 647; x_wconf 85' lang='lat' dir='ltr'>referas:</span> <span class='ocrx_word' id='word_1_49' title='bbox 1136 619 1206 647; x_wconf 79' lang='lat' dir='ltr'>cur</span> <span class='ocrx_word' id='word_1_50' title='bbox 1246 607 1332 646; x_wconf 85' lang='lat' dir='ltr'>tam</span> <span class='ocrx_word' id='word_1_51' title='bbox 1372 618 1458 647; x_wconf 90' lang='lat' dir='ltr'>sero</span> <span class='ocrx_word' id='word_1_52' title='bbox 1491 606 1663 646; x_wconf 90' lang='lat' dir='ltr'>emissus</span> <span class='ocrx_word' id='word_1_53' title='bbox 1679 609 1730 649; x_wconf 80' lang='lat'>75</span> 
     </span>
     <span class='ocr_line' id='line_1_7' title="bbox 176 673 1664 727; baseline -0.001 -12"><span class='ocrx_word' id='word_1_54' title='bbox 176 675 237 715; x_wconf 88' lang='lat' dir='ltr'>est</span> <span class='ocrx_word' id='word_1_55' title='bbox 268 674 514 726; x_wconf 75' lang='lat' dir='ltr'>sospitator?</span> <span class='ocrx_word' id='word_1_56' title='bbox 546 674 588 715; x_wconf 88' lang='lat' dir='ltr'>in</span> <span class='ocrx_word' id='word_1_57' title='bbox 620 674 804 724; x_wconf 79' lang='lat' dir='ltr'>infinitis,</span> <span class='ocrx_word' id='word_1_58' title='bbox 837 675 1043 727; x_wconf 86' lang='lat' dir='ltr'>perpetuis</span> <span class='ocrx_word' id='word_1_59' title='bbox 1076 674 1248 715; x_wconf 80' lang='lat' dir='ltr'>saeculis</span> <span class='ocrx_word' id='word_1_60' title='bbox 1270 674 1374 715; x_wconf 87' lang='lat' dir='ltr'>nihil</span> <span class='ocrx_word' id='word_1_61' title='bbox 1405 673 1569 714; x_wconf 89' lang='lat' dir='ltr'>omnino</span> <span class='ocrx_word' id='word_1_62' title='bbox 1601 673 1664 714; x_wconf 91' lang='lat' dir='ltr'>di-</span> 
     </span>
     <span class='ocr_line' id='line_1_8' title="bbox 176 742 1664 792; baseline 0 -10"><span class='ocrx_word' id='word_1_63' title='bbox 176 743 347 783; x_wconf 82' lang='lat' dir='ltr'>cendum</span> <span class='ocrx_word' id='word_1_64' title='bbox 378 745 439 783; x_wconf 92' lang='lat' dir='ltr'>est</span> <span class='ocrx_word' id='word_1_65' title='bbox 470 755 617 785; x_wconf 88' lang='lat' dir='ltr'>serum.</span> <span class='ocrx_word' id='word_1_66' title='bbox 664 743 734 783; x_wconf 90' lang='lat' dir='ltr'>ubi</span> <span class='ocrx_word' id='word_1_67' title='bbox 766 743 874 784; x_wconf 90' lang='lat' dir='ltr'>enim</span> <span class='ocrx_word' id='word_1_68' title='bbox 905 742 996 784; x_wconf 85' lang='lat' dir='ltr'>finis</span> <span class='ocrx_word' id='word_1_69' title='bbox 1026 743 1065 784; x_wconf 92' lang='lat' dir='ltr'>et</span> <span class='ocrx_word' id='word_1_70' title='bbox 1086 743 1251 784; x_wconf 89' lang='lat' dir='ltr'>initium</span> <span class='ocrx_word' id='word_1_71' title='bbox 1274 743 1433 783; x_wconf 90' lang='lat' dir='ltr'>nullum</span> <span class='ocrx_word' id='word_1_72' title='bbox 1456 745 1528 792; x_wconf 72' lang='lat' dir='ltr'>est,</span> <span class='ocrx_word' id='word_1_73' title='bbox 1561 742 1664 783; x_wconf 90' lang='lat' dir='ltr'>nihil</span> 
     </span>
     <span class='ocr_line' id='line_1_9' title="bbox 176 811 1664 863; baseline 0 -13"><span class='ocrx_word' id='word_1_74' title='bbox 176 812 478 863; x_wconf 87' lang='lat' dir='ltr'>praematurum</span> <span class='ocrx_word' id='word_1_75' title='bbox 511 811 584 861; x_wconf 78' lang='lat' dir='ltr'>est,</span> <span class='ocrx_word' id='word_1_76' title='bbox 616 811 720 852; x_wconf 85' lang='lat' dir='ltr'>nihil</span> <span class='ocrx_word' id='word_1_77' title='bbox 752 811 930 852; x_wconf 87' lang='lat' dir='ltr'>tardum.</span> <span class='ocrx_word' id='word_1_78' title='bbox 962 813 1124 863; x_wconf 86' lang='lat' dir='ltr'>tempus</span> <span class='ocrx_word' id='word_1_79' title='bbox 1155 811 1263 852; x_wconf 92' lang='lat' dir='ltr'>enim</span> <span class='ocrx_word' id='word_1_80' title='bbox 1295 824 1317 851; x_wconf 87' lang='lat' dir='ltr'>a</span> <span class='ocrx_word' id='word_1_81' title='bbox 1346 811 1494 851; x_wconf 87' lang='lat' dir='ltr'>finibus</span> <span class='ocrx_word' id='word_1_82' title='bbox 1527 814 1566 851; x_wconf 91' lang='lat' dir='ltr'>et</span> <span class='ocrx_word' id='word_1_83' title='bbox 1597 822 1664 850; x_wconf 85' lang='lat' dir='ltr'>ex-</span> 
     </span>
     <span class='ocr_line' id='line_1_10' title="bbox 176 878 1663 932; baseline -0.001 -13"><span class='ocrx_word' id='word_1_84' title='bbox 176 879 457 920; x_wconf 83' lang='lat' dir='ltr'>tremitatibus</span> <span class='ocrx_word' id='word_1_85' title='bbox 487 880 686 929; x_wconf 81' lang='lat' dir='ltr'>noscitur,</span> <span class='ocrx_word' id='word_1_86' title='bbox 726 891 827 931; x_wconf 89' lang='lat' dir='ltr'>quae</span> <span class='ocrx_word' id='word_1_87' title='bbox 865 879 1011 920; x_wconf 88' lang='lat' dir='ltr'>habere</span> <span class='ocrx_word' id='word_1_88' title='bbox 1042 891 1120 920; x_wconf 89' lang='lat' dir='ltr'>non</span> <span class='ocrx_word' id='word_1_89' title='bbox 1152 881 1287 932; x_wconf 91' lang='lat' dir='ltr'>potest</span> <span class='ocrx_word' id='word_1_90' title='bbox 1317 883 1510 932; x_wconf 86' lang='lat' dir='ltr'>perpetua</span> <span class='ocrx_word' id='word_1_91' title='bbox 1541 878 1663 919; x_wconf 87' lang='lat' dir='ltr'>series</span> 
     </span>
    </p>

    <p class='ocr_par' dir='ltr' id='par_1_3' title="bbox 132 947 1756 1274">
     <span class='ocr_line' id='line_1_11' title="bbox 132 947 1663 1000; baseline -0.001 -12"><span class='ocrx_word' id='word_1_92' title='bbox 132 964 164 988; x_wconf 80' lang='grc' dir='ltr'>ιο</span> <span class='ocrx_word' id='word_1_93' title='bbox 177 949 217 989; x_wconf 90' lang='lat' dir='ltr'>et</span> <span class='ocrx_word' id='word_1_94' title='bbox 247 948 515 988; x_wconf 88' lang='lat' dir='ltr'>immoderata</span> <span class='ocrx_word' id='word_1_95' title='bbox 545 948 795 989; x_wconf 74' lang='lat' dir='ltr'>continuatio</span> <span class='ocrx_word' id='word_1_96' title='bbox 827 948 1091 989; x_wconf 81' lang='lat' dir='ltr'>saeculorum.</span> <span class='ocrx_word' id='word_1_97' title='bbox 1139 947 1236 1000; x_wconf 86' lang='lat' dir='ltr'>quid</span> <span class='ocrx_word' id='word_1_98' title='bbox 1268 948 1376 988; x_wconf 90' lang='lat' dir='ltr'>enim</span> <span class='ocrx_word' id='word_1_99' title='bbox 1398 948 1432 988; x_wconf 87' lang='lat' dir='ltr'>si</span> <span class='ocrx_word' id='word_1_100' title='bbox 1454 960 1516 987; x_wconf 89' lang='lat' dir='ltr'>res</span> <span class='ocrx_word' id='word_1_101' title='bbox 1538 947 1663 1000; x_wconf 80' lang='lat' dir='ltr'>ipsae,</span> 
     </span>
     <span class='ocr_line' id='line_1_12' title="bbox 177 1014 1665 1069; baseline -0.001 -14"><span class='ocrx_word' id='word_1_102' title='bbox 177 1015 326 1068; x_wconf 89' lang='lat' dir='ltr'>quibus</span> <span class='ocrx_word' id='word_1_103' title='bbox 356 1027 471 1068; x_wconf 91' lang='lat' dir='ltr'>opem</span> <span class='ocrx_word' id='word_1_104' title='bbox 503 1016 766 1058; x_wconf 89' lang='lat' dir='ltr'>conueniebat</span> <span class='ocrx_word' id='word_1_105' title='bbox 797 1016 906 1061; x_wconf 79' lang='lat' dir='ltr'>ferri,</span> <span class='ocrx_word' id='word_1_106' title='bbox 940 1016 1291 1069; x_wconf 73' lang='lat' dir='ltr'>opportunitatem</span> <span class='ocrx_word' id='word_1_107' title='bbox 1312 1016 1436 1057; x_wconf 86' lang='lat' dir='ltr'>istam</span> <span class='ocrx_word' id='word_1_108' title='bbox 1468 1014 1665 1067; x_wconf 86' lang='lat' dir='ltr'>temporis</span> 
     </span>
     <span class='ocr_line' id='line_1_13' title="bbox 178 1083 1666 1137; baseline -0.001 -13"><span class='ocrx_word' id='word_1_109' title='bbox 178 1084 425 1137; x_wconf 76' lang='lat' dir='ltr'>exigebant?</span> <span class='ocrx_word' id='word_1_110' title='bbox 464 1084 561 1136; x_wconf 83' lang='lat' dir='ltr'>quid</span> <span class='ocrx_word' id='word_1_111' title='bbox 592 1085 625 1125; x_wconf 89' lang='lat' dir='ltr'>si</span> <span class='ocrx_word' id='word_1_112' title='bbox 657 1085 827 1126; x_wconf 85' lang='lat' dir='ltr'>alterius</span> <span class='ocrx_word' id='word_1_113' title='bbox 860 1084 1102 1125; x_wconf 86' lang='lat' dir='ltr'>condicionis</span> <span class='ocrx_word' id='word_1_114' title='bbox 1134 1084 1320 1136; x_wconf 72' lang='lat' dir='ltr'>antiqua⁷</span> <span class='ocrx_word' id='word_1_115' title='bbox 1354 1084 1522 1125; x_wconf 82' lang='lat' dir='ltr'>alterius</span> <span class='ocrx_word' id='word_1_116' title='bbox 1554 1083 1666 1124; x_wconf 86' lang='lat' dir='ltr'>fuere</span> 
     </span>
     <span class='ocr_line' id='line_1_14' title="bbox 178 1151 1756 1206; baseline -0.002 -13"><span class='ocrx_word' id='word_1_117' title='bbox 178 1153 416 1205; x_wconf 74' lang='lat' dir='ltr'>sequentia?</span> <span class='ocrx_word' id='word_1_118' title='bbox 461 1152 558 1205; x_wconf 83' lang='lat' dir='ltr'>quid</span> <span class='ocrx_word' id='word_1_119' title='bbox 604 1153 638 1193; x_wconf 90' lang='lat' dir='ltr'>si</span> <span class='ocrx_word' id='word_1_120' title='bbox 683 1153 828 1205; x_wconf 70' lang='lat' dir='ltr'>priscis</span> <span class='ocrx_word' id='word_1_121' title='bbox 877 1153 997 1193; x_wconf 88' lang='lat' dir='ltr'>aliter</span> <span class='ocrx_word' id='word_1_122' title='bbox 1042 1152 1269 1202; x_wconf 65' lang='lat' dir='ltr'>subueniri,</span> <span class='ocrx_word' id='word_1_123' title='bbox 1326 1153 1444 1193; x_wconf 81' lang='lat' dir='ltr'>aliter</span> <span class='ocrx_word' id='word_1_124' title='bbox 1480 1152 1484 1206; x_wconf 73' lang='grc'><strong>1</strong></span> <span class='ocrx_word' id='word_1_125' title='bbox 1520 1151 1661 1192; x_wconf 84' lang='lat' dir='ltr'>debuit</span> <span class='ocrx_word' id='word_1_126' title='bbox 1676 1159 1756 1193; x_wconf 77' lang='lat' dir='ltr'>f.o3</span> 
     </span>
     <span class='ocr_line' id='line_1_15' title="bbox 177 1221 1666 1274; baseline 0 -14"><span class='ocrx_word' id='word_1_127' title='bbox 177 1221 466 1274; x_wconf 79' lang='lat' dir='ltr'>posterioribus</span> <span class='ocrx_word' id='word_1_128' title='bbox 510 1221 692 1262; x_wconf 78' lang='lat' dir='ltr'>consuli?</span> <span class='ocrx_word' id='word_1_129' title='bbox 737 1233 867 1261; x_wconf 88' lang='lat' dir='ltr'>nonne</span> <span class='ocrx_word' id='word_1_130' title='bbox 909 1221 1067 1262; x_wconf 78' lang='lat' dir='ltr'>litteras</span> <span class='ocrx_word' id='word_1_131' title='bbox 1108 1221 1258 1261; x_wconf 84' lang='lat' dir='ltr'>auditis</span> <span class='ocrx_word' id='word_1_132' title='bbox 1301 1221 1666 1262; x_wconf 81' lang='lat' dir='ltr'>commemorantes</span> 
     </span>
    </p>

    <p class='ocr_par' dir='ltr' id='par_1_4' title="bbox 135 1288 1668 1617">
     <span class='ocr_line' id='line_1_16' title="bbox 135 1288 1666 1339; baseline 0 -10"><span class='ocrx_word' id='word_1_133' title='bbox 135 1306 165 1329; x_wconf 82' lang='lat'>15</span> <span class='ocrx_word' id='word_1_134' title='bbox 178 1290 335 1330; x_wconf 88' lang='lat' dir='ltr'>uestras</span> <span class='ocrx_word' id='word_1_135' title='bbox 368 1289 492 1330; x_wconf 78' lang='lat' dir='ltr'>fuisse</span> <span class='ocrx_word' id='word_1_136' title='bbox 525 1289 709 1329; x_wconf 87' lang='lat' dir='ltr'>homines</span> <span class='ocrx_word' id='word_1_137' title='bbox 732 1289 830 1330; x_wconf 89' lang='lat' dir='ltr'>olim</span> <span class='ocrx_word' id='word_1_138' title='bbox 855 1289 1068 1336; x_wconf 79' lang='lat' dir='ltr'>semideos,</span> <span class='ocrx_word' id='word_1_139' title='bbox 1103 1289 1257 1339; x_wconf 85' lang='lat' dir='ltr'>heroas,</span> <span class='ocrx_word' id='word_1_140' title='bbox 1291 1301 1383 1329; x_wconf 82' lang='lat' dir='ltr'>cuin</span> <span class='ocrx_word' id='word_1_141' title='bbox 1415 1288 1666 1329; x_wconf 88' lang='lat' dir='ltr'>immanibus</span> 
     </span>
     <span class='ocr_line' id='line_1_17' title="bbox 179 1357 1667 1409; baseline 0 -12"><span class='ocrx_word' id='word_1_142' title='bbox 179 1357 411 1409; x_wconf 85' lang='lat' dir='ltr'>corporibus</span> <span class='ocrx_word' id='word_1_143' title='bbox 451 1358 571 1409; x_wconf 82' lang='lat' dir='ltr'>atque</span> <span class='ocrx_word' id='word_1_144' title='bbox 611 1358 769 1398; x_wconf 74' lang='lat' dir='ltr'>uastis?</span> <span class='ocrx_word' id='word_1_145' title='bbox 814 1369 893 1398; x_wconf 91' lang='lat' dir='ltr'>non</span> <span class='ocrx_word' id='word_1_146' title='bbox 932 1357 1109 1398; x_wconf 84' lang='lat' dir='ltr'>infantes</span> <span class='ocrx_word' id='word_1_147' title='bbox 1142 1357 1215 1398; x_wconf 89' lang='lat' dir='ltr'>sub</span> <span class='ocrx_word' id='word_1_148' title='bbox 1258 1357 1449 1398; x_wconf 78' lang='lat' dir='ltr'>uberibus</span> <span class='ocrx_word' id='word_1_149' title='bbox 1485 1358 1667 1397; x_wconf 83' lang='lat' dir='ltr'>matrum</span> 
     </span>
     <span class='ocr_line' id='line_1_18' title="bbox 179 1424 1668 1479; baseline -0.001 -13"><span class='ocrx_word' id='word_1_150' title='bbox 179 1426 428 1467; x_wconf 88' lang='lat' dir='ltr'>centenarios</span> <span class='ocrx_word' id='word_1_151' title='bbox 468 1426 604 1479; x_wconf 80' lang='lat' dir='ltr'>legitis</span> <span class='ocrx_word' id='word_1_152' title='bbox 642 1426 815 1467; x_wconf 77' lang='lat' dir='ltr'>edidisse</span> <span class='ocrx_word' id='word_1_153' title='bbox 861 1426 1069 1479; x_wconf 81' lang='lat' dir='ltr'>uagitum,</span> <span class='ocrx_word' id='word_1_154' title='bbox 1116 1439 1288 1478; x_wconf 88' lang='lat' dir='ltr'>quorum</span> <span class='ocrx_word' id='word_1_155' title='bbox 1327 1437 1415 1467; x_wconf 88' lang='lat' dir='ltr'>ossa</span> <span class='ocrx_word' id='word_1_156' title='bbox 1455 1425 1579 1466; x_wconf 88' lang='lat' dir='ltr'>uariis</span> <span class='ocrx_word' id='word_1_157' title='bbox 1625 1424 1668 1464; x_wconf 89' lang='lat' dir='ltr'>in</span> 
     </span>
     <span class='ocr_line' id='line_1_19' title="bbox 179 1493 1667 1547; baseline -0.001 -13"><span class='ocrx_word' id='word_1_158' title='bbox 179 1493 410 1547; x_wconf 84' lang='lat' dir='ltr'>regionibus</span> <span class='ocrx_word' id='word_1_159' title='bbox 448 1495 561 1535; x_wconf 88' lang='lat' dir='ltr'>eruta</span> <span class='ocrx_word' id='word_1_160' title='bbox 598 1495 665 1535; x_wconf 81' lang='lat' dir='ltr'>uix</span> <span class='ocrx_word' id='word_1_161' title='bbox 703 1495 976 1546; x_wconf 85' lang='lat' dir='ltr'>repertoribus</span> <span class='ocrx_word' id='word_1_162' title='bbox 1015 1495 1195 1535; x_wconf 85' lang='lat' dir='ltr'>fecerunt</span> <span class='ocrx_word' id='word_1_163' title='bbox 1235 1494 1355 1535; x_wconf 85' lang='lat' dir='ltr'>fidem</span> <span class='ocrx_word' id='word_1_164' title='bbox 1393 1494 1667 1534; x_wconf 89' lang='lat' dir='ltr'>humanorum</span> 
     </span>
     <span class='ocr_line' id='line_1_20' title="bbox 179 1562 1666 1617; baseline -0.001 -15"><span class='ocrx_word' id='word_1_165' title='bbox 179 1562 371 1614; x_wconf 88' lang='lat' dir='ltr'>reliquias</span> <span class='ocrx_word' id='word_1_166' title='bbox 402 1574 487 1603; x_wconf 92' lang='lat' dir='ltr'>esse</span> <span class='ocrx_word' id='word_1_167' title='bbox 519 1563 823 1604; x_wconf 73' lang='lat' dir='ltr'>membrorum?</span> <span class='ocrx_word' id='word_1_168' title='bbox 870 1565 1004 1615; x_wconf 87' lang='lat' dir='ltr'>potest</span> <span class='ocrx_word' id='word_1_169' title='bbox 1035 1576 1127 1617; x_wconf 81' lang='lat' dir='ltr'>ergo</span> <span class='ocrx_word' id='word_1_170' title='bbox 1160 1563 1268 1613; x_wconf 74' lang='lat' dir='ltr'>fieri,</span> <span class='ocrx_word' id='word_1_171' title='bbox 1301 1565 1348 1604; x_wconf 94' lang='lat' dir='ltr'>ut</span> <span class='ocrx_word' id='word_1_172' title='bbox 1378 1564 1468 1603; x_wconf 88' lang='lat' dir='ltr'>tum</span> <span class='ocrx_word' id='word_1_173' title='bbox 1500 1562 1666 1602; x_wconf 88' lang='lat' dir='ltr'>demum</span> 
     </span>
    </p>

    <p class='ocr_par' dir='ltr' id='par_1_5' title="bbox 134 1630 1668 1957">
     <span class='ocr_line' id='line_1_21' title="bbox 134 1630 1666 1684; baseline 0 -14"><span class='ocrx_word' id='word_1_174' title='bbox 134 1644 166 1670; x_wconf 83' lang='lat'>20</span> <span class='ocrx_word' id='word_1_175' title='bbox 180 1630 360 1671; x_wconf 88' lang='lat' dir='ltr'>emiserit</span> <span class='ocrx_word' id='word_1_176' title='bbox 392 1630 599 1672; x_wconf 85' lang='lat' dir='ltr'>Christum</span> <span class='ocrx_word' id='word_1_177' title='bbox 631 1631 727 1672; x_wconf 90' lang='lat' dir='ltr'>deus</span> <span class='ocrx_word' id='word_1_178' title='bbox 749 1632 1019 1684; x_wconf 76' lang='lat' dir='ltr'>omnipotens,</span> <span class='ocrx_word' id='word_1_179' title='bbox 1053 1631 1150 1672; x_wconf 87' lang='lat' dir='ltr'>deus</span> <span class='ocrx_word' id='word_1_180' title='bbox 1173 1633 1296 1682; x_wconf 87' lang='lat' dir='ltr'>solus,</span> <span class='ocrx_word' id='word_1_181' title='bbox 1330 1634 1546 1684; x_wconf 81' lang='lat' dir='ltr'>postquam</span> <span class='ocrx_word' id='word_1_182' title='bbox 1569 1642 1666 1683; x_wconf 81' lang='lat' dir='ltr'>gens</span> 
     </span>
     <span class='ocr_line' id='line_1_22' title="bbox 179 1698 1667 1752; baseline -0.001 -13"><span class='ocrx_word' id='word_1_183' title='bbox 179 1698 390 1739; x_wconf 88' lang='lat' dir='ltr'>hominum</span> <span class='ocrx_word' id='word_1_184' title='bbox 412 1698 574 1740; x_wconf 81' lang='lat' dir='ltr'>fractior</span> <span class='ocrx_word' id='word_1_185' title='bbox 595 1702 634 1740; x_wconf 89' lang='lat' dir='ltr'>et</span> <span class='ocrx_word' id='word_1_186' title='bbox 655 1700 854 1740; x_wconf 87' lang='lat' dir='ltr'>infirmior</span> <span class='ocrx_word' id='word_1_187' title='bbox 875 1700 1007 1752; x_wconf 86' lang='lat' dir='ltr'>coepit</span> <span class='ocrx_word' id='word_1_188' title='bbox 1038 1702 1175 1741; x_wconf 84' lang='lat' dir='ltr'>nostra</span> <span class='ocrx_word' id='word_1_189' title='bbox 1207 1713 1293 1741; x_wconf 88' lang='lat' dir='ltr'>esse</span> <span class='ocrx_word' id='word_1_190' title='bbox 1314 1702 1472 1740; x_wconf 83' lang='lat' dir='ltr'>natura.</span> <span class='ocrx_word' id='word_1_191' title='bbox 1506 1699 1539 1739; x_wconf 83' lang='lat' dir='ltr'>si</span> <span class='ocrx_word' id='word_1_192' title='bbox 1562 1699 1667 1751; x_wconf 86' lang='lat' dir='ltr'>quod</span> 
     </span>
     <span class='ocr_line' id='line_1_23' title="bbox 178 1767 1667 1820; baseline -0.001 -13"><span class='ocrx_word' id='word_1_193' title='bbox 178 1767 297 1808; x_wconf 87' lang='lat' dir='ltr'>hodie</span> <span class='ocrx_word' id='word_1_194' title='bbox 328 1767 483 1808; x_wconf 81' lang='lat' dir='ltr'>factum</span> <span class='ocrx_word' id='word_1_195' title='bbox 514 1768 586 1814; x_wconf 74' lang='lat' dir='ltr'>est,</span> <span class='ocrx_word' id='word_1_196' title='bbox 617 1769 708 1809; x_wconf 86' lang='lat' dir='ltr'>ante</span> <span class='ocrx_word' id='word_1_197' title='bbox 739 1768 855 1809; x_wconf 85' lang='lat' dir='ltr'>milia</span> <span class='ocrx_word' id='word_1_198' title='bbox 886 1769 971 1809; x_wconf 81' lang='lat' dir='ltr'>fieri</span> <span class='ocrx_word' id='word_1_199' title='bbox 994 1769 1239 1820; x_wconf 87' lang='lat' dir='ltr'>oportuisset</span> <span class='ocrx_word' id='word_1_200' title='bbox 1261 1780 1471 1817; x_wconf 67' lang='lat' dir='ltr'>annorum,</span> <span class='ocrx_word' id='word_1_201' title='bbox 1505 1767 1667 1808; x_wconf 70' lang='lat' dir='ltr'>fecisset</span> 
     </span>
     <span class='ocr_line' id='line_1_24' title="bbox 178 1835 1668 1889; baseline 0 -14"><span class='ocrx_word' id='word_1_202' title='bbox 178 1836 292 1876; x_wconf 87' lang='lat' dir='ltr'>istud</span> <span class='ocrx_word' id='word_1_203' title='bbox 330 1849 397 1876; x_wconf 79' lang='lat' dir='ltr'>rex</span> <span class='ocrx_word' id='word_1_204' title='bbox 438 1849 641 1885; x_wconf 75' lang='lat' dir='ltr'>summus,</span> <span class='ocrx_word' id='word_1_205' title='bbox 686 1838 757 1877; x_wconf 87' lang='lat' dir='ltr'>aut</span> <span class='ocrx_word' id='word_1_206' title='bbox 794 1837 827 1877; x_wconf 74' lang='lat' dir='ltr'>si</span> <span class='ocrx_word' id='word_1_207' title='bbox 859 1838 950 1889; x_wconf 89' lang='lat' dir='ltr'>post</span> <span class='ocrx_word' id='word_1_208' title='bbox 986 1836 1159 1877; x_wconf 77' lang='lat' dir='ltr'>totidem</span> <span class='ocrx_word' id='word_1_209' title='bbox 1192 1837 1309 1877; x_wconf 81' lang='lat' dir='ltr'>milia.</span> <span class='ocrx_word' id='word_1_210' title='bbox 1340 1836 1381 1876; x_wconf 89' lang='lat' dir='ltr'>id</span> <span class='ocrx_word' id='word_1_211' title='bbox 1412 1835 1518 1888; x_wconf 84' lang='lat' dir='ltr'>quod</span> <span class='ocrx_word' id='word_1_212' title='bbox 1548 1835 1668 1875; x_wconf 89' lang='lat' dir='ltr'>hodie</span> 
     </span>
     <span class='ocr_line' id='line_1_25' title="bbox 180 1903 1668 1957; baseline -0.001 -13"><span class='ocrx_word' id='word_1_213' title='bbox 180 1904 334 1945; x_wconf 84' lang='lat' dir='ltr'>factum</span> <span class='ocrx_word' id='word_1_214' title='bbox 373 1905 433 1945; x_wconf 88' lang='lat' dir='ltr'>est</span> <span class='ocrx_word' id='word_1_215' title='bbox 473 1903 675 1945; x_wconf 86' lang='lat' dir='ltr'>debuisset</span> <span class='ocrx_word' id='word_1_216' title='bbox 713 1905 879 1956; x_wconf 77' lang='lat' dir='ltr'>inpleri,</span> <span class='ocrx_word' id='word_1_217' title='bbox 919 1905 1022 1945; x_wconf 88' lang='lat' dir='ltr'>nihil</span> <span class='ocrx_word' id='word_1_218' title='bbox 1062 1905 1182 1945; x_wconf 89' lang='lat' dir='ltr'>deum</span> <span class='ocrx_word' id='word_1_219' title='bbox 1223 1904 1392 1957; x_wconf 71' lang='lat' dir='ltr'>cogebat</span> <span class='ocrx_word' id='word_1_220' title='bbox 1423 1904 1668 1944; x_wconf 86' lang='lat' dir='ltr'>necessarias</span> 
     </span>
    </p>

    <p class='ocr_par' dir='ltr' id='par_1_6' title="bbox 137 1972 1738 2300">
     <span class='ocr_line' id='line_1_26' title="bbox 137 1972 1669 2025; baseline -0.003 -11"><span class='ocrx_word' id='word_1_221' title='bbox 137 1976 411 2025; x_wconf 79' lang='lat' dir='ltr'>25temporum</span> <span class='ocrx_word' id='word_1_222' title='bbox 442 1984 519 2013; x_wconf 92' lang='lat' dir='ltr'>non</span> <span class='ocrx_word' id='word_1_223' title='bbox 551 1974 757 2025; x_wconf 77' lang='lat' dir='ltr'>expectare</span> <span class='ocrx_word' id='word_1_224' title='bbox 788 1985 1010 2013; x_wconf 81' lang='lat' dir='ltr'>mensuras.</span> <span class='ocrx_word' id='word_1_225' title='bbox 1058 1972 1283 2013; x_wconf 84' lang='lat' dir='ltr'>rationibus</span> <span class='ocrx_word' id='word_1_226' title='bbox 1307 1973 1395 2012; x_wconf 74' lang='lat' dir='ltr'>fixis</span> <span class='ocrx_word' id='word_1_227' title='bbox 1418 1973 1669 2024; x_wconf 46' lang='lat' dir='ltr'>1⁷›eraguntur</span> 
     </span>
     <span class='ocr_line' id='line_1_27' title="bbox 181 2039 1668 2093; baseline -0.003 -10"><span class='ocrx_word' id='word_1_228' title='bbox 181 2054 242 2083; x_wconf 88' lang='lat' dir='ltr'>res</span> <span class='ocrx_word' id='word_1_229' title='bbox 275 2041 359 2081; x_wconf 86' lang='lat' dir='ltr'>eius</span> <span class='ocrx_word' id='word_1_230' title='bbox 390 2042 430 2081; x_wconf 89' lang='lat' dir='ltr'>et</span> <span class='ocrx_word' id='word_1_231' title='bbox 460 2041 566 2093; x_wconf 82' lang='lat' dir='ltr'>quod</span> <span class='ocrx_word' id='word_1_232' title='bbox 598 2041 722 2082; x_wconf 88' lang='lat' dir='ltr'>semel</span> <span class='ocrx_word' id='word_1_233' title='bbox 754 2041 961 2082; x_wconf 74' lang='lat' dir='ltr'>decretum</span> <span class='ocrx_word' id='word_1_234' title='bbox 993 2042 1055 2081; x_wconf 85' lang='lat' dir='ltr'>est</span> <span class='ocrx_word' id='word_1_235' title='bbox 1079 2041 1161 2081; x_wconf 76' lang='lat' dir='ltr'>lieri</span> <span class='ocrx_word' id='word_1_236' title='bbox 1185 2041 1298 2081; x_wconf 78' lang='lat' dir='ltr'>nulla</span> <span class='ocrx_word' id='word_1_237' title='bbox 1320 2041 1454 2093; x_wconf 88' lang='lat' dir='ltr'>potest</span> <span class='ocrx_word' id='word_1_238' title='bbox 1487 2039 1668 2080; x_wconf 87' lang='lat' dir='ltr'>nouitate</span> 
     </span>
     <span class='ocr_line' id='line_1_28' title="bbox 182 2107 1738 2162; baseline -0.002 -12"><span class='ocrx_word' id='word_1_239' title='bbox 182 2109 345 2150; x_wconf 86' lang='lat' dir='ltr'>mutari.</span> <span class='ocrx_word' id='word_1_240' title='bbox 394 2122 463 2150; x_wconf 77' lang='lat' dir='ltr'>cur</span> <span class='ocrx_word' id='word_1_241' title='bbox 494 2121 607 2162; x_wconf 81' lang='lat' dir='ltr'>ergo,</span> <span class='ocrx_word' id='word_1_242' title='bbox 640 2109 792 2161; x_wconf 76' lang='lat' dir='ltr'>inquit,</span> <span class='ocrx_word' id='word_1_243' title='bbox 833 2110 865 2150; x_wconf 82' lang='lat' dir='ltr'>si</span> <span class='ocrx_word' id='word_1_244' title='bbox 899 2108 1167 2161; x_wconf 83' lang='lat' dir='ltr'>omnipotenti</span> <span class='ocrx_word' id='word_1_245' title='bbox 1200 2108 1364 2149; x_wconf 76' lang='lat' dir='ltr'>seruitis</span> <span class='ocrx_word' id='word_1_246' title='bbox 1401 2107 1472 2148; x_wconf 89' lang='lat' dir='ltr'>deo</span> <span class='ocrx_word' id='word_1_247' title='bbox 1506 2109 1546 2148; x_wconf 90' lang='lat' dir='ltr'>et</span> <span class='ocrx_word' id='word_1_248' title='bbox 1577 2120 1669 2147; x_wconf 86' lang='lat' dir='ltr'>eum</span> <span class='ocrx_word' id='word_1_249' title='bbox 1686 2107 1738 2147; x_wconf 72' lang='lat'>76</span> 
     </span>
     <span class='ocr_line' id='line_1_29' title="bbox 182 2176 1671 2230; baseline -0.003 -11"><span class='ocrx_word' id='word_1_250' title='bbox 182 2178 329 2219; x_wconf 88' lang='lat' dir='ltr'>habere</span> <span class='ocrx_word' id='word_1_251' title='bbox 361 2177 562 2218; x_wconf 81' lang='lat' dir='ltr'>confiditis</span> <span class='ocrx_word' id='word_1_252' title='bbox 595 2177 740 2218; x_wconf 78' lang='lat' dir='ltr'>salutis</span> <span class='ocrx_word' id='word_1_253' title='bbox 772 2178 894 2230; x_wconf 85' lang='lat' dir='ltr'>atque</span> <span class='ocrx_word' id='word_1_254' title='bbox 916 2176 1210 2218; x_wconf 86' lang='lat' dir='ltr'>incolumitatis</span> <span class='ocrx_word' id='word_1_255' title='bbox 1233 2177 1392 2216; x_wconf 84' lang='lat' dir='ltr'>uestrae</span> <span class='ocrx_word' id='word_1_256' title='bbox 1415 2188 1567 2224; x_wconf 70' lang='lat' dir='ltr'>curam,</span> <span class='ocrx_word' id='word_1_257' title='bbox 1601 2188 1671 2216; x_wconf 89' lang='lat' dir='ltr'>cur</span> 
     </span>
     <span class='ocr_line' id='line_1_30' title="bbox 184 2244 1672 2300; baseline -0.003 -12"><span class='ocrx_word' id='word_1_258' title='bbox 184 2245 480 2300; x_wconf 86' lang='lat' dir='ltr'>persecutiones</span> <span class='ocrx_word' id='word_1_259' title='bbox 517 2245 674 2298; x_wconf 84' lang='lat' dir='ltr'>patitur</span> <span class='ocrx_word' id='word_1_260' title='bbox 712 2246 869 2298; x_wconf 86' lang='lat' dir='ltr'>perpeti</span> <span class='ocrx_word' id='word_1_261' title='bbox 909 2257 980 2286; x_wconf 88' lang='lat' dir='ltr'>uos</span> <span class='ocrx_word' id='word_1_262' title='bbox 1018 2247 1155 2286; x_wconf 85' lang='lat' dir='ltr'>tantas</span> <span class='ocrx_word' id='word_1_263' title='bbox 1194 2246 1315 2296; x_wconf 76' lang='lat' dir='ltr'>utque</span> <span class='ocrx_word' id='word_1_264' title='bbox 1353 2244 1487 2285; x_wconf 83' lang='lat' dir='ltr'>onmia</span> <span class='ocrx_word' id='word_1_265' title='bbox 1525 2256 1672 2297; x_wconf 83' lang='lat' dir='ltr'>genera</span> 
     </span>
    </p>
   </div>
   <div class='ocr_carea' id='block_1_3' title="bbox 231 2424 1671 2468">
    <p class='ocr_par' dir='ltr' id='par_1_7' title="bbox 231 2424 1671 2468">
     <span class='ocr_line' id='line_1_31' title="bbox 231 2424 1671 2468; baseline -0.002 -9"><span class='ocrx_word' id='word_1_266' title='bbox 231 2429 252 2460; x_wconf 89' lang='lat'><strong>3</strong></span> <span class='ocrx_word' id='word_1_267' title='bbox 276 2427 405 2460; x_wconf 69' lang='lat' dir='ltr'>infecta</span> <span class='ocrx_word' id='word_1_268' title='bbox 431 2426 523 2460; x_wconf 90' lang='lat' dir='ltr'>Sub:</span> <span class='ocrx_word' id='word_1_269' title='bbox 551 2425 684 2458; x_wconf 76' lang='lat' dir='ltr'>infacta</span> <span class='ocrx_word' id='word_1_270' title='bbox 710 2426 745 2459; x_wconf 86' lang='lat' dir='ltr'><em>P</em></span> <span class='ocrx_word' id='word_1_271' title='bbox 893 2425 914 2458; x_wconf 82' lang='lat'>4</span> <span class='ocrx_word' id='word_1_272' title='bbox 940 2427 1156 2468; x_wconf 78' lang='lat' dir='ltr'>potestatum</span> <span class='ocrx_word' id='word_1_273' title='bbox 1184 2424 1268 2457; x_wconf 77' lang='lat' dir='ltr'>Gel:</span> <span class='ocrx_word' id='word_1_274' title='bbox 1294 2424 1530 2467; x_wconf 79' lang='lat' dir='ltr'>potestatibus</span> <span class='ocrx_word' id='word_1_275' title='bbox 1554 2427 1671 2467; x_wconf 81' lang='lat' dir='ltr'>potes-</span> 
     </span>
    </p>
   </div>
   <div class='ocr_carea' id='block_1_4' title="bbox 186 2474 1673 2811">
    <p class='ocr_par' dir='ltr' id='par_1_8' title="bbox 186 2474 1673 2811">
     <span class='ocr_line' id='line_1_32' title="bbox 186 2474 1672 2523; baseline -0.002 -6"><span class='ocrx_word' id='word_1_276' title='bbox 186 2474 265 2517; x_wconf 71' lang='lat' dir='ltr'>tatu</span> <span class='ocrx_word' id='word_1_277' title='bbox 291 2484 326 2517; x_wconf 87' lang='lat' dir='ltr'><em>P</em></span> <span class='ocrx_word' id='word_1_278' title='bbox 459 2484 480 2517; x_wconf 79' lang='lat'>5</span> <span class='ocrx_word' id='word_1_279' title='bbox 506 2485 717 2516; x_wconf 72' lang='lat' dir='ltr'>monstrata*</span> <span class='ocrx_word' id='word_1_280' title='bbox 743 2483 777 2516; x_wconf 86' lang='lat' dir='ltr'><em>P</em></span> <span class='ocrx_word' id='word_1_281' title='bbox 913 2482 933 2515; x_wconf 78' lang='lat'>6</span> <span class='ocrx_word' id='word_1_282' title='bbox 960 2482 1048 2515; x_wconf 85' lang='lat' dir='ltr'>nihil</span> <span class='ocrx_word' id='word_1_283' title='bbox 1074 2481 1215 2515; x_wconf 87' lang='lat' dir='ltr'>omnino</span> <span class='ocrx_word' id='word_1_284' title='bbox 1246 2481 1330 2514; x_wconf 74' lang='lat' dir='ltr'>Gel:</span> <span class='ocrx_word' id='word_1_285' title='bbox 1357 2481 1445 2514; x_wconf 82' lang='lat' dir='ltr'>nihil</span> <span class='ocrx_word' id='word_1_286' title='bbox 1471 2482 1586 2514; x_wconf 89' lang='lat' dir='ltr'>omino</span> <span class='ocrx_word' id='word_1_287' title='bbox 1613 2488 1672 2523; x_wconf 76' lang='lat' dir='ltr'>(ex</span> 
     </span>
     <span class='ocr_line' id='line_1_33' title="bbox 186 2538 1673 2584; baseline -0.001 -11"><span class='ocrx_word' id='word_1_288' title='bbox 186 2540 295 2584; x_wconf 85' lang='lat' dir='ltr'>omni)</span> <span class='ocrx_word' id='word_1_289' title='bbox 321 2541 355 2574; x_wconf 89' lang='lat' dir='ltr'><em>P</em></span> <span class='ocrx_word' id='word_1_290' title='bbox 378 2540 606 2573; x_wconf 88' lang='lat' dir='ltr'>nihilominus</span> <span class='ocrx_word' id='word_1_291' title='bbox 633 2539 705 2573; x_wconf 84' lang='lat' dir='ltr'>Sub</span> <span class='ocrx_word' id='word_1_292' title='bbox 830 2539 850 2573; x_wconf 81' lang='lat'><strong>9</strong></span> <span class='ocrx_word' id='word_1_293' title='bbox 875 2541 1042 2583; x_wconf 76' lang='lat' dir='ltr'>perpetua</span> <span class='ocrx_word' id='word_1_294' title='bbox 1066 2539 1194 2572; x_wconf 72' lang='lat' dir='ltr'>ucldidt&#39;</span> <span class='ocrx_word' id='word_1_295' title='bbox 1315 2539 1359 2573; x_wconf 79' lang='lat' dir='ltr'>io</span> <span class='ocrx_word' id='word_1_296' title='bbox 1383 2541 1418 2571; x_wconf 84' lang='lat' dir='ltr'>et</span> <span class='ocrx_word' id='word_1_297' title='bbox 1442 2538 1673 2572; x_wconf 79' lang='lat' dir='ltr'>immoderata</span> 
     </span>
     <span class='ocr_line' id='line_1_34' title="bbox 190 2595 1583 2639; baseline -0.002 -8"><span class='ocrx_word' id='word_1_298' title='bbox 190 2597 274 2631; x_wconf 61' lang='lat' dir='ltr'>Gal:</span> <span class='ocrx_word' id='word_1_299' title='bbox 299 2598 404 2631; x_wconf 81' lang='lat' dir='ltr'>etiam</span> <span class='ocrx_word' id='word_1_300' title='bbox 420 2597 599 2630; x_wconf 82' lang='lat' dir='ltr'>moderata</span> <span class='ocrx_word' id='word_1_301' title='bbox 616 2597 652 2630; x_wconf 73' lang='lat'>1²</span> <span class='ocrx_word' id='word_1_302' title='bbox 767 2597 806 2630; x_wconf 93' lang='lat'>11</span> <span class='ocrx_word' id='word_1_303' title='bbox 827 2597 1103 2639; x_wconf 71' lang='lat' dir='ltr'>oportunitatem</span> <span class='ocrx_word' id='word_1_304' title='bbox 1123 2596 1158 2628; x_wconf 88' lang='lat' dir='ltr'><em>P</em></span> <span class='ocrx_word' id='word_1_305' title='bbox 1280 2595 1321 2628; x_wconf 76' lang='lat'>15</span> <span class='ocrx_word' id='word_1_306' title='bbox 1339 2595 1530 2629; x_wconf 82' lang='lat' dir='ltr'>saeruideos</span> <span class='ocrx_word' id='word_1_307' title='bbox 1550 2596 1583 2628; x_wconf 91' lang='lat' dir='ltr'><em>P</em></span> 
     </span>
     <span class='ocr_line' id='line_1_35' title="bbox 187 2652 1585 2698; baseline -0.002 -11"><span class='ocrx_word' id='word_1_308' title='bbox 187 2655 228 2687; x_wconf 80' lang='lat'>17</span> <span class='ocrx_word' id='word_1_309' title='bbox 255 2655 485 2698; x_wconf 83' lang='lat' dir='ltr'>centenarios]</span> <span class='ocrx_word' id='word_1_310' title='bbox 513 2656 706 2687; x_wconf 80' lang='lat' dir='ltr'>stentoreos</span> <span class='ocrx_word' id='word_1_311' title='bbox 732 2653 804 2687; x_wconf 83' lang='lat' dir='ltr'>Sub</span> <span class='ocrx_word' id='word_1_312' title='bbox 944 2652 1086 2696; x_wconf 72' lang='lat' dir='ltr'>uagitus</span> <span class='ocrx_word' id='word_1_313' title='bbox 1113 2652 1183 2685; x_wconf 85' lang='lat' dir='ltr'>Sub</span> <span class='ocrx_word' id='word_1_314' title='bbox 1325 2653 1368 2687; x_wconf 80' lang='lat'>19</span> <span class='ocrx_word' id='word_1_315' title='bbox 1394 2655 1527 2695; x_wconf 62' lang='lat' dir='ltr'>pwtest</span> <span class='ocrx_word' id='word_1_316' title='bbox 1551 2653 1585 2684; x_wconf 89' lang='grc' dir='ltr'><em>Ρ</em></span> 
     </span>
     <span class='ocr_line' id='line_1_36' title="bbox 187 2709 1670 2753; baseline -0.002 -9"><span class='ocrx_word' id='word_1_317' title='bbox 187 2721 263 2745; x_wconf 86' lang='lat' dir='ltr'>cum</span> <span class='ocrx_word' id='word_1_318' title='bbox 290 2711 360 2745; x_wconf 89' lang='lat' dir='ltr'>Sub</span> <span class='ocrx_word' id='word_1_319' title='bbox 533 2712 577 2744; x_wconf 72' lang='lat'>22</span> <span class='ocrx_word' id='word_1_320' title='bbox 602 2710 816 2753; x_wconf 83' lang='lat' dir='ltr'>oportuisset</span> <span class='ocrx_word' id='word_1_321' title='bbox 848 2709 933 2744; x_wconf 82' lang='lat' dir='ltr'>Urs:</span> <span class='ocrx_word' id='word_1_322' title='bbox 963 2709 1135 2752; x_wconf 80' lang='lat' dir='ltr'>potuisset</span> <span class='ocrx_word' id='word_1_323' title='bbox 1161 2709 1196 2742; x_wconf 88' lang='lat' dir='ltr'><em>P</em></span> <span class='ocrx_word' id='word_1_324' title='bbox 1369 2710 1410 2743; x_wconf 74' lang='lat'>27</span> <span class='ocrx_word' id='word_1_325' title='bbox 1437 2720 1498 2743; x_wconf 86' lang='lat' dir='ltr'>cur</span> <span class='ocrx_word' id='word_1_326' title='bbox 1521 2709 1670 2752; x_wconf 69' lang='lat' dir='ltr'>scripsi.-</span> 
     </span>
     <span class='ocr_line' id='line_1_37' title="bbox 189 2765 1672 2811; baseline -0.003 -9"><span class='ocrx_word' id='word_1_327' title='bbox 189 2778 267 2802; x_wconf 88' lang='lat' dir='ltr'>cum</span> <span class='ocrx_word' id='word_1_328' title='bbox 292 2769 326 2800; x_wconf 89' lang='lat' dir='ltr'><em>P</em></span> <span class='ocrx_word' id='word_1_329' title='bbox 471 2768 587 2811; x_wconf 86' lang='lat' dir='ltr'>inquit</span> <span class='ocrx_word' id='word_1_330' title='bbox 613 2769 642 2809; x_wconf 90' lang='lat' dir='ltr'>(t</span> <span class='ocrx_word' id='word_1_331' title='bbox 667 2778 711 2800; x_wconf 73' lang='lat' dir='ltr'>ea:</span> <span class='ocrx_word' id='word_1_332' title='bbox 736 2766 772 2809; x_wconf 89' lang='lat' dir='ltr'>d)</span> <span class='ocrx_word' id='word_1_333' title='bbox 798 2767 832 2800; x_wconf 79' lang='lat' dir='ltr'><em>P</em></span> <span class='ocrx_word' id='word_1_334' title='bbox 981 2765 1114 2809; x_wconf 82' lang='lat' dir='ltr'>inquit,</span> <span class='ocrx_word' id='word_1_335' title='bbox 1140 2765 1181 2809; x_wconf 85' lang='lat' dir='ltr'>si]</span> <span class='ocrx_word' id='word_1_336' title='bbox 1208 2765 1358 2809; x_wconf 82' lang='lat' dir='ltr'>inquitis</span> <span class='ocrx_word' id='word_1_337' title='bbox 1383 2766 1453 2800; x_wconf 91' lang='lat' dir='ltr'>Sub</span> <span class='ocrx_word' id='word_1_338' title='bbox 1602 2776 1672 2799; x_wconf 84' lang='lat' dir='ltr'>ser·</span> 
     </span>
    </p>
   </div>
   <div class='ocr_carea' id='block_1_5' title="bbox 190 2822 1256 2859">
    <p class='ocr_par' dir='ltr' id='par_1_9' title="bbox 190 2822 1256 2859">
     <span class='ocr_line' id='line_1_38' title="bbox 190 2822 1256 2859; baseline -0.002 0"><span class='ocrx_word' id='word_1_339' title='bbox 190 2825 297 2859; x_wconf 82' lang='lat' dir='ltr'>uiatis</span> <span class='ocrx_word' id='word_1_340' title='bbox 323 2825 394 2859; x_wconf 87' lang='lat' dir='ltr'>Sub</span> <span class='ocrx_word' id='word_1_341' title='bbox 531 2826 574 2859; x_wconf 64' lang='lat'>25</span> <span class='ocrx_word' id='word_1_342' title='bbox 598 2824 780 2859; x_wconf 82' lang='lat' dir='ltr'>confidatis</span> <span class='ocrx_word' id='word_1_343' title='bbox 808 2823 879 2858; x_wconf 88' lang='lat' dir='ltr'>Sub</span> <span class='ocrx_word' id='word_1_344' title='bbox 1018 2825 1157 2857; x_wconf 78' lang='lat' dir='ltr'>nostrae</span> <span class='ocrx_word' id='word_1_345' title='bbox 1184 2822 1256 2857; x_wconf 88' lang='lat' dir='ltr'>Sub</span> 
     </span>
    </p>
   </div>
  </div>
 </body>
</html>
