2032 3248
334 232 389 274 90
745 230 935 265 Arnobii
963 230 1177 265 aduersus
1205 230 1414 264 nationes

334 347 397 388 cui
429 346 504 388 soli
535 347 714 399 potestas
745 347 808 387 est
836 344 939 387 talia
960 346 1219 399 corruptione
1240 346 1403 388 exclusa
1423 345 1576 400 largiri.
1610 346 1680 388 sed
1702 345 1828 387 stulte

333 416 444 457 istud
485 415 701 457 credimus.
758 413 858 467 quid
894 415 945 456 ad
977 426 1068 464 uos,
1114 414 1382 468 ineptissime,
1416 413 1562 456 fatue?
1608 415 1679 456 ubi
1710 414 1828 456 uobis

331 495 521 526 nocemus
552 484 620 525 uel
650 496 773 537 quam
804 483 919 525 uobis
958 483 1131 525 facimus
1171 486 1242 525 aut
1273 483 1509 538 inrogamus
1541 483 1755 533 iniuriam,
1794 483 1829 525 si

332 553 657 606 omnipotentem
679 552 921 594 confidimus
939 552 1062 594 deum
1082 552 1323 595 habiturum
1344 565 1431 595 esse
1461 553 1663 594 rationem
1685 552 1827 597 nostri,

335 634 428 663 cum
459 621 569 664 abire
596 634 619 663 a
648 622 882 674 corporibus
913 622 1164 675 coeperimus
1195 625 1236 663 et
1266 622 1316 663 ab
1348 620 1441 663 Orci
1471 621 1657 664 faucibus
1688 634 1828 674 quem·
1858 637 1872 662 ⁵

266 691 316 729 54
333 691 554 732 admodum
605 690 758 732 dicitur
817 690 1048 732 uindicari?
1108 702 1271 745 ergone,
1321 690 1481 744 inquiet
1527 690 1700 743 aliquis,
1742 690 1829 732 sine

332 759 396 800 <lei
426 760 640 800 uoluntate
662 759 881 812 quicquam
902 760 1010 812 potis
1032 762 1095 801 est
1122 759 1242 801 fieri?
1273 759 1609 801 considerandum
1632 760 1693 800 est
1714 759 1828 801 nobis

332 828 504 870 sollicite
543 831 583 870 et
627 840 723 871 cura
760 829 1060 883 inspiciendum
1098 841 1180 871 non
1221 842 1370 884 parua,
1410 842 1458 871 ne
1498 830 1598 870 dum
1635 829 1829 870 honorare

331 909 401 939 nos
432 900 553 939 deum
583 898 660 940 tali
691 898 1007 953 interrogatione
1039 911 1265 948 censemus,
1295 899 1340 939 in
1369 898 1620 940 contrarium
1641 897 1829 939 labamur

330 965 440 1007 nefas
471 967 702 1009 maiestatis
733 967 818 1008 eius
848 968 1116 1009 eminentiam
1146 970 1414 1010 destruentes
1447 981 1526 1021 qua
1546 967 1715 1017 ratione,
1749 978 1874 1019 quam

331 1038 482 1077 causa?
513 1036 706 1089 quoniam
737 1036 772 1077 si
803 1038 948 1078 cuncta
969 1037 1055 1078 eius
1077 1037 1290 1078 uoluntate
1322 1037 1593 1079 conficiuntur
1624 1048 1697 1077 nec
1725 1035 1828 1077 citra

238 1111 261 1143 f.
275 1114 317 1143 53
333 1105 418 1146 eius
439 1105 585 1146 nutum
622 1103 626 1160 Ι
662 1105 881 1159 quicquam
901 1109 1036 1158 potest
1055 1106 1098 1146 in
1119 1106 1239 1147 rebus
1262 1106 1328 1147 uel
1349 1105 1560 1159 prouenire
1583 1105 1649 1146 uel
1671 1104 1825 1146 cadere.

333 1174 553 1215 necessario
585 1174 787 1227 sequitur,
829 1176 875 1215 ut
913 1174 1024 1216 mala
1055 1175 1181 1217 etiam
1212 1177 1358 1216 cuncta
1396 1174 1612 1215 uoluntate
1642 1174 1730 1215 eius
1761 1173 1826 1217 in-

332 1242 580 1297 tellegantur
610 1243 756 1284 enasci.
804 1243 867 1284 sin
900 1245 1039 1285 autem
1072 1243 1205 1286 dicere
1236 1243 1489 1284 uoluerimus
1512 1244 1664 1296 contra,
1696 1242 1826 1295 pessi-

334 1323 490 1353 ‹norum
527 1312 577 1353 ab
617 1325 662 1354 eo
700 1311 914 1354 reicientes
954 1325 1115 1364 causas,
1159 1313 1261 1354 mali
1303 1324 1388 1354 esse
1420 1311 1628 1354 conscium
1657 1323 1870 1366 genera-15

330 1393 539 1434 ‘acremque
572 1381 741 1432 nullius,
773 1381 971 1435 incipient
1002 1382 1156 1423 euideri
1189 1382 1260 1423 aut
1293 1393 1337 1423 eo
1369 1381 1500 1422 inuito
1531 1394 1594 1422 res
1626 1380 1825 1434 pessimae

279 1460 282 1463 ·
308 1484 310 1487 ,
333 1450 416 1491 deri
438 1453 523 1501 aut,
546 1451 652 1503 quod
673 1451 728 1492 sit
749 1450 927 1492 immane
951 1451 1112 1502 dixisse,
1133 1451 1350 1500 nesciente,
1374 1451 1516 1505 ignaro
1539 1451 1661 1503 atque
1684 1449 1825 1490 inscie.

331 1531 469 1560 rursus
500 1523 639 1561 autem
670 1520 704 1561 si
737 1519 869 1561 dicere
900 1519 1012 1562 nulla
1043 1532 1128 1562 esse
1161 1520 1414 1562 uoluerimus
1444 1520 1567 1570 mala,
1601 1518 1708 1560 sicut
1740 1530 1825 1560 esse

331 1588 535 1629 nonnullis
556 1589 768 1643 opinatum
790 1589 830 1630 et
847 1589 1048 1643 placitum
1065 1589 1331 1643 repperimus,
1354 1588 1637 1630 reclamabunt
1657 1591 1825 1628 cunctae

330 1658 469 1712 gentes
499 1657 794 1711 uniuersaeque
827 1658 1028 1711 nationes,
1062 1658 1267 1700 cruciatus
1300 1658 1418 1699 nobis
1450 1657 1702 1699 ostentantes
1733 1667 1825 1696 suos
1840 1671 1873 1696 20

329 1727 369 1767 et
399 1726 684 1768 discriminum
716 1727 870 1781 species
900 1727 1188 1776 multiformes,
1221 1727 1369 1781 quibus
1396 1727 1551 1780 puncta
1570 1738 1642 1778 per
1662 1725 1825 1779 singula

330 1808 455 1849 genus
485 1797 620 1837 uritur
649 1798 690 1838 et
720 1797 922 1839 laceratur
962 1797 1201 1839 humanum.
1248 1798 1338 1838 tum
1378 1797 1523 1838 deinde
1554 1809 1578 1837 a
1608 1795 1725 1837 nobis
1757 1807 1824 1836 ex-

329 1865 509 1917 quirent:
557 1877 638 1915 cur,
671 1865 782 1907 mala
819 1866 853 1907 si
891 1867 1005 1908 nulla
1050 1868 1166 1915 sunt,
1214 1866 1264 1907 ab
1309 1865 1498 1919 operibus
1529 1877 1602 1906 uos
1634 1865 1754 1905 certis
1786 1866 1824 1904 et

328 1934 576 1976 facinoribus
620 1935 866 1976 abstinetis?
911 1947 982 1977 cur
1021 1947 1100 1976 non
1142 1935 1279 1976 omnia
1323 1934 1459 1976 facitis
1490 1946 1591 1987 quae
1622 1933 1824 1986 inpatiens

328 2003 492 2045 iusserit
521 2005 642 2056 atque
672 2003 921 2057 inperauerit
951 2003 1113 2045 libido?
1158 2016 1229 2045 cur
1258 2003 1300 2044 in
1332 2003 1470 2044 noxios
1502 2002 1675 2055 denique
1705 2001 1825 2043 terri·
1838 2017 1870 2042 25

327 2071 479 2114 bilibus
509 2083 660 2126 poenas
681 2071 934 2114 constituitis
955 2072 1148 2126 legibus?
1179 2084 1275 2113 nam
1298 2071 1504 2113 stoliditas
1525 2070 1702 2112 inueniri
1723 2083 1824 2123 quae

328 2140 529 2182 inmanior
559 2142 706 2194 potest,
739 2153 863 2194 quam
884 2141 997 2182 mala
1018 2153 1105 2182 esse
1126 2140 1242 2181 nulla
1263 2140 1504 2181 contendere
1535 2141 1576 2181 et
1611 2141 1824 2192 tamquam

262 2213 311 2251 55
328 2210 456 2252 malos
487 2209 654 2263 perdere
684 2213 725 2252 et
756 2211 1026 2253 condemnare
1062 2210 1299 2265 peccantis?
1346 2223 1448 2263 quae
1480 2222 1569 2251 cum
1612 2220 1698 2250 esse
1729 2220 1824 2249 con-

374 2403 392 2435 1
419 2401 552 2436 stultae
577 2402 613 2436 P
636 2413 717 2437 corr
870 2403 892 2437 2
916 2403 1160 2448 ineptissimae
1186 2403 1258 2438 Sab
1281 2403 1501 2448 ineptissimi
1524 2402 1584 2437 uel
1609 2401 1823 2446 ineptissimi

328 2461 362 2492 et
394 2459 461 2493 Urs
598 2459 695 2494 fatue
720 2459 838 2494 Salm:
862 2459 981 2494 fatuae
1006 2460 1042 2494 P
1064 2460 1155 2495 fatui
1188 2461 1256 2496 Urs
1398 2461 1420 2494 5
1443 2459 1541 2494 horci
1567 2469 1585 2493 c
1722 2459 1743 2493 6
1770 2458 1823 2492 in-

328 2515 426 2559 quiet
451 2515 544 2550 Sab:
577 2517 696 2561 inquit
721 2518 752 2561 (t
777 2527 822 2552 em
845 2517 883 2562 d)
909 2520 945 2551 et
962 2518 998 2552 P
1136 2518 1155 2552 7
1172 2518 1358 2562 quicquam
1380 2517 1469 2552 Sab:
1494 2516 1682 2561 quisquam
1700 2516 1735 2550 P

328 2576 407 2616 pote
425 2572 498 2608 Sab
635 2574 738 2608 nobis
762 2574 850 2609 Urs:
873 2574 974 2609 uobis
992 2575 1028 2609 P
1159 2576 1181 2609 9
1205 2575 1388 2609 dominum
1405 2574 1478 2609 Sab
1616 2573 1657 2606 11
1685 2572 1823 2607 confici-

328 2632 437 2664 untur
462 2630 555 2665 Sabe
579 2630 772 2665 conficiunt
797 2631 833 2665 P
983 2631 1027 2666 13
1052 2634 1093 2666 ut
1127 2631 1201 2666 add
1233 2632 1300 2667 Urs
1454 2630 1497 2665 16
1521 2630 1634 2664 uideri
1661 2630 1733 2665 Sab

329 2687 370 2722 17
395 2699 435 2722 ac
460 2689 579 2732 (atque
594 2689 738 2733 scripse)
764 2688 877 2723 inscio
902 2689 990 2724 Urs.-
1015 2700 1054 2724 ac
1077 2689 1193 2724 nescio
1211 2690 1247 2724 P
1384 2689 1426 2723 19
1450 2688 1642 2732 reperimus
1661 2688 1733 2722 Sab

326 2744 371 2778 20
395 2744 668 2790 uniuersaequae
692 2746 728 2780 P
750 2756 832 2780 corr
980 2747 1023 2781 21
1048 2748 1180 2791 puncta
1206 2747 1327 2782 Salm:
1352 2747 1476 2781 cuncta
1502 2746 1538 2779 Ρ
1685 2745 1822 2779 saecula

328 2801 400 2836 Sab
536 2802 582 2836 24
605 2802 787 2837 fauoribus
813 2802 886 2838 Sab
1034 2803 1078 2838 27
1103 2803 1244 2838 inanior
1269 2803 1343 2839 Sab
1495 2802 1540 2837 28
1565 2803 1747 2847 peccantes
1773 2803 1822 2846 (te

326 2869 371 2893 ea:
394 2859 440 2902 ti)
465 2859 501 2893 P
