2032 3248
301 233 384 276 350

347 346 484 382 tiformi
524 356 657 390 semper
682 345 871 390 asperitate
899 344 1045 380 uallatis

347 405 423 447 128,
443 404 486 439 22

301 471 484 496 uanescere
509 460 731 496 interitionis
748 461 936 505 perpetuae
953 459 1046 494 frus-

347 519 500 554 tratione
525 518 579 561 59,
600 519 640 552 12

303 577 482 611 uanitates
520 575 717 610 officiorum
755 573 944 619 inpendere
971 574 1049 617 228,

354 634 396 669 16

303 691 477 726 uastitate
495 690 630 725 ardoris
650 689 917 734 inextinguibili
936 689 1013 732 132,
1032 690 1053 724 6

303 748 365 783 ubi
404 750 458 783 est
494 748 585 783 illud
623 747 718 792 quod
753 747 884 782 dicitur
921 747 974 789 69,
1008 747 1053 783 18

350 805 412 840 ubi
437 807 500 840 aut
524 816 586 840 nos
610 805 713 850 impii
738 807 800 839 aut
823 815 885 839 uos
910 804 960 849 pii
974 804 1053 847 270,

348 863 390 898 21
430 862 492 897 ubi
508 864 630 897 nostra
654 862 837 897 uidebitur
861 861 1054 896 credulitas

349 921 448 965 lapsa
475 920 566 962 76,4
608 920 670 954 ubi
706 922 805 964 pater
832 919 1055 963 omnipotens

350 978 434 1019 fuit,
459 979 516 1012 ut.
532 1005 538 1011 .
555 977 773 1022 .prohiberet
796 978 852 1020 83,
870 978 912 1012 11

305 1035 466 1078 ubinam,
475 1045 612 1080 quaeso,
623 1037 676 1070 est
685 1035 776 1069 illud
783 1035 876 1080 quod
885 1061 893 1069 .
909 1062 916 1070 .
932 1035 1058 1069 amoti

353 1095 438 1128 sunt
455 1093 582 1135 130,17
597 1093 741 1127 ubinam
759 1093 911 1135 fuerant,
925 1094 966 1127 ut
979 1103 1058 1137 pro-

351 1151 533 1196 pulsarent
557 1150 635 1192 233,
652 1151 697 1185 22

260 1231 263 1234 >
307 1208 502 1243 uectitatus
529 1218 631 1243 curru
656 1208 869 1253 quadriiugo
894 1207 972 1251 207,
993 1208 1036 1243 10

306 1265 497 1300 uelleribus
534 1265 800 1300 siluescentium
832 1265 981 1300 crinium
1006 1265 1059 1299 in-

352 1323 495 1357 uolutus
522 1322 596 1365 122,
618 1323 636 1356 7

308 1391 419 1415 uenae
444 1380 557 1415 silicis
584 1380 662 1422 284,
680 1381 701 1415 2
740 1382 877 1415 aestum
903 1380 1059 1425 inrigare

353 1449 523 1473 uenarum
562 1438 637 1480 174,
653 1438 698 1472 28
734 1437 918 1473 hiantibus
958 1438 1059 1472 uenis

357 1496 433 1539 178,
452 1496 473 1530 5

308 1553 494 1587 uenditare
519 1552 802 1588 munificentiam
828 1554 903 1595 128,
922 1553 968 1587 24

309 1609 505 1644 uenerabili
541 1610 708 1655 obsequio
749 1610 911 1645 inuocare
944 1611 997 1653 16,
1016 1610 1061 1645 28

355 1667 618 1702 uenerabilibus
659 1668 756 1702 adire
799 1667 979 1712 obsequiis
1006 1668 1062 1709 19,

355 1725 400 1759 22
423 1724 562 1759 oracula
586 1725 804 1760 uenerabilia
828 1726 906 1768 282,
925 1726 944 1760 7

312 1782 553 1816 uenerationis
586 1783 629 1817 ad
662 1782 781 1818 officia
804 1783 919 1825 214,7
956 1793 1059 1818 uene-

356 1839 512 1874 rationes
540 1840 617 1881 113,
635 1840 666 1874 2.
685 1841 727 1875 16

311 1898 496 1931 uenerator
519 1897 597 1939 265,
617 1897 660 1933 15

311 1965 391 1988 cum
416 1953 508 1988 bona
535 1955 639 1989 uenia
665 1955 815 1989 dixerim
841 1954 934 1998 7,10
974 1954 1062 1989 libe-

357 2011 447 2046 rales
471 2012 594 2046 uenias
620 2014 655 2046 et
673 2013 911 2047 concessiones
936 2011 1062 2047 habere

359 2069 539 2113 gratuitas
564 2069 642 2113 243,
659 2070 681 2104 8

314 2126 445 2160 ueniali
458 2127 675 2161 concessione
689 2126 939 2171 inprudentiae
956 2127 1063 2162 caeci-

360 2186 473 2219 tatem
498 2185 628 2220 donare
652 2185 729 2226 275,
747 2184 768 2218 6

315 2242 436 2276 uenire
462 2243 498 2276 in
523 2242 724 2287 coniugalia
748 2241 886 2276 foedera
914 2242 991 2284 157,
1011 2242 1054 2277 15

314 2301 463 2334 uentosa
488 2299 692 2334 imitatione
716 2299 867 2334 formare
891 2300 968 2341 220,
987 2299 1031 2334 22

316 2358 424 2391 uento
449 2355 649 2391 distendere
674 2356 801 2391 buccas
827 2357 904 2400 267,
925 2357 967 2391 16

316 2414 480 2458 pudenda
505 2413 723 2458 uerendaque
748 2414 824 2456 198,
842 2414 885 2448 23

317 2471 448 2505 ueritas
487 2470 701 2516 cognitionis
739 2473 775 2506 et
811 2471 977 2505 scientiae
1013 2471 1067 2513 91,

364 2529 409 2563 25
433 2528 628 2563 communis
645 2529 909 2573 intelligentiae
934 2528 1068 2562 ueritas

364 2585 440 2627 264,
459 2586 480 2620 3
506 2596 559 2620 res
577 2585 701 2620 iudicii
717 2586 869 2619 ueritate
895 2585 1068 2630 conscrip-

363 2644 421 2676 tae
459 2643 534 2684 116,
551 2642 574 2677 4
612 2643 786 2677 instincta
828 2642 979 2677 ueritate
1010 2653 1069 2676 na-

365 2701 467 2733 turae
492 2700 571 2742 229,
590 2701 632 2734 11
659 2701 709 2735 rei
733 2701 866 2735 ueritas
891 2701 1070 2735 monstrat

367 2756 506 2799 134,12
536 2758 669 2801 primas
694 2758 804 2794 dabat
828 2757 1070 2803 exprimenda-

366 2825 445 2848 rum
477 2814 757 2850 similitudinum
788 2815 922 2850 ueritas
957 2814 1071 2858 225,4

366 2871 404 2906 in
428 2882 464 2907 re
481 2883 555 2907 esse
572 2872 718 2918 ipsaque
736 2873 773 2907 in
786 2873 938 2908 ueritate
955 2873 1031 2915 123,
1052 2874 1069 2907 1

1011 231 1147 265 Index

1112 344 1272 379 uermina
1299 343 1482 379 furialium
1508 344 1710 390 passionum
1735 345 1789 388 34,
1807 346 1828 380 9

1112 402 1391 436 uei-minantium
1403 401 1641 437 membrorum
1649 413 1765 438 cruces
1780 403 1864 446 34,8

1113 459 1303 493 uei-niliter
1326 458 1551 503 turpiterque
1575 459 1653 503 210,
1669 460 1690 495 9

1114 516 1299 550 uerrucula
1324 516 1424 551 collis
1449 517 1504 559 87,
1522 517 1555 553 2.
1581 517 1658 560 175,
1677 517 1719 552 27

1114 573 1362 618 uersipellibus
1393 573 1546 618 scriptae
1578 574 1692 609 modis
1722 574 1866 610 fabulae

1162 631 1240 674 205,
1259 631 1302 666 10

1116 689 1250 723 uersari
1293 688 1385 723 circa
1426 689 1530 724 deum
1569 689 1787 734 cogitatione
1827 700 1868 725 ac

1162 747 1280 780 mente
1304 746 1359 789 58,
1379 746 1398 780 7

1117 814 1280 838 uersuras
1297 804 1334 838 in
1351 802 1554 838 huiusmodi
1571 814 1693 849 cogere
1711 804 1769 849 (de
1786 805 1868 840 alle-

1162 861 1285 906 9oriis)
1310 861 1388 903 212,
1407 861 1428 895 8

1119 919 1241 953 uertex
1265 918 1441 953 aetherius
1468 919 1545 962 132,
1563 919 1607 954 20

1119 975 1314 1010 uerticulae
1341 976 1419 1018 120,
1434 976 1477 1011 18

1121 1033 1263 1078 uertigo
1287 1033 1412 1068 mundi
1436 1034 1468 1075 4,
1488 1034 1530 1068 11

1122 1101 1246 1125 uerum
1270 1091 1306 1124 et
1336 1090 1413 1125 sine
1447 1091 1521 1125 ulla
1556 1091 1817 1135 gratificatione
1842 1091 1871 1126 ui

1167 1148 1356 1193 perspicias
1381 1147 1459 1189 235,
1476 1148 1520 1183 28
1546 1149 1621 1183 ueri
1639 1148 1872 1183 consortia:

1168 1216 1261 1240 uera
1276 1205 1331 1248 93,
1351 1205 1393 1240 13
1419 1205 1506 1250 quid
1523 1206 1572 1240 sit
1597 1208 1633 1240 in
1649 1216 1731 1240 uero
1757 1206 1833 1248 156,
1854 1207 1874 1241 1

1123 1263 1359 1307 uestigatores
1390 1263 1586 1298 uetustatis
1617 1263 1872 1299 remotissimae

1171 1320 1248 1363 167,
1268 1320 1290 1355 8

1123 1377 1301 1422 inquirere
1326 1380 1432 1422 atque
1456 1378 1633 1422 uestigare
1658 1378 1712 1421 92,
1727 1378 1749 1412 4

1123 1435 1327 1470 uestiuntur
1354 1436 1471 1470 omnia
1495 1436 1573 1470 luce
1598 1436 1708 1480 (solis)
1734 1435 1767 1477 4,
1787 1435 1830 1470 16

1124 1494 1286 1527 uetustas
1311 1492 1427 1537 prisca
1453 1493 1529 1535 132,
1546 1493 1568 1527 2

1124 1550 1321 1584 uexationis
1340 1550 1542 1595 cupidinem
1567 1550 1739 1585 inclinare
1764 1549 1876 1592 2423

1126 1609 1201 1642 uias
1233 1607 1413 1642 inridendi
1447 1608 1530 1642 dare
1557 1608 1632 1649 185,
1650 1608 1672 1642 8
1711 1607 1788 1641 uias
1814 1606 1876 1641 ad-

1170 1665 1272 1710 gredi
1298 1665 1473 1700 saeuiores
1497 1665 1575 1707 276,
1593 1665 1614 1699 6

1125 1722 1264 1757 uibrare
1297 1722 1510 1757 calamistris
1544 1722 1735 1756 caesariem
1759 1722 1813 1763 81,
1833 1721 1878 1756 25

1125 1780 1257 1814 uicaria
1282 1779 1540 1814 substitutione
1564 1779 1642 1822 221,
1664 1779 1708 1814 13

1125 1837 1263 1872 uicibus
1288 1836 1435 1871 ludicris
1468 1836 1583 1879 12,10
1623 1835 1763 1871 uicibus
1787 1838 1879 1871 tem-

1171 1895 1322 1939 porariis
1353 1895 1407 1936 53,
1432 1895 1475 1928 22
1513 1904 1586 1928 sese
1615 1893 1658 1928 ad
1689 1894 1783 1928 uices
1817 1894 1879 1928 ad-

1172 1953 1313 1996 cingere
1336 1951 1486 1986 ultionis
1512 1951 1589 1994 274,
1609 1952 1652 1986 15

1127 2010 1260 2044 adnexa
1300 2011 1337 2045 et
1376 2009 1493 2043 uicina
1533 2008 1756 2053 copulatione
1796 2018 1877 2043 con-

1173 2067 1297 2102 iuncta
1321 2066 1398 2108 214,
1415 2067 1437 2101 5

1127 2124 1315 2175 uictoriam
1340 2123 1478 2159 felicem
1503 2123 1694 2168 reciperare
1718 2122 1797 2163 284,
1816 2122 1836 2156 7

1128 2182 1296 2216 uidentur
1327 2181 1541 2225 ineptiarum
1574 2180 1703 2215 talium
1740 2179 1881 2214 fabulae

1176 2239 1253 2282 173,
1271 2240 1292 2275 5

1130 2296 1273 2331 uiduari
1291 2295 1514 2340 benignitate
1538 2294 1661 2330 diuina
1676 2295 1731 2337 57,
1752 2294 1796 2329 22
1819 2294 1881 2329 ho-

1175 2354 1270 2389 noris
1303 2353 1533 2399 inpertitione
1566 2352 1735 2387 uiduatus
1766 2351 1883 2394 49,19

1177 2412 1366 2446 uiduatum
1383 2411 1457 2446 sine
1483 2409 1556 2444 suis
1580 2407 1882 2444 administratori-

1179 2469 1245 2503 bus
1270 2469 1404 2503 caelum
1427 2467 1505 2511 263,
1519 2467 1563 2503 20

1135 2527 1259 2562 uilitas
1276 2525 1476 2561 meretricia
1503 2524 1579 2567 170,
1597 2525 1619 2559 8
1643 2524 1680 2558 in
1700 2523 1885 2558 obscenam

1179 2594 1400 2629 prorumpere
1432 2583 1612 2617 uilitatem
1647 2580 1723 2622 184,
1740 2580 1763 2614 4
1801 2579 1884 2613 uili-

1180 2643 1293 2676 tatem
1318 2640 1373 2675 sui
1405 2640 1532 2685 populo
1562 2637 1742 2684 publicare
1766 2637 1822 2681 82,
1841 2636 1884 2671 19

1136 2700 1269 2733 uincire
1292 2709 1396 2732 uxore
1423 2695 1728 2731 adulescentulum
1746 2694 1823 2735 186,
1842 2694 1885 2728 11

1136 2756 1270 2791 uinctio
1296 2756 1451 2799 (animae
1475 2765 1556 2789 cum
1580 2752 1743 2797 corpore)
1768 2752 1823 2794 98,
1841 2750 1885 2785 27

1182 2813 1329 2847 resoluti
1347 2822 1530 2857 corporum
1553 2810 1732 2845 uinctione
1751 2807 1885 2850 171,14

1184 2869 1364 2905 uinctione
1413 2868 1575 2914 colligati
1631 2863 1885 2901 inmobilitatis
