2032 3248
1496 201 1653 230 LXXXV

155 291 384 333 Cestrensis
427 290 620 344 Cypriani
670 303 790 344 opera
830 290 872 331 in
913 302 1064 332 nouum
1113 291 1294 332 ordinem
1336 291 1654 345 Pamelianoque

158 366 373 407 meliorem
408 365 569 418 digesta
599 365 649 406 ad
680 366 863 406 uetustos
893 365 1018 405 libros
1051 366 1281 407 accuratius
1314 364 1654 414 emendauerunt;

156 440 289 481 textui
323 439 477 494 insigni
514 439 741 493 legentium
779 439 990 480 commodo
1028 439 1233 481 uariantes
1271 440 1465 481 lectiones
1497 453 1542 482 ex
1573 441 1658 482 suis

158 515 419 566 aliorumque
449 514 658 555 codicibus
690 514 852 566 petitas,
884 513 1130 555 lectionibus
1162 514 1443 556 adnotationes
1475 515 1659 557 subiece-

157 589 264 630 runt.
297 600 418 641 opera
447 589 586 641 spuria
618 589 759 629 libello
783 587 1005 639 Expositio
1034 588 1201 629 bissexti
1231 588 1427 642 inscripto
1458 591 1498 630 et
1524 589 1659 630 tribus

158 662 333 704 Arnoldi
369 663 629 704 Bonaevallis
671 663 920 705 tractatibus
962 665 1082 705 aucta
1123 663 1293 705 seorsim
1335 663 1551 704 ediderunt
1588 675 1660 705 suo

157 737 345 791 quodque
367 738 523 778 auctori
545 738 753 779 uindicare
776 738 923 779 conati.
947 739 1203 779 accesserunt
1225 737 1418 778 Annales
1448 738 1657 790 Cypriani

157 813 248 853 sine
278 812 470 854 tredecim
500 825 710 853 annornm
740 812 889 864 quibas
918 812 960 855 S.
987 811 1231 864 Cyprianus
1259 812 1369 853 ‘inter
1397 811 1663 854 Christianos

160 891 354 929 uersatus
382 891 438 928 est
467 887 604 929 bre-uis
631 886 807 927 historia
830 899 910 938 per
932 887 1138 927 Ioannem
1161 885 1411 928 Cestrensem
1433 888 1472 927 et
1496 886 1664 927 Disser-

158 963 337 1003 tationes
367 961 650 1014 Cyprianicae
679 962 729 1002 ab
759 962 942 1003 Henrico
970 960 1182 1003 Dodwello
1209 961 1262 1003 A.
1288 961 1350 1002 M.
1374 960 1661 1003 Dabliniensi.

161 1037 209 1078 de
227 1036 423 1078 subsidiis
447 1036 601 1077 criticis
622 1036 721 1077 haec
743 1036 992 1078 adnotantur
1009 1037 1051 1078 in
1069 1036 1344 1090 praefatione:
1370 1036 1664 1088 Manuseripti

160 1111 315 1152 codices
353 1110 622 1162 suppetebant
657 1110 777 1159 mihi,
814 1113 994 1162 quatuor
1026 1110 1273 1152 Bodleiani.
1309 1114 1489 1162 quatuor
1524 1110 1665 1151 itidem

161 1185 444 1226 illustrissimi
466 1184 520 1226 D.
545 1185 688 1225 Isaaci
723 1184 879 1228 Vossii:
899 1184 980 1225 (Zao
1002 1184 1116 1225 Noui
1140 1184 1315 1238 Colleyii
1334 1184 1533 1235 Oxoniae,
1555 1196 1668 1225 rinus

161 1260 324 1314 eolleyii
343 1259 659 1301 Lincolniensis
684 1259 844 1309 ibidem,
866 1271 978 1300 ionas
1000 1259 1160 1313 eolleyii
1174 1259 1496 1302 Pcmbrochiani
1511 1258 1667 1301 Canta-

163 1335 336 1388 bre'yiae,
373 1347 484 1375 ‘zenas
521 1334 781 1375 bibliothecae
818 1333 1138 1383 Lambethanae,
1179 1334 1293 1375 alins
1328 1334 1667 1382 Aricndelianae,

162 1408 280 1450 alius
303 1408 594 1458 Eboraeensis⁷
616 1408 731 1449 alins
759 1408 1222 1455 Westmonasteriensis,
1246 1409 1358 1450 (clins
1379 1408 1668 1451 Sarisbarien-

163 1484 235 1533 sis,
258 1483 372 1525 alius
386 1483 670 1545 Cottonianae.
696 1482 829 1524 Porro
850 1483 1178 1524 communicatae
1198 1486 1295 1524 sant
1312 1482 1416 1523 mihi
1433 1483 1670 1524 collationes

164 1558 317 1600 codicis
345 1558 506 1612 colleyii
539 1557 734 1610 Corporis
766 1557 925 1599 Christi
951 1557 1263 1611 Cantabriyiae,
1293 1560 1328 1599 et
1357 1557 1534 1599 alterius
1557 1557 1667 1598 Lon-

165 1633 369 1674 dincnsis.
408 1646 533 1685 opera
563 1633 798 1674 Reaerencli
826 1633 914 1673 uiri
946 1633 983 1673 T
983 1633 1125 1674 homae
1155 1632 1260 1674 Gale
1289 1632 1363 1675 SS.
1398 1632 1435 1673 T
1436 1631 1535 1674 heol.
1566 1632 1670 1673 Pro-

162 1708 347 1761 fessoris.
372 1707 485 1748 Idem
506 1708 551 1748 in
564 1707 875 1750 Sarisbariensi
897 1707 1075 1759 quodam
1092 1707 1225 1748 codice
1234 1707 1449 1759 praestitit
1464 1706 1671 1748 Reueren-

167 1782 247 1822 das
272 1782 315 1822 in
341 1781 504 1823 Christo
522 1781 652 1823 Pater
668 1781 931 1833 Asaphensis
949 1781 1195 1834 Episcopus.
1221 1781 1526 1823 Collationibus
1547 1780 1672 1821 etiam

167 1855 365 1897 Codicum
389 1856 576 1899 flammi.
606 1868 678 1897 nec
700 1869 784 1897 non
806 1857 1085 1897 coenobiorum
1108 1856 1148 1898 S.
1175 1855 1361 1897 fllichael
1368 1855 1401 1896 is
1422 1855 1470 1896 in
1485 1853 1674 1907 periculo

164 1931 311 1973 maris,
336 1931 375 1972 S.
408 1931 582 1972 Victoris
604 1931 879 1981 Parisiensis‚
904 1932 943 1973 S.
965 1931 1118 1972 fllaari
1142 1930 1417 1979 Fossatensis,
1439 1932 1474 1970 et
1497 1930 1538 1971 S.
1554 1929 1671 1970 Petri

169 2004 427 2046 Corbeiensis
455 2006 547 2058 frui
578 2006 723 2046 datam
754 2008 823 2055 est,
859 2018 907 2047 ea:
937 2005 1151 2058 sinyulari
1183 2005 1445 2046 humanitate
1467 2002 1675 2045 Reueren-

168 2079 317 2119 ‹lorum
355 2079 536 2121 Patriam
574 2080 947 2121 Benedictinorum
985 2079 1184 2121 Lutetiae.
1222 2078 1403 2120 Demum
1437 2077 1676 2118 collationes

171 2153 330 2204 aliquot
345 2153 541 2195 Codicum
567 2154 878 2204 Vaticanorum,
908 2154 1152 2195 Veronensis
1172 2153 1311 2193 itidem
1328 2155 1447 2203 atquc
1461 2152 1676 2192 Beneuen-

170 2230 278 2274 tani,
314 2242 386 2269 nec
422 2241 507 2269 non
538 2228 666 2281 Regiis
697 2228 882 2277 Galliae,
918 2228 1054 2269 stadio
1091 2227 1340 2268 amicissimi
1378 2226 1466 2266 'uiri
1498 2224 1676 2266 Domini

174 2302 339 2343 Roberti
357 2303 501 2356 Riqby,
519 2303 624 2343 mihi
641 2306 870 2355 opportimc
880 2302 1215 2355 perferebantar.
1234 2301 1404 2354 apposui
1422 2300 1522 2341 haec
1539 2299 1675 2351 uerba,

173 2377 322 2429 quibus
351 2378 448 2418 solis
472 2379 519 2419 de
542 2378 752 2419 codicibus
774 2378 843 2430 qui
867 2377 908 2418 in
931 2377 1107 2431 Angliae
1129 2375 1393 2418 bibliothecis
1416 2374 1679 2416 asseruantur

176 2452 345 2492 constat.
386 2452 632 2493 uetustiores
662 2452 697 2492 si
727 2452 784 2492 ibi
819 2452 1008 2494 fuissent.
1048 2464 1092 2492 ex
1126 2449 1470 2491 bibliothecarum
1508 2448 1678 2489 latebris

175 2525 351 2567 editores
382 2539 461 2579 qua
490 2528 587 2567 sunt
617 2526 808 2580 diligenti
840 2538 936 2566 cura
967 2526 1052 2566 sine
1083 2525 1208 2566 dubio
1230 2523 1511 2577 protulissent.
1550 2534 1678 2575 neque

177 2600 247 2650 qui
270 2601 360 2652 post
383 2613 448 2642 eos
466 2601 643 2655 Angliae
666 2600 936 2641 bibliothecas
958 2601 1238 2652 perscrutatus
1262 2599 1322 2639 est
1339 2596 1475 2638 Routh
1499 2597 1679 2638 codicem

176 2673 250 2724 qui
291 2675 500 2716 saeculum
542 2675 747 2716 decimum
789 2675 925 2715 aetate
966 2674 1173 2726 superaret
1214 2673 1350 2725 potuit
1387 2671 1568 2712 inuenire
1611 2669 1677 2723 (cf.

181 2747 334 2800 Seript.
359 2749 492 2791 eccles.
516 2749 713 2801 opuscula
733 2748 966 2799 praecipua
989 2747 1195 2798 quaedam
1217 2745 1341 2787 Oxou.
1369 2746 1476 2787 1858
1499 2759 1536 2799 p.
1564 2744 1677 2791 84]).

179 2821 401 2864 dolendum
420 2825 483 2864 est
496 2823 658 2864 Fellum
680 2834 750 2875 pro
773 2833 884 2863 more
906 2821 1021 2862 illius
1046 2820 1194 2862 aetatis
1216 2832 1319 2872 quae
1335 2819 1375 2860 in
1395 2817 1681 2860 exhauriendis
