<?xml version="1.0" encoding="UTF-8"?>
<!DOCTYPE html PUBLIC "-//W3C//DTD XHTML 1.0 Transitional//EN"
    "http://www.w3.org/TR/xhtml1/DTD/xhtml1-transitional.dtd">
<html xmlns="http://www.w3.org/1999/xhtml" xml:lang="en" lang="en">
 <head>
  <title>
</title>
<meta http-equiv="Content-Type" content="text/html;charset=utf-8" />
  <meta name='ocr-system' content='tesseract 3.04.00' />
  <meta name='ocr-capabilities' content='ocr_page ocr_carea ocr_par ocr_line ocrx_word'/>
</head>
<body>
  <div class='ocr_page' id='page_1' title='image "./corpusscriptorum03cypruoft/corpusscriptorum03cypruoft_0056.png"; bbox 0 0 2032 3248; ppageno 0'>
   <div class='ocr_carea' id='block_1_1' title="bbox 301 256 1177 306">
    <p class='ocr_par' dir='ltr' id='par_1_1' title="bbox 301 256 1177 306">
     <span class='ocr_line' id='line_1_1' title="bbox 301 256 1177 306; baseline -0.003 -14"><span class='ocrx_word' id='word_1_1' title='bbox 301 264 353 306; x_wconf 74' lang='lat' dir='ltr'>4ss</span> <span class='ocrx_word' id='word_1_2' title='bbox 932 256 1177 301; x_wconf 78' lang='lat' dir='ltr'>Appendix.</span> 
     </span>
    </p>
   </div>
   <div class='ocr_carea' id='block_1_2' title="bbox 233 362 1867 1796">
    <p class='ocr_par' dir='ltr' id='par_1_2' title="bbox 299 362 1842 759">
     <span class='ocr_line' id='line_1_2' title="bbox 300 362 1813 414; baseline -0.003 -8"><span class='ocrx_word' id='word_1_3' title='bbox 300 368 425 406; x_wconf 82' lang='lat' dir='ltr'>occisi.</span> <span class='ocrx_word' id='word_1_4' title='bbox 458 379 558 405; x_wconf 90' lang='lat' dir='ltr'>mors</span> <span class='ocrx_word' id='word_1_5' title='bbox 591 365 729 414; x_wconf 81' lang='lat' dir='ltr'>quippe</span> <span class='ocrx_word' id='word_1_6' title='bbox 760 364 1004 412; x_wconf 81' lang='lat' dir='ltr'>integriorem</span> <span class='ocrx_word' id='word_1_7' title='bbox 1036 362 1129 401; x_wconf 85' lang='lat' dir='ltr'>facit</span> <span class='ocrx_word' id='word_1_8' title='bbox 1158 363 1298 410; x_wconf 88' lang='lat' dir='ltr'>uitam,</span> <span class='ocrx_word' id='word_1_9' title='bbox 1328 374 1427 401; x_wconf 88' lang='lat' dir='ltr'>mors</span> <span class='ocrx_word' id='word_1_10' title='bbox 1459 363 1638 402; x_wconf 88' lang='lat' dir='ltr'>amissam</span> <span class='ocrx_word' id='word_1_11' title='bbox 1667 365 1813 403; x_wconf 90' lang='lat' dir='ltr'>inuenit</span> 
     </span>
     <span class='ocr_line' id='line_1_3' title="bbox 301 432 1810 486; baseline -0.003 -10"><span class='ocrx_word' id='word_1_12' title='bbox 301 438 471 486; x_wconf 82' lang='lat' dir='ltr'>gloriam.</span> <span class='ocrx_word' id='word_1_13' title='bbox 504 449 590 474; x_wconf 88' lang='lat' dir='ltr'>nam</span> <span class='ocrx_word' id='word_1_14' title='bbox 610 436 680 473; x_wconf 89' lang='lat' dir='ltr'>hoc</span> <span class='ocrx_word' id='word_1_15' title='bbox 709 445 795 482; x_wconf 87' lang='lat' dir='ltr'>spes</span> <span class='ocrx_word' id='word_1_16' title='bbox 817 434 892 472; x_wconf 88' lang='lat' dir='ltr'>iam</span> <span class='ocrx_word' id='word_1_17' title='bbox 913 432 1052 471; x_wconf 88' lang='lat' dir='ltr'>amissa</span> <span class='ocrx_word' id='word_1_18' title='bbox 1072 432 1293 481; x_wconf 77' lang='lat' dir='ltr'>percipitur,</span> <span class='ocrx_word' id='word_1_19' title='bbox 1317 432 1420 470; x_wconf 88' lang='lat' dir='ltr'>salus</span> <span class='ocrx_word' id='word_1_20' title='bbox 1442 434 1578 471; x_wconf 85' lang='lat' dir='ltr'>cuncta</span> <span class='ocrx_word' id='word_1_21' title='bbox 1599 435 1810 481; x_wconf 85' lang='lat' dir='ltr'>reparatur.</span> 
     </span>
     <span class='ocr_line' id='line_1_4' title="bbox 300 501 1813 544; baseline -0.003 0"><span class='ocrx_word' id='word_1_22' title='bbox 300 506 354 544; x_wconf 82' lang='lat' dir='ltr'>sie</span> <span class='ocrx_word' id='word_1_23' title='bbox 393 518 476 544; x_wconf 88' lang='lat' dir='ltr'>cum</span> <span class='ocrx_word' id='word_1_24' title='bbox 511 504 710 543; x_wconf 88' lang='lat' dir='ltr'>arantibus</span> <span class='ocrx_word' id='word_1_25' title='bbox 746 504 916 541; x_wconf 89' lang='lat' dir='ltr'>sementa</span> <span class='ocrx_word' id='word_1_26' title='bbox 952 501 1161 540; x_wconf 87' lang='lat' dir='ltr'>defecerint</span> <span class='ocrx_word' id='word_1_27' title='bbox 1198 503 1236 540; x_wconf 89' lang='lat' dir='ltr'>et</span> <span class='ocrx_word' id='word_1_28' title='bbox 1272 501 1401 539; x_wconf 89' lang='lat' dir='ltr'>herbis</span> <span class='ocrx_word' id='word_1_29' title='bbox 1431 503 1533 540; x_wconf 88' lang='lat' dir='ltr'>terra</span> <span class='ocrx_word' id='word_1_30' title='bbox 1564 502 1813 540; x_wconf 89' lang='lat' dir='ltr'>morientibus</span> 
     </span>
     <span class='ocr_line' id='line_1_5' title="bbox 300 571 1814 621; baseline -0.003 -9"><span class='ocrx_word' id='word_1_31' title='bbox 300 574 497 621; x_wconf 91' lang='lat' dir='ltr'>aestuarit,</span> <span class='ocrx_word' id='word_1_32' title='bbox 531 572 677 621; x_wconf 79' lang='lat' dir='ltr'>supinis</span> <span class='ocrx_word' id='word_1_33' title='bbox 707 583 726 611; x_wconf 92' lang='lat' dir='ltr'>e</span> <span class='ocrx_word' id='word_1_34' title='bbox 756 571 916 610; x_wconf 87' lang='lat' dir='ltr'>collibus</span> <span class='ocrx_word' id='word_1_35' title='bbox 953 571 1110 609; x_wconf 88' lang='lat' dir='ltr'>fluuium</span> <span class='ocrx_word' id='word_1_36' title='bbox 1150 571 1248 609; x_wconf 88' lang='lat' dir='ltr'>iuuit</span> <span class='ocrx_word' id='word_1_37' title='bbox 1284 571 1418 609; x_wconf 85' lang='lat' dir='ltr'>elicere</span> <span class='ocrx_word' id='word_1_38' title='bbox 1451 573 1488 609; x_wconf 86' lang='lat' dir='ltr'>et</span> <span class='ocrx_word' id='word_1_39' title='bbox 1517 571 1814 609; x_wconf 73' lang='lat' dir='ltr'>scaturientibus</span> 
     </span>
     <span class='ocr_line' id='line_1_6' title="bbox 299 640 1842 689; baseline -0.004 -7"><span class='ocrx_word' id='word_1_40' title='bbox 299 644 392 682; x_wconf 90' lang='lat' dir='ltr'>riuis</span> <span class='ocrx_word' id='word_1_41' title='bbox 429 655 522 681; x_wconf 88' lang='lat' dir='ltr'>arua</span> <span class='ocrx_word' id='word_1_42' title='bbox 559 642 730 680; x_wconf 75' lang='lat' dir='ltr'>sitientia</span> <span class='ocrx_word' id='word_1_43' title='bbox 765 643 990 689; x_wconf 86' lang='lat' dir='ltr'>temperare,</span> <span class='ocrx_word' id='word_1_44' title='bbox 1027 653 1100 689; x_wconf 90' lang='lat' dir='ltr'>quo</span> <span class='ocrx_word' id='word_1_45' title='bbox 1130 652 1169 679; x_wconf 90' lang='lat' dir='ltr'>se</span> <span class='ocrx_word' id='word_1_46' title='bbox 1199 640 1239 678; x_wconf 91' lang='lat' dir='ltr'>in</span> <span class='ocrx_word' id='word_1_47' title='bbox 1270 641 1405 679; x_wconf 87' lang='lat' dir='ltr'>uberes</span> <span class='ocrx_word' id='word_1_48' title='bbox 1435 640 1577 679; x_wconf 90' lang='lat' dir='ltr'>culmos</span> <span class='ocrx_word' id='word_1_49' title='bbox 1607 641 1710 679; x_wconf 86' lang='lat' dir='ltr'>uicta</span> <span class='ocrx_word' id='word_1_50' title='bbox 1730 640 1842 689; x_wconf 77' lang='lat' dir='ltr'>agri5</span> 
     </span>
     <span class='ocr_line' id='line_1_7' title="bbox 300 709 1816 759; baseline -0.001 -8"><span class='ocrx_word' id='word_1_51' title='bbox 300 712 478 751; x_wconf 90' lang='lat' dir='ltr'>ieiunitas</span> <span class='ocrx_word' id='word_1_52' title='bbox 507 712 685 750; x_wconf 80' lang='lat' dir='ltr'>funderet</span> <span class='ocrx_word' id='word_1_53' title='bbox 704 712 742 749; x_wconf 93' lang='lat' dir='ltr'>et</span> <span class='ocrx_word' id='word_1_54' title='bbox 762 710 924 759; x_wconf 88' lang='lat' dir='ltr'>pluuiali</span> <span class='ocrx_word' id='word_1_55' title='bbox 952 710 1071 748; x_wconf 82' lang='lat' dir='ltr'>imbre</span> <span class='ocrx_word' id='word_1_56' title='bbox 1100 710 1259 748; x_wconf 88' lang='lat' dir='ltr'>mentito</span> <span class='ocrx_word' id='word_1_57' title='bbox 1282 721 1390 758; x_wconf 87' lang='lat' dir='ltr'>seges</span> <span class='ocrx_word' id='word_1_58' title='bbox 1412 709 1564 748; x_wconf 83' lang='lat' dir='ltr'>densior</span> <span class='ocrx_word' id='word_1_59' title='bbox 1586 709 1816 749; x_wconf 84' lang='lat' dir='ltr'>inhorreret.</span> 
     </span>
    </p>

    <p class='ocr_par' dir='ltr' id='par_1_3' title="bbox 233 778 1867 1796">
     <span class='ocr_line' id='line_1_8' title="bbox 233 778 1813 829; baseline -0.002 -8"><span class='ocrx_word' id='word_1_60' title='bbox 233 785 287 822; x_wconf 86' lang='lat'>24</span> <span class='ocrx_word' id='word_1_61' title='bbox 359 781 456 827; x_wconf 79' lang='lat' dir='ltr'>Quid</span> <span class='ocrx_word' id='word_1_62' title='bbox 486 781 617 829; x_wconf 83' lang='lat' dir='ltr'>igitur,</span> <span class='ocrx_word' id='word_1_63' title='bbox 649 780 788 818; x_wconf 84' lang='lat' dir='ltr'>fratres</span> <span class='ocrx_word' id='word_1_64' title='bbox 817 779 1019 826; x_wconf 81' lang='lat' dir='ltr'>carissimi,</span> <span class='ocrx_word' id='word_1_65' title='bbox 1054 779 1295 827; x_wconf 86' lang='lat' dir='ltr'>potissimum</span> <span class='ocrx_word' id='word_1_66' title='bbox 1316 779 1478 817; x_wconf 85' lang='lat' dir='ltr'>referam</span> <span class='ocrx_word' id='word_1_67' title='bbox 1500 778 1637 826; x_wconf 88' lang='lat' dir='ltr'>quidue</span> <span class='ocrx_word' id='word_1_68' title='bbox 1659 778 1813 818; x_wconf 80' lang='lat' dir='ltr'>dicam?</span> 
     </span>
     <span class='ocr_line' id='line_1_9' title="bbox 302 847 1813 896; baseline -0.001 -9"><span class='ocrx_word' id='word_1_69' title='bbox 302 850 355 888; x_wconf 88' lang='lat' dir='ltr'>sic</span> <span class='ocrx_word' id='word_1_70' title='bbox 377 850 415 887; x_wconf 90' lang='lat' dir='ltr'>in</span> <span class='ocrx_word' id='word_1_71' title='bbox 436 862 552 887; x_wconf 88' lang='lat' dir='ltr'>unum</span> <span class='ocrx_word' id='word_1_72' title='bbox 574 849 885 888; x_wconf 90' lang='lat' dir='ltr'>conuenientibus</span> <span class='ocrx_word' id='word_1_73' title='bbox 907 848 1033 886; x_wconf 89' lang='lat' dir='ltr'>titulis</span> <span class='ocrx_word' id='word_1_74' title='bbox 1057 847 1258 896; x_wconf 85' lang='lat' dir='ltr'>dignitatis</span> <span class='ocrx_word' id='word_1_75' title='bbox 1294 848 1470 886; x_wconf 88' lang='lat' dir='ltr'>turbatur</span> <span class='ocrx_word' id='word_1_76' title='bbox 1500 849 1661 895; x_wconf 87' lang='lat' dir='ltr'>animus,</span> <span class='ocrx_word' id='word_1_77' title='bbox 1694 848 1813 887; x_wconf 86' lang='lat' dir='ltr'>dedu-</span> 
     </span>
     <span class='ocr_line' id='line_1_10' title="bbox 302 916 1814 966; baseline -0.001 -10"><span class='ocrx_word' id='word_1_78' title='bbox 302 919 400 957; x_wconf 88' lang='lat' dir='ltr'>citur</span> <span class='ocrx_word' id='word_1_79' title='bbox 430 930 562 957; x_wconf 88' lang='lat' dir='ltr'>sensus</span> <span class='ocrx_word' id='word_1_80' title='bbox 583 921 620 957; x_wconf 91' lang='lat' dir='ltr'>et</span> <span class='ocrx_word' id='word_1_81' title='bbox 650 918 689 956; x_wconf 91' lang='lat' dir='ltr'>in</span> <span class='ocrx_word' id='word_1_82' title='bbox 710 918 791 966; x_wconf 83' lang='lat' dir='ltr'>ipso</span> <span class='ocrx_word' id='word_1_83' title='bbox 824 919 960 957; x_wconf 90' lang='lat' dir='ltr'>conatu</span> <span class='ocrx_word' id='word_1_84' title='bbox 988 917 1148 955; x_wconf 87' lang='lat' dir='ltr'>nitentis</span> <span class='ocrx_word' id='word_1_85' title='bbox 1179 916 1320 965; x_wconf 91' lang='lat' dir='ltr'>eloquii</span> <span class='ocrx_word' id='word_1_86' title='bbox 1341 917 1463 965; x_wconf 86' lang='lat' dir='ltr'>impar</span> <span class='ocrx_word' id='word_1_87' title='bbox 1485 929 1606 956; x_wconf 86' lang='lat' dir='ltr'>sermo</span> <span class='ocrx_word' id='word_1_88' title='bbox 1629 918 1814 956; x_wconf 87' lang='lat' dir='ltr'>uanescit.</span> 
     </span>
     <span class='ocr_line' id='line_1_11' title="bbox 303 985 1862 1036; baseline -0.001 -11"><span class='ocrx_word' id='word_1_89' title='bbox 303 988 394 1036; x_wconf 87' lang='lat' dir='ltr'>quid</span> <span class='ocrx_word' id='word_1_90' title='bbox 415 988 515 1026; x_wconf 87' lang='lat' dir='ltr'>enim</span> <span class='ocrx_word' id='word_1_91' title='bbox 537 989 595 1026; x_wconf 90' lang='lat' dir='ltr'>est</span> <span class='ocrx_word' id='word_1_92' title='bbox 617 987 690 1025; x_wconf 86' lang='lat' dir='ltr'>dici</span> <span class='ocrx_word' id='word_1_93' title='bbox 713 988 812 1035; x_wconf 87' lang='lat' dir='ltr'>quod</span> <span class='ocrx_word' id='word_1_94' title='bbox 834 987 928 1024; x_wconf 91' lang='lat' dir='ltr'>satis</span> <span class='ocrx_word' id='word_1_95' title='bbox 948 997 1030 1024; x_wconf 91' lang='lat' dir='ltr'>esse</span> <span class='ocrx_word' id='word_1_96' title='bbox 1051 985 1186 1034; x_wconf 90' lang='lat' dir='ltr'>possit,</span> <span class='ocrx_word' id='word_1_97' title='bbox 1211 997 1294 1023; x_wconf 88' lang='lat' dir='ltr'>cum</span> <span class='ocrx_word' id='word_1_98' title='bbox 1318 986 1350 1023; x_wconf 91' lang='lat' dir='ltr'>si</span> <span class='ocrx_word' id='word_1_99' title='bbox 1372 986 1448 1023; x_wconf 89' lang='lat' dir='ltr'>uim</span> <span class='ocrx_word' id='word_1_100' title='bbox 1479 988 1653 1024; x_wconf 87' lang='lat' dir='ltr'>aeternae</span> <span class='ocrx_word' id='word_1_101' title='bbox 1677 987 1814 1025; x_wconf 86' lang='lat' dir='ltr'>salutis</span> <span class='ocrx_word' id='word_1_102' title='bbox 1830 999 1862 1024; x_wconf 90' lang='lat'>10</span> 
     </span>
     <span class='ocr_line' id='line_1_12' title="bbox 302 1055 1818 1105; baseline -0.002 -9"><span class='ocrx_word' id='word_1_103' title='bbox 302 1058 548 1105; x_wconf 84' lang='lat' dir='ltr'>expresseris,</span> <span class='ocrx_word' id='word_1_104' title='bbox 580 1058 752 1096; x_wconf 89' lang='lat' dir='ltr'>occurrat</span> <span class='ocrx_word' id='word_1_105' title='bbox 781 1055 950 1101; x_wconf 87' lang='lat' dir='ltr'>ambitio,</span> <span class='ocrx_word' id='word_1_106' title='bbox 974 1055 1008 1093; x_wconf 90' lang='lat' dir='ltr'>si</span> <span class='ocrx_word' id='word_1_107' title='bbox 1029 1055 1212 1093; x_wconf 85' lang='lat' dir='ltr'>ambitum</span> <span class='ocrx_word' id='word_1_108' title='bbox 1240 1055 1393 1102; x_wconf 81' lang='lat' dir='ltr'>dixeris,</span> <span class='ocrx_word' id='word_1_109' title='bbox 1423 1056 1645 1103; x_wconf 85' lang='lat' dir='ltr'>praeueniat</span> <span class='ocrx_word' id='word_1_110' title='bbox 1666 1055 1818 1104; x_wconf 87' lang='lat' dir='ltr'>magni-</span> 
     </span>
     <span class='ocr_line' id='line_1_13' title="bbox 301 1125 1818 1173; baseline -0.001 -8"><span class='ocrx_word' id='word_1_111' title='bbox 301 1128 419 1165; x_wconf 81' lang='lat' dir='ltr'>tudo?</span> <span class='ocrx_word' id='word_1_112' title='bbox 453 1138 515 1164; x_wconf 89' lang='lat' dir='ltr'>res</span> <span class='ocrx_word' id='word_1_113' title='bbox 538 1125 651 1164; x_wconf 86' lang='lat' dir='ltr'>simul</span> <span class='ocrx_word' id='word_1_114' title='bbox 674 1126 886 1173; x_wconf 81' lang='lat' dir='ltr'>congruunt</span> <span class='ocrx_word' id='word_1_115' title='bbox 908 1125 1095 1172; x_wconf 88' lang='lat' dir='ltr'>simulque</span> <span class='ocrx_word' id='word_1_116' title='bbox 1118 1126 1358 1171; x_wconf 84' lang='lat' dir='ltr'>concurrunt,</span> <span class='ocrx_word' id='word_1_117' title='bbox 1380 1135 1449 1162; x_wconf 87' lang='lat' dir='ltr'>nec</span> <span class='ocrx_word' id='word_1_118' title='bbox 1470 1126 1528 1162; x_wconf 89' lang='lat' dir='ltr'>est</span> <span class='ocrx_word' id='word_1_119' title='bbox 1546 1125 1645 1172; x_wconf 89' lang='lat' dir='ltr'>quod</span> <span class='ocrx_word' id='word_1_120' title='bbox 1661 1125 1818 1173; x_wconf 86' lang='lat' dir='ltr'>dignum</span> 
     </span>
     <span class='ocr_line' id='line_1_14' title="bbox 302 1193 1817 1245; baseline -0.002 -11"><span class='ocrx_word' id='word_1_121' title='bbox 302 1196 570 1245; x_wconf 83' lang='lat' dir='ltr'>proferendum</span> <span class='ocrx_word' id='word_1_122' title='bbox 591 1207 674 1233; x_wconf 91' lang='lat' dir='ltr'>esse</span> <span class='ocrx_word' id='word_1_123' title='bbox 696 1194 882 1234; x_wconf 89' lang='lat' dir='ltr'>uideatur.</span> <span class='ocrx_word' id='word_1_124' title='bbox 915 1194 970 1232; x_wconf 90' lang='lat' dir='ltr'>ita</span> <span class='ocrx_word' id='word_1_125' title='bbox 991 1193 1143 1242; x_wconf 89' lang='lat' dir='ltr'>inpetus</span> <span class='ocrx_word' id='word_1_126' title='bbox 1165 1194 1346 1232; x_wconf 88' lang='lat' dir='ltr'>orationis</span> <span class='ocrx_word' id='word_1_127' title='bbox 1377 1193 1552 1232; x_wconf 88' lang='lat' dir='ltr'>audentis</span> <span class='ocrx_word' id='word_1_128' title='bbox 1574 1194 1680 1231; x_wconf 83' lang='lat' dir='ltr'>uelut</span> <span class='ocrx_word' id='word_1_129' title='bbox 1701 1194 1817 1241; x_wconf 89' lang='lat' dir='ltr'>inpli-</span> 
     </span>
     <span class='ocr_line' id='line_1_15' title="bbox 303 1262 1856 1314; baseline -0.002 -11"><span class='ocrx_word' id='word_1_130' title='bbox 303 1267 408 1304; x_wconf 85' lang='lat' dir='ltr'>cat-os</span> <span class='ocrx_word' id='word_1_131' title='bbox 445 1265 695 1312; x_wconf 86' lang='lat' dir='ltr'>inretitosque</span> <span class='ocrx_word' id='word_1_132' title='bbox 731 1264 880 1302; x_wconf 88' lang='lat' dir='ltr'>obuiam</span> <span class='ocrx_word' id='word_1_133' title='bbox 909 1274 953 1301; x_wconf 82' lang='lat' dir='ltr'>ex</span> <span class='ocrx_word' id='word_1_134' title='bbox 983 1264 1142 1301; x_wconf 87' lang='lat' dir='ltr'>aduerso</span> <span class='ocrx_word' id='word_1_135' title='bbox 1183 1262 1358 1311; x_wconf 83' lang='lat' dir='ltr'>martyrii</span> <span class='ocrx_word' id='word_1_136' title='bbox 1394 1263 1564 1311; x_wconf 81' lang='lat' dir='ltr'>exempla</span> <span class='ocrx_word' id='word_1_137' title='bbox 1599 1265 1815 1301; x_wconf 88' lang='lat' dir='ltr'>tenuerunt.</span> <span class='ocrx_word' id='word_1_138' title='bbox 1853 1312 1856 1314; x_wconf 66' lang='lat'>‚</span> 
     </span>
     <span class='ocr_line' id='line_1_16' title="bbox 304 1332 1863 1383; baseline -0.001 -12"><span class='ocrx_word' id='word_1_139' title='bbox 304 1345 399 1382; x_wconf 86' lang='lat' dir='ltr'>quae</span> <span class='ocrx_word' id='word_1_140' title='bbox 421 1346 506 1383; x_wconf 84' lang='lat' dir='ltr'>uox,</span> <span class='ocrx_word' id='word_1_141' title='bbox 539 1346 634 1382; x_wconf 84' lang='lat' dir='ltr'>quae</span> <span class='ocrx_word' id='word_1_142' title='bbox 664 1334 798 1380; x_wconf 87' lang='lat' dir='ltr'>latera,</span> <span class='ocrx_word' id='word_1_143' title='bbox 822 1345 917 1381; x_wconf 90' lang='lat' dir='ltr'>quae</span> <span class='ocrx_word' id='word_1_144' title='bbox 949 1332 1049 1371; x_wconf 88' lang='lat' dir='ltr'>uires</span> <span class='ocrx_word' id='word_1_145' title='bbox 1073 1332 1196 1370; x_wconf 88' lang='lat' dir='ltr'>instar</span> <span class='ocrx_word' id='word_1_146' title='bbox 1217 1333 1383 1370; x_wconf 88' lang='lat' dir='ltr'>muneris</span> <span class='ocrx_word' id='word_1_147' title='bbox 1404 1332 1504 1370; x_wconf 89' lang='lat' dir='ltr'>tanti</span> <span class='ocrx_word' id='word_1_148' title='bbox 1525 1332 1676 1380; x_wconf 84' lang='lat' dir='ltr'>capiant</span> <span class='ocrx_word' id='word_1_149' title='bbox 1698 1332 1815 1370; x_wconf 85' lang='lat' dir='ltr'>susti·</span> <span class='ocrx_word' id='word_1_150' title='bbox 1832 1344 1863 1369; x_wconf 86' lang='lat'>15</span> 
     </span>
     <span class='ocr_line' id='line_1_17' title="bbox 303 1401 1817 1449; baseline -0.002 -8"><span class='ocrx_word' id='word_1_151' title='bbox 303 1406 420 1441; x_wconf 78' lang='lat' dir='ltr'>nere?</span> <span class='ocrx_word' id='word_1_152' title='bbox 453 1403 689 1442; x_wconf 85' lang='lat' dir='ltr'>confessione</span> <span class='ocrx_word' id='word_1_153' title='bbox 710 1402 813 1441; x_wconf 88' lang='lat' dir='ltr'>uocis</span> <span class='ocrx_word' id='word_1_154' title='bbox 836 1402 949 1440; x_wconf 89' lang='lat' dir='ltr'>unius</span> <span class='ocrx_word' id='word_1_155' title='bbox 970 1403 1131 1440; x_wconf 85' lang='lat' dir='ltr'>aduersa</span> <span class='ocrx_word' id='word_1_156' title='bbox 1154 1401 1413 1449; x_wconf 87' lang='lat' dir='ltr'>succumbunt,</span> <span class='ocrx_word' id='word_1_157' title='bbox 1447 1401 1547 1439; x_wconf 85' lang='lat' dir='ltr'>laeta</span> <span class='ocrx_word' id='word_1_158' title='bbox 1575 1401 1817 1449; x_wconf 86' lang='lat' dir='ltr'>proueniunt,</span> 
     </span>
     <span class='ocr_line' id='line_1_18' title="bbox 303 1470 1818 1520; baseline -0.002 -10"><span class='ocrx_word' id='word_1_159' title='bbox 303 1474 437 1520; x_wconf 86' lang='lat' dir='ltr'>patent</span> <span class='ocrx_word' id='word_1_160' title='bbox 458 1483 595 1520; x_wconf 84' lang='lat' dir='ltr'>regna,</span> <span class='ocrx_word' id='word_1_161' title='bbox 617 1473 799 1519; x_wconf 88' lang='lat' dir='ltr'>parantur</span> <span class='ocrx_word' id='word_1_162' title='bbox 820 1471 1001 1520; x_wconf 86' lang='lat' dir='ltr'>imperia,</span> <span class='ocrx_word' id='word_1_163' title='bbox 1023 1470 1290 1509; x_wconf 88' lang='lat' dir='ltr'>deuinciuntur</span> <span class='ocrx_word' id='word_1_164' title='bbox 1310 1481 1470 1519; x_wconf 87' lang='lat' dir='ltr'>poenae,</span> <span class='ocrx_word' id='word_1_165' title='bbox 1492 1482 1592 1508; x_wconf 89' lang='lat' dir='ltr'>mors</span> <span class='ocrx_word' id='word_1_166' title='bbox 1614 1470 1818 1518; x_wconf 84' lang='lat' dir='ltr'>subigitur,</span> 
     </span>
     <span class='ocr_line' id='line_1_19' title="bbox 304 1539 1818 1589; baseline -0.002 -10"><span class='ocrx_word' id='word_1_167' title='bbox 304 1542 387 1579; x_wconf 89' lang='lat' dir='ltr'>uita</span> <span class='ocrx_word' id='word_1_168' title='bbox 415 1541 606 1589; x_wconf 86' lang='lat' dir='ltr'>profertur</span> <span class='ocrx_word' id='word_1_169' title='bbox 636 1542 672 1579; x_wconf 85' lang='lat' dir='ltr'>et</span> <span class='ocrx_word' id='word_1_170' title='bbox 701 1540 920 1578; x_wconf 82' lang='lat' dir='ltr'>infestantis</span> <span class='ocrx_word' id='word_1_171' title='bbox 951 1539 1094 1577; x_wconf 87' lang='lat' dir='ltr'>inimici</span> <span class='ocrx_word' id='word_1_172' title='bbox 1123 1540 1377 1587; x_wconf 82' lang='lat' dir='ltr'>repugnantia</span> <span class='ocrx_word' id='word_1_173' title='bbox 1406 1551 1509 1577; x_wconf 86' lang='lat' dir='ltr'>arma</span> <span class='ocrx_word' id='word_1_174' title='bbox 1540 1539 1753 1577; x_wconf 87' lang='lat' dir='ltr'>soluuntur.</span> <span class='ocrx_word' id='word_1_175' title='bbox 1787 1539 1818 1577; x_wconf 88' lang='lat' dir='ltr'>si</span> 
     </span>
     <span class='ocr_line' id='line_1_20' title="bbox 304 1608 1819 1657; baseline -0.002 -9"><span class='ocrx_word' id='word_1_176' title='bbox 304 1611 483 1648; x_wconf 85' lang='lat' dir='ltr'>delictum</span> <span class='ocrx_word' id='word_1_177' title='bbox 505 1612 575 1657; x_wconf 87' lang='lat' dir='ltr'>est,</span> <span class='ocrx_word' id='word_1_178' title='bbox 599 1610 753 1648; x_wconf 84' lang='lat' dir='ltr'>occidit:</span> <span class='ocrx_word' id='word_1_179' title='bbox 777 1610 811 1647; x_wconf 90' lang='lat' dir='ltr'>si</span> <span class='ocrx_word' id='word_1_180' title='bbox 826 1610 979 1655; x_wconf 86' lang='lat' dir='ltr'>crimen,</span> <span class='ocrx_word' id='word_1_181' title='bbox 1002 1609 1169 1646; x_wconf 85' lang='lat' dir='ltr'>absistit.</span> <span class='ocrx_word' id='word_1_182' title='bbox 1191 1610 1302 1655; x_wconf 80' lang='lat' dir='ltr'>unde,</span> <span class='ocrx_word' id='word_1_183' title='bbox 1325 1619 1463 1656; x_wconf 88' lang='lat' dir='ltr'>quaeso</span> <span class='ocrx_word' id='word_1_184' title='bbox 1485 1620 1565 1655; x_wconf 87' lang='lat' dir='ltr'>uos,</span> <span class='ocrx_word' id='word_1_185' title='bbox 1588 1608 1727 1646; x_wconf 87' lang='lat' dir='ltr'>uestris</span> <span class='ocrx_word' id='word_1_186' title='bbox 1749 1608 1819 1646; x_wconf 89' lang='lat' dir='ltr'>hoc</span> 
     </span>
     <span class='ocr_line' id='line_1_21' title="bbox 303 1664 1867 1728; baseline -0.003 -11"><span class='ocrx_word' id='word_1_187' title='bbox 303 1680 496 1717; x_wconf 88' lang='lat' dir='ltr'>mentibus</span> <span class='ocrx_word' id='word_1_188' title='bbox 528 1680 733 1728; x_wconf 87' lang='lat' dir='ltr'>ponderate</span> <span class='ocrx_word' id='word_1_189' title='bbox 763 1681 987 1726; x_wconf 84' lang='lat' dir='ltr'>tantumque</span> <span class='ocrx_word' id='word_1_190' title='bbox 1016 1678 1061 1717; x_wconf 87' lang='lat' dir='ltr'>de</span> <span class='ocrx_word' id='word_1_191' title='bbox 1089 1680 1221 1716; x_wconf 88' lang='lat' dir='ltr'>nostra</span> <span class='ocrx_word' id='word_1_192' title='bbox 1243 1678 1412 1716; x_wconf 86' lang='lat' dir='ltr'>oratione</span> <span class='ocrx_word' id='word_1_193' title='bbox 1433 1678 1616 1726; x_wconf 91' lang='lat' dir='ltr'>percipite</span> <span class='ocrx_word' id='word_1_194' title='bbox 1638 1664 1820 1725; x_wconf 82' lang='lat' dir='ltr'>quantum</span> <span class='ocrx_word' id='word_1_195' title='bbox 1833 1688 1867 1713; x_wconf 85' lang='lat'>20</span> 
     </span>
     <span class='ocr_line' id='line_1_22' title="bbox 304 1749 826 1796; baseline 0 -10"><span class='ocrx_word' id='word_1_196' title='bbox 304 1749 434 1787; x_wconf 84' lang='lat' dir='ltr'>sciatis</span> <span class='ocrx_word' id='word_1_197' title='bbox 455 1760 522 1787; x_wconf 89' lang='lat' dir='ltr'>uos</span> <span class='ocrx_word' id='word_1_198' title='bbox 543 1760 654 1796; x_wconf 86' lang='lat' dir='ltr'>posse</span> <span class='ocrx_word' id='word_1_199' title='bbox 676 1749 826 1787; x_wconf 89' lang='lat' dir='ltr'>sentire.</span> 
     </span>
    </p>
   </div>
   <div class='ocr_carea' id='block_1_3' title="bbox 304 1906 1846 2936">
    <p class='ocr_par' dir='ltr' id='par_1_4' title="bbox 304 1906 1846 2936">
     <span class='ocr_line' id='line_1_23' title="bbox 398 1906 1821 1953; baseline -0.002 -11"><span class='ocrx_word' id='word_1_200' title='bbox 398 1909 417 1942; x_wconf 91' lang='lat'>1</span> <span class='ocrx_word' id='word_1_201' title='bbox 444 1908 573 1953; x_wconf 89' lang='lat' dir='ltr'>quippe</span> <span class='ocrx_word' id='word_1_202' title='bbox 598 1919 663 1942; x_wconf 82' lang='lat' dir='ltr'>om.</span> <span class='ocrx_word' id='word_1_203' title='bbox 693 1908 722 1953; x_wconf 90' lang='grc' dir='ltr'><em>Ω</em></span> <span class='ocrx_word' id='word_1_204' title='bbox 863 1907 993 1941; x_wconf 86' lang='lat' dir='ltr'>amissa</span> <span class='ocrx_word' id='word_1_205' title='bbox 1019 1907 1137 1941; x_wconf 86' lang='lat' dir='ltr'><strong><em>LS¹T</em></strong></span> <span class='ocrx_word' id='word_1_206' title='bbox 1281 1907 1302 1940; x_wconf 77' lang='lat'>2</span> <span class='ocrx_word' id='word_1_207' title='bbox 1328 1906 1524 1951; x_wconf 83' lang='lat' dir='ltr'>percipitur</span> <span class='ocrx_word' id='word_1_208' title='bbox 1549 1916 1641 1940; x_wconf 76' lang='lat' dir='ltr'>corr.</span> <span class='ocrx_word' id='word_1_209' title='bbox 1668 1906 1709 1939; x_wconf 74' lang='lat' dir='ltr'>in</span> <span class='ocrx_word' id='word_1_210' title='bbox 1734 1906 1821 1939; x_wconf 85' lang='lat' dir='ltr'>reci-</span> 
     </span>
     <span class='ocr_line' id='line_1_24' title="bbox 304 1963 1821 2011; baseline -0.001 -12"><span class='ocrx_word' id='word_1_211' title='bbox 304 1965 403 2010; x_wconf 86' lang='lat' dir='ltr'>pitur</span> <span class='ocrx_word' id='word_1_212' title='bbox 424 1966 454 2000; x_wconf 99' lang='lat' dir='ltr'><strong><em>S</em></strong></span> <span class='ocrx_word' id='word_1_213' title='bbox 467 1978 512 2000; x_wconf 79' lang='lat' dir='ltr'>m.</span> <span class='ocrx_word' id='word_1_214' title='bbox 530 1968 555 2000; x_wconf 74' lang='lat'><strong><em>2</em></strong></span> <span class='ocrx_word' id='word_1_215' title='bbox 650 1966 746 2000; x_wconf 84' lang='lat' dir='ltr'>salus</span> <span class='ocrx_word' id='word_1_216' title='bbox 765 1966 802 2007; x_wconf 91' lang='lat' dir='ltr'>S,</span> <span class='ocrx_word' id='word_1_217' title='bbox 829 1966 893 2001; x_wconf 88' lang='lat' dir='ltr'>hoc</span> <span class='ocrx_word' id='word_1_218' title='bbox 911 1966 1008 2000; x_wconf 89' lang='lat' dir='ltr'>salus</span> <span class='ocrx_word' id='word_1_219' title='bbox 1026 1965 1194 2011; x_wconf 74' lang='lat' dir='ltr'><em>LNQTv</em></span> <span class='ocrx_word' id='word_1_220' title='bbox 1289 1965 1310 1999; x_wconf 85' lang='lat'>3</span> <span class='ocrx_word' id='word_1_221' title='bbox 1336 1964 1520 1999; x_wconf 83' lang='lat' dir='ltr'>arantibus</span> <span class='ocrx_word' id='word_1_222' title='bbox 1539 1964 1611 2009; x_wconf 67' lang='grc' dir='ltr'>ΕΩ,</span> <span class='ocrx_word' id='word_1_223' title='bbox 1637 1963 1821 1998; x_wconf 85' lang='lat' dir='ltr'>arentibus</span> 
     </span>
     <span class='ocr_line' id='line_1_25' title="bbox 306 2022 1822 2069; baseline -0.001 -11"><span class='ocrx_word' id='word_1_224' title='bbox 306 2024 424 2066; x_wconf 57' lang='lat' dir='ltr'>LKT,</span> <span class='ocrx_word' id='word_1_225' title='bbox 452 2023 635 2059; x_wconf 82' lang='lat' dir='ltr'>arentibus</span> <span class='ocrx_word' id='word_1_226' title='bbox 661 2025 794 2069; x_wconf 83' lang='lat' dir='ltr'>campis</span> <span class='ocrx_word' id='word_1_227' title='bbox 819 2037 840 2060; x_wconf 71' lang='lat' dir='ltr'><em>v</em></span> <span class='ocrx_word' id='word_1_228' title='bbox 987 2024 1140 2059; x_wconf 88' lang='lat' dir='ltr'>simenta</span> <span class='ocrx_word' id='word_1_229' title='bbox 1166 2024 1366 2058; x_wconf 85' lang='lat' dir='ltr'>defecerent</span> <span class='ocrx_word' id='word_1_230' title='bbox 1392 2023 1437 2058; x_wconf 87' lang='lat' dir='ltr'><strong><em>S¹</em></strong></span> <span class='ocrx_word' id='word_1_231' title='bbox 1583 2023 1693 2068; x_wconf 82' lang='lat' dir='ltr'>terra]</span> <span class='ocrx_word' id='word_1_232' title='bbox 1722 2022 1822 2057; x_wconf 89' lang='lat' dir='ltr'>sicci-</span> 
     </span>
     <span class='ocr_line' id='line_1_26' title="bbox 305 2079 1778 2127; baseline -0.001 -12"><span class='ocrx_word' id='word_1_233' title='bbox 305 2083 382 2116; x_wconf 81' lang='lat' dir='ltr'>tate</span> <span class='ocrx_word' id='word_1_234' title='bbox 408 2082 493 2117; x_wconf 80' lang='lat' dir='ltr'>add.</span> <span class='ocrx_word' id='word_1_235' title='bbox 514 2083 550 2117; x_wconf 90' lang='lat' dir='ltr'><em>L</em></span> <span class='ocrx_word' id='word_1_236' title='bbox 665 2083 687 2117; x_wconf 82' lang='lat'>4</span> <span class='ocrx_word' id='word_1_237' title='bbox 713 2084 893 2117; x_wconf 80' lang='lat' dir='ltr'>aestuaret</span> <span class='ocrx_word' id='word_1_238' title='bbox 920 2082 963 2117; x_wconf 88' lang='lat' dir='ltr'><strong><em>S¹</em></strong></span> <span class='ocrx_word' id='word_1_239' title='bbox 1081 2082 1178 2116; x_wconf 88' lang='lat' dir='ltr'>iubit</span> <span class='ocrx_word' id='word_1_240' title='bbox 1195 2082 1308 2127; x_wconf 75' lang='lat' dir='ltr'>LQT,</span> <span class='ocrx_word' id='word_1_241' title='bbox 1333 2081 1435 2115; x_wconf 89' lang='lat' dir='ltr'>iuuat</span> <span class='ocrx_word' id='word_1_242' title='bbox 1461 2092 1506 2115; x_wconf 73' lang='lat' dir='ltr'>ex</span> <span class='ocrx_word' id='word_1_243' title='bbox 1522 2080 1622 2115; x_wconf 85' lang='lat' dir='ltr'>iuuet</span> <span class='ocrx_word' id='word_1_244' title='bbox 1645 2079 1674 2114; x_wconf 98' lang='lat' dir='ltr'><strong><em>S</em></strong></span> <span class='ocrx_word' id='word_1_245' title='bbox 1689 2092 1734 2115; x_wconf 84' lang='lat' dir='ltr'>m.</span> <span class='ocrx_word' id='word_1_246' title='bbox 1752 2082 1778 2114; x_wconf 76' lang='lat'><strong><em>2</em></strong></span> 
     </span>
     <span class='ocr_line' id='line_1_27' title="bbox 307 2138 1822 2185; baseline -0.001 -12"><span class='ocrx_word' id='word_1_247' title='bbox 307 2139 439 2185; x_wconf 83' lang='lat' dir='ltr'>eligere</span> <span class='ocrx_word' id='word_1_248' title='bbox 465 2141 551 2182; x_wconf 85' lang='lat' dir='ltr'>LN,</span> <span class='ocrx_word' id='word_1_249' title='bbox 576 2141 707 2175; x_wconf 82' lang='lat' dir='ltr'>eiecere</span> <span class='ocrx_word' id='word_1_250' title='bbox 726 2141 769 2175; x_wconf 87' lang='lat' dir='ltr'><strong><em>S¹</em></strong></span> <span class='ocrx_word' id='word_1_251' title='bbox 886 2140 1184 2175; x_wconf 86' lang='lat' dir='ltr'>scaturrientibus</span> <span class='ocrx_word' id='word_1_252' title='bbox 1203 2140 1312 2185; x_wconf 74' lang='lat' dir='ltr'>LNQ</span> <span class='ocrx_word' id='word_1_253' title='bbox 1422 2139 1443 2173; x_wconf 83' lang='lat'>5</span> <span class='ocrx_word' id='word_1_254' title='bbox 1467 2138 1615 2173; x_wconf 82' lang='lat' dir='ltr'>liberius</span> <span class='ocrx_word' id='word_1_255' title='bbox 1640 2139 1678 2172; x_wconf 89' lang='lat' dir='ltr'>in</span> <span class='ocrx_word' id='word_1_256' title='bbox 1703 2148 1822 2172; x_wconf 87' lang='lat' dir='ltr'>cumu-</span> 
     </span>
     <span class='ocr_line' id='line_1_28' title="bbox 306 2196 1846 2243; baseline -0.002 -10"><span class='ocrx_word' id='word_1_257' title='bbox 306 2198 359 2232; x_wconf 84' lang='lat' dir='ltr'>los</span> <span class='ocrx_word' id='word_1_258' title='bbox 385 2210 431 2233; x_wconf 76' lang='lat' dir='ltr'>ex</span> <span class='ocrx_word' id='word_1_259' title='bbox 455 2199 492 2233; x_wconf 91' lang='lat' dir='ltr'>in</span> <span class='ocrx_word' id='word_1_260' title='bbox 517 2199 664 2233; x_wconf 88' lang='lat' dir='ltr'>liberius</span> <span class='ocrx_word' id='word_1_261' title='bbox 690 2199 849 2233; x_wconf 80' lang='lat' dir='ltr'>cumulos</span> <span class='ocrx_word' id='word_1_262' title='bbox 875 2198 905 2233; x_wconf 94' lang='lat' dir='ltr'><strong><em>S</em></strong></span> <span class='ocrx_word' id='word_1_263' title='bbox 928 2210 973 2233; x_wconf 87' lang='lat' dir='ltr'>m.</span> <span class='ocrx_word' id='word_1_264' title='bbox 1000 2200 1026 2233; x_wconf 77' lang='lat'><em>2</em></span> <span class='ocrx_word' id='word_1_265' title='bbox 1166 2198 1258 2243; x_wconf 85' lang='lat' dir='ltr'>agri]</span> <span class='ocrx_word' id='word_1_266' title='bbox 1286 2197 1370 2232; x_wconf 88' lang='lat' dir='ltr'>anni</span> <span class='ocrx_word' id='word_1_267' title='bbox 1396 2197 1425 2232; x_wconf 92' lang='lat' dir='ltr'><strong><em>S</em></strong></span> <span class='ocrx_word' id='word_1_268' title='bbox 1554 2197 1576 2231; x_wconf 82' lang='lat'>6</span> <span class='ocrx_word' id='word_1_269' title='bbox 1602 2198 1638 2231; x_wconf 86' lang='lat' dir='ltr'>et</span> <span class='ocrx_word' id='word_1_270' title='bbox 1663 2207 1728 2231; x_wconf 83' lang='lat' dir='ltr'>om.</span> <span class='ocrx_word' id='word_1_271' title='bbox 1748 2196 1781 2230; x_wconf 93' lang='lat' dir='ltr'><em>T</em></span> <span class='ocrx_word' id='word_1_272' title='bbox 1843 2198 1846 2200; x_wconf 60' lang='grc'><strong>“</strong></span> 
     </span>
     <span class='ocr_line' id='line_1_29' title="bbox 309 2253 1821 2302; baseline -0.001 -13"><span class='ocrx_word' id='word_1_273' title='bbox 309 2256 433 2301; x_wconf 85' lang='lat' dir='ltr'>pluuia</span> <span class='ocrx_word' id='word_1_274' title='bbox 461 2257 530 2302; x_wconf 99' lang='grc' dir='ltr'><em>ΩΤ</em></span> <span class='ocrx_word' id='word_1_275' title='bbox 664 2256 835 2291; x_wconf 86' lang='lat' dir='ltr'>mentitos</span> <span class='ocrx_word' id='word_1_276' title='bbox 864 2257 933 2302; x_wconf 89' lang='grc' dir='ltr'><em>ΩΤ</em></span> <span class='ocrx_word' id='word_1_277' title='bbox 1070 2257 1186 2301; x_wconf 87' lang='lat' dir='ltr'>seges]</span> <span class='ocrx_word' id='word_1_278' title='bbox 1212 2266 1318 2301; x_wconf 82' lang='lat' dir='ltr'>egens</span> <span class='ocrx_word' id='word_1_279' title='bbox 1347 2255 1386 2301; x_wconf 81' lang='grc' dir='ltr'>Ω,</span> <span class='ocrx_word' id='word_1_280' title='bbox 1413 2266 1520 2299; x_wconf 84' lang='lat' dir='ltr'>agens</span> <span class='ocrx_word' id='word_1_281' title='bbox 1548 2255 1581 2289; x_wconf 87' lang='grc' dir='ltr'><em>Τ</em></span> <span class='ocrx_word' id='word_1_282' title='bbox 1706 2254 1725 2287; x_wconf 81' lang='grc'><strong>7</strong></span> <span class='ocrx_word' id='word_1_283' title='bbox 1750 2253 1821 2287; x_wconf 86' lang='lat' dir='ltr'>fra-</span> 
     </span>
     <span class='ocr_line' id='line_1_30' title="bbox 307 2312 1821 2359; baseline -0.003 -11"><span class='ocrx_word' id='word_1_284' title='bbox 307 2316 381 2348; x_wconf 81' lang='lat' dir='ltr'>tres</span> <span class='ocrx_word' id='word_1_285' title='bbox 406 2315 583 2349; x_wconf 87' lang='lat' dir='ltr'>carissimi</span> <span class='ocrx_word' id='word_1_286' title='bbox 609 2325 674 2349; x_wconf 85' lang='lat' dir='ltr'>om.</span> <span class='ocrx_word' id='word_1_287' title='bbox 702 2314 732 2349; x_wconf 91' lang='lat' dir='ltr'><strong><em>S</em></strong></span> <span class='ocrx_word' id='word_1_288' title='bbox 869 2315 891 2348; x_wconf 83' lang='grc'>8</span> <span class='ocrx_word' id='word_1_289' title='bbox 915 2313 1137 2359; x_wconf 84' lang='lat' dir='ltr'>dignitatum</span> <span class='ocrx_word' id='word_1_290' title='bbox 1164 2313 1192 2349; x_wconf 87' lang='lat' dir='ltr'><strong><em>S</em></strong></span> <span class='ocrx_word' id='word_1_291' title='bbox 1215 2313 1278 2348; x_wconf 78' lang='lat' dir='ltr'>sed</span> <span class='ocrx_word' id='word_1_292' title='bbox 1302 2324 1362 2347; x_wconf 90' lang='lat' dir='ltr'>um</span> <span class='ocrx_word' id='word_1_293' title='bbox 1387 2324 1479 2347; x_wconf 80' lang='lat' dir='ltr'>corr.</span> <span class='ocrx_word' id='word_1_294' title='bbox 1505 2324 1552 2349; x_wconf 67' lang='lat' dir='ltr'>m.</span> <span class='ocrx_word' id='word_1_295' title='bbox 1577 2314 1603 2347; x_wconf 79' lang='lat'><em>2</em></span> <span class='ocrx_word' id='word_1_296' title='bbox 1747 2312 1821 2345; x_wconf 87' lang='lat' dir='ltr'>tor-</span> 
     </span>
     <span class='ocr_line' id='line_1_31' title="bbox 308 2368 1821 2416; baseline -0.002 -11"><span class='ocrx_word' id='word_1_297' title='bbox 308 2371 416 2406; x_wconf 85' lang='lat' dir='ltr'>batur</span> <span class='ocrx_word' id='word_1_298' title='bbox 442 2372 472 2407; x_wconf 90' lang='lat' dir='ltr'><strong><em>S</em></strong></span> <span class='ocrx_word' id='word_1_299' title='bbox 609 2372 790 2407; x_wconf 88' lang='lat' dir='ltr'>diducitur</span> <span class='ocrx_word' id='word_1_300' title='bbox 814 2372 844 2407; x_wconf 94' lang='lat' dir='ltr'><strong><em>S</em></strong></span> <span class='ocrx_word' id='word_1_301' title='bbox 867 2371 906 2406; x_wconf 91' lang='lat' dir='ltr'>di</span> <span class='ocrx_word' id='word_1_302' title='bbox 932 2383 977 2406; x_wconf 69' lang='lat' dir='ltr'>ea:</span> <span class='ocrx_word' id='word_1_303' title='bbox 1002 2371 1044 2406; x_wconf 89' lang='lat' dir='ltr'>de</span> <span class='ocrx_word' id='word_1_304' title='bbox 1068 2383 1114 2406; x_wconf 82' lang='lat' dir='ltr'>m.</span> <span class='ocrx_word' id='word_1_305' title='bbox 1140 2373 1166 2406; x_wconf 76' lang='lat'><em>2</em></span> <span class='ocrx_word' id='word_1_306' title='bbox 1282 2373 1303 2405; x_wconf 84' lang='lat'>9</span> <span class='ocrx_word' id='word_1_307' title='bbox 1329 2371 1366 2405; x_wconf 93' lang='lat' dir='ltr'>in</span> <span class='ocrx_word' id='word_1_308' title='bbox 1391 2381 1456 2405; x_wconf 82' lang='lat' dir='ltr'>om.</span> <span class='ocrx_word' id='word_1_309' title='bbox 1486 2370 1552 2416; x_wconf 91' lang='grc' dir='ltr'><em>ΩΤ</em></span> <span class='ocrx_word' id='word_1_310' title='bbox 1664 2368 1821 2402; x_wconf 87' lang='lat' dir='ltr'>nitentes</span> 
     </span>
     <span class='ocr_line' id='line_1_32' title="bbox 312 2426 1779 2475; baseline -0.003 -12"><span class='ocrx_word' id='word_1_311' title='bbox 312 2429 427 2475; x_wconf 75' lang='lat' dir='ltr'><em>QS¹T</em></span> <span class='ocrx_word' id='word_1_312' title='bbox 562 2430 679 2474; x_wconf 86' lang='lat' dir='ltr'>eloqui</span> <span class='ocrx_word' id='word_1_313' title='bbox 708 2430 777 2475; x_wconf 91' lang='grc' dir='ltr'><em>ΩΤ</em></span> <span class='ocrx_word' id='word_1_314' title='bbox 914 2429 958 2464; x_wconf 89' lang='grc'>10</span> <span class='ocrx_word' id='word_1_315' title='bbox 982 2429 1053 2463; x_wconf 88' lang='lat' dir='ltr'>dici</span> <span class='ocrx_word' id='word_1_316' title='bbox 1079 2429 1169 2463; x_wconf 89' lang='lat' dir='ltr'>satis</span> <span class='ocrx_word' id='word_1_317' title='bbox 1195 2429 1308 2473; x_wconf 88' lang='lat' dir='ltr'>possit</span> <span class='ocrx_word' id='word_1_318' title='bbox 1332 2440 1353 2464; x_wconf 86' lang='lat' dir='ltr'><em>v</em></span> <span class='ocrx_word' id='word_1_319' title='bbox 1500 2427 1594 2472; x_wconf 87' lang='lat' dir='ltr'>quod</span> <span class='ocrx_word' id='word_1_320' title='bbox 1619 2437 1684 2461; x_wconf 85' lang='lat' dir='ltr'>om.</span> <span class='ocrx_word' id='word_1_321' title='bbox 1714 2426 1779 2472; x_wconf 89' lang='grc' dir='ltr'>ΩΤ</span> 
     </span>
     <span class='ocr_line' id='line_1_33' title="bbox 313 2486 1821 2534; baseline -0.003 -12"><span class='ocrx_word' id='word_1_322' title='bbox 313 2489 356 2522; x_wconf 86' lang='grc'>11</span> <span class='ocrx_word' id='word_1_323' title='bbox 383 2489 592 2533; x_wconf 84' lang='lat' dir='ltr'>expresserit</span> <span class='ocrx_word' id='word_1_324' title='bbox 619 2489 649 2534; x_wconf 92' lang='grc' dir='ltr'><em>Ω</em></span> <span class='ocrx_word' id='word_1_325' title='bbox 800 2489 844 2523; x_wconf 80' lang='lat'>12</span> <span class='ocrx_word' id='word_1_326' title='bbox 868 2490 941 2522; x_wconf 87' lang='lat' dir='ltr'>tres</span> <span class='ocrx_word' id='word_1_327' title='bbox 967 2487 1142 2533; x_wconf 73' lang='lat' dir='ltr'><em>LNQST</em></span> <span class='ocrx_word' id='word_1_328' title='bbox 1290 2486 1465 2531; x_wconf 86' lang='lat' dir='ltr'>simulque</span> <span class='ocrx_word' id='word_1_329' title='bbox 1494 2486 1579 2531; x_wconf 80' lang='grc' dir='ltr'><em>ΩΤυ</em></span> <span class='ocrx_word' id='word_1_330' title='bbox 1743 2494 1821 2518; x_wconf 86' lang='lat' dir='ltr'>con-</span> 
     </span>
     <span class='ocr_line' id='line_1_34' title="bbox 309 2541 1734 2591; baseline -0.004 -11"><span class='ocrx_word' id='word_1_331' title='bbox 309 2547 424 2590; x_wconf 87' lang='lat' dir='ltr'>guunt</span> <span class='ocrx_word' id='word_1_332' title='bbox 451 2546 483 2579; x_wconf 92' lang='lat' dir='ltr'><em>T</em></span> <span class='ocrx_word' id='word_1_333' title='bbox 667 2546 842 2590; x_wconf 78' lang='lat' dir='ltr'>simulque</span> <span class='ocrx_word' id='word_1_334' title='bbox 867 2547 1078 2580; x_wconf 89' lang='lat' dir='ltr'>concurrunt</span> <span class='ocrx_word' id='word_1_335' title='bbox 1105 2556 1170 2579; x_wconf 87' lang='lat' dir='ltr'>om.</span> <span class='ocrx_word' id='word_1_336' title='bbox 1199 2545 1267 2591; x_wconf 89' lang='grc' dir='ltr'><em>ΩΤ</em></span> <span class='ocrx_word' id='word_1_337' title='bbox 1426 2544 1469 2578; x_wconf 84' lang='grc'>13</span> <span class='ocrx_word' id='word_1_338' title='bbox 1494 2541 1673 2577; x_wconf 82' lang='lat' dir='ltr'>audientis</span> <span class='ocrx_word' id='word_1_339' title='bbox 1701 2542 1734 2575; x_wconf 92' lang='grc' dir='ltr'><em>Τ</em></span> 
     </span>
     <span class='ocr_line' id='line_1_35' title="bbox 310 2599 1823 2648; baseline -0.003 -11"><span class='ocrx_word' id='word_1_340' title='bbox 310 2603 354 2638; x_wconf 86' lang='grc'>14</span> <span class='ocrx_word' id='word_1_341' title='bbox 378 2603 617 2648; x_wconf 85' lang='lat' dir='ltr'>inritetusque</span> <span class='ocrx_word' id='word_1_342' title='bbox 644 2603 699 2644; x_wconf 84' lang='lat' dir='ltr'>S¹,</span> <span class='ocrx_word' id='word_1_343' title='bbox 723 2603 971 2648; x_wconf 87' lang='lat' dir='ltr'>inpeditosque</span> <span class='ocrx_word' id='word_1_344' title='bbox 996 2603 1078 2644; x_wconf 87' lang='lat' dir='ltr'>NT,</span> <span class='ocrx_word' id='word_1_345' title='bbox 1104 2602 1379 2647; x_wconf 85' lang='lat' dir='ltr'>impetitosquae</span> <span class='ocrx_word' id='word_1_346' title='bbox 1407 2601 1436 2646; x_wconf 87' lang='grc' dir='ltr'><em>Ω</em></span> <span class='ocrx_word' id='word_1_347' title='bbox 1647 2599 1752 2633; x_wconf 88' lang='lat' dir='ltr'>obuia</span> <span class='ocrx_word' id='word_1_348' title='bbox 1778 2609 1823 2633; x_wconf 69' lang='lat' dir='ltr'>ea:</span> 
     </span>
     <span class='ocr_line' id='line_1_36' title="bbox 308 2655 1734 2704; baseline -0.004 -9"><span class='ocrx_word' id='word_1_349' title='bbox 308 2661 391 2695; x_wconf 84' lang='lat' dir='ltr'>ouia</span> <span class='ocrx_word' id='word_1_350' title='bbox 416 2660 445 2695; x_wconf 90' lang='lat' dir='ltr'><strong><em>S</em></strong></span> <span class='ocrx_word' id='word_1_351' title='bbox 466 2672 510 2695; x_wconf 85' lang='lat' dir='ltr'>m.</span> <span class='ocrx_word' id='word_1_352' title='bbox 537 2663 563 2695; x_wconf 75' lang='lat'><em>2</em></span> <span class='ocrx_word' id='word_1_353' title='bbox 720 2671 842 2694; x_wconf 86' lang='lat' dir='ltr'>auerso</span> <span class='ocrx_word' id='word_1_354' title='bbox 873 2660 906 2694; x_wconf 88' lang='lat' dir='ltr'><strong><em>T</em></strong></span> <span class='ocrx_word' id='word_1_355' title='bbox 1064 2659 1214 2704; x_wconf 87' lang='lat' dir='ltr'>martyri</span> <span class='ocrx_word' id='word_1_356' title='bbox 1241 2659 1285 2694; x_wconf 88' lang='lat' dir='ltr'><strong><em>S¹</em></strong></span> <span class='ocrx_word' id='word_1_357' title='bbox 1424 2658 1467 2692; x_wconf 85' lang='lat'>15</span> <span class='ocrx_word' id='word_1_358' title='bbox 1490 2657 1587 2691; x_wconf 85' lang='lat' dir='ltr'>tanti</span> <span class='ocrx_word' id='word_1_359' title='bbox 1611 2667 1675 2691; x_wconf 84' lang='lat' dir='ltr'>om.</span> <span class='ocrx_word' id='word_1_360' title='bbox 1704 2655 1734 2691; x_wconf 91' lang='lat' dir='ltr'><strong><em>S</em></strong></span> 
     </span>
     <span class='ocr_line' id='line_1_37' title="bbox 311 2713 1821 2763; baseline -0.004 -11"><span class='ocrx_word' id='word_1_361' title='bbox 311 2718 353 2752; x_wconf 82' lang='lat'>17</span> <span class='ocrx_word' id='word_1_362' title='bbox 380 2717 542 2763; x_wconf 86' lang='lat' dir='ltr'>imperia]</span> <span class='ocrx_word' id='word_1_363' title='bbox 569 2718 606 2752; x_wconf 86' lang='lat' dir='ltr'>in</span> <span class='ocrx_word' id='word_1_364' title='bbox 631 2718 750 2762; x_wconf 85' lang='lat' dir='ltr'>patria</span> <span class='ocrx_word' id='word_1_365' title='bbox 778 2718 844 2763; x_wconf 92' lang='grc' dir='ltr'>ΩΤ</span> <span class='ocrx_word' id='word_1_366' title='bbox 979 2716 1229 2752; x_wconf 84' lang='lat' dir='ltr'>deuinciuntur</span> <span class='ocrx_word' id='word_1_367' title='bbox 1254 2727 1385 2762; x_wconf 85' lang='lat' dir='ltr'>poenae</span> <span class='ocrx_word' id='word_1_368' title='bbox 1412 2715 1456 2757; x_wconf 85' lang='lat' dir='ltr'>S,</span> <span class='ocrx_word' id='word_1_369' title='bbox 1483 2713 1685 2749; x_wconf 87' lang='lat' dir='ltr'>deuincitur</span> <span class='ocrx_word' id='word_1_370' title='bbox 1709 2723 1821 2757; x_wconf 86' lang='lat' dir='ltr'>poena</span> 
     </span>
     <span class='ocr_line' id='line_1_38' title="bbox 310 2771 1734 2821; baseline -0.004 -11"><span class='ocrx_word' id='word_1_371' title='bbox 310 2776 478 2821; x_wconf 73' lang='lat' dir='ltr'><strong><em>LNQTv</em></strong></span> <span class='ocrx_word' id='word_1_372' title='bbox 623 2776 730 2820; x_wconf 88' lang='lat' dir='ltr'>mors]</span> <span class='ocrx_word' id='word_1_373' title='bbox 757 2786 852 2809; x_wconf 88' lang='lat' dir='ltr'>more</span> <span class='ocrx_word' id='word_1_374' title='bbox 883 2777 914 2809; x_wconf 91' lang='lat' dir='ltr'><em>T</em></span> <span class='ocrx_word' id='word_1_375' title='bbox 1050 2775 1226 2809; x_wconf 86' lang='lat' dir='ltr'>subicitur</span> <span class='ocrx_word' id='word_1_376' title='bbox 1253 2775 1338 2820; x_wconf 81' lang='grc' dir='ltr'><em>ΩΤυ</em></span> <span class='ocrx_word' id='word_1_377' title='bbox 1480 2773 1523 2807; x_wconf 85' lang='grc'>18</span> <span class='ocrx_word' id='word_1_378' title='bbox 1541 2772 1584 2816; x_wconf 87' lang='lat' dir='ltr'>si]</span> <span class='ocrx_word' id='word_1_379' title='bbox 1612 2771 1672 2805; x_wconf 88' lang='lat' dir='ltr'>sed</span> <span class='ocrx_word' id='word_1_380' title='bbox 1702 2772 1734 2805; x_wconf 93' lang='grc' dir='ltr'><em>Τ</em></span> 
     </span>
     <span class='ocr_line' id='line_1_39' title="bbox 311 2828 1733 2878; baseline -0.004 -10"><span class='ocrx_word' id='word_1_381' title='bbox 311 2835 355 2868; x_wconf 88' lang='grc'>19</span> <span class='ocrx_word' id='word_1_382' title='bbox 381 2833 528 2868; x_wconf 90' lang='lat' dir='ltr'>obsistit</span> <span class='ocrx_word' id='word_1_383' title='bbox 553 2833 609 2874; x_wconf 87' lang='lat' dir='ltr'>S¹,</span> <span class='ocrx_word' id='word_1_384' title='bbox 634 2833 843 2868; x_wconf 83' lang='lat' dir='ltr'>absistimus</span> <span class='ocrx_word' id='word_1_385' title='bbox 871 2833 939 2878; x_wconf 90' lang='grc' dir='ltr'>ΩΤ</span> <span class='ocrx_word' id='word_1_386' title='bbox 1131 2832 1196 2867; x_wconf 88' lang='lat' dir='ltr'>hoc</span> <span class='ocrx_word' id='word_1_387' title='bbox 1222 2832 1353 2867; x_wconf 88' lang='lat' dir='ltr'>uestris</span> <span class='ocrx_word' id='word_1_388' title='bbox 1378 2842 1423 2866; x_wconf 89' lang='lat' dir='ltr'>m.</span> <span class='ocrx_word' id='word_1_389' title='bbox 1448 2829 1638 2875; x_wconf 87' lang='lat' dir='ltr'>ponderati</span> <span class='ocrx_word' id='word_1_390' title='bbox 1665 2828 1733 2874; x_wconf 81' lang='grc' dir='ltr'><em>ΩΤ</em></span> 
     </span>
     <span class='ocr_line' id='line_1_40' title="bbox 310 2890 583 2936; baseline 0 -11"><span class='ocrx_word' id='word_1_391' title='bbox 310 2890 358 2925; x_wconf 86' lang='grc'>20</span> <span class='ocrx_word' id='word_1_392' title='bbox 379 2890 520 2936; x_wconf 86' lang='lat' dir='ltr'>percipe</span> <span class='ocrx_word' id='word_1_393' title='bbox 550 2891 583 2925; x_wconf 92' lang='grc' dir='ltr'><em>Τ</em></span> 
     </span>
    </p>
   </div>
  </div>
 </body>
</html>
